{"host":"3vgzk5mhz751jdrj","time":1609492482,"event":{"mods":["2.2 Compatiblity","AchievementEnabler","Act Like it!","Aspiration","BaseMod","Better Match","Better Note","Better Sensory Stone","Better Skull","Better Third Choice","Block Reminder","Colored Map","Conspire","Displayed Cursed Tome","Downfall","Downfall-Rebalance","Friendly Minions","GifTheSpireLib","Halation","Hubris","Marked Mod","Mimic Mod","Minty Spire (QoL Compilation)","Quick Restart","Rare Cards Sparkle","Replay The Spire","Reworked Bosses","Shop Mod","Spicy Shops","Spikes Relics","StSLib","Stuff the Spire","The Marked","Trackpad","vexMod"],"gold_per_floor":[116,133,16,27,43,76,76,76,101,14,14,14,39,55,55,159,159,159,170,170,170,200,231,231,245,281,281,281],"floor_reached":27,"playtime":1246,"items_purged":[],"score":241,"play_id":"9bfc3d85-d6b6-4ac8-848c-11b4d0cf0684","local_time":"20210101041442","is_ascension_mode":false,"campfire_choices":[{"data":"theMarked:SoldierForm","floor":7,"key":"SMITH"},{"floor":12,"key":"REST"},{"floor":15,"key":"REST"},{"floor":24,"key":"REST"}],"circlet_count":0,"master_deck":["theMarked:Strike","theMarked:Strike","theMarked:Strike","theMarked:Strike","theMarked:Defend","theMarked:Defend","theMarked:Defend","theMarked:Defend","theMarked:SoldierOfQuellstein+1","theMarked:GodGivenPower","theMarked:Aftermath","theMarked:Electrocute+1","theMarked:Aftermath","theMarked:SoldierForm+1","expansioncontent:CaCaw","theMarked:EmpowerWeapon","theMarked:Defy+1","theMarked:ContemptForTheProud+1","theMarked:ComboAttacks","theMarked:SummonStrength","theMarked:AttractMetal+1"],"relics":["theMarked:ArtifactOfAir","NeowsBlessing","StuffTheSpire:Rhapsscallions","aspiration:BabyByrd","RetroEgg","Ring of Chaos","trackpad:GuardianSpirit","Unceasing Top","StuffTheSpire:RubySignet"],"acts_visited":["Exordium","TheCity"],"potions_floor_usage":[6,14,16,18,26],"damage_taken":[{"damage":0,"enemies":"Cultist","floor":1,"turns":1},{"damage":0,"enemies":"Small Slimes","floor":2,"turns":1},{"damage":2,"enemies":"2 Louse","floor":4,"turns":2},{"damage":4,"enemies":"2 Fungi Beasts","floor":5,"turns":3},{"damage":34,"enemies":"Gremlin Nob","floor":6,"turns":4},{"damage":53,"enemies":"3 Sentries","floor":13,"turns":7},{"damage":0,"enemies":"3 Louse","floor":14,"turns":2},{"damage":2,"enemies":"Fading Forest","floor":16,"turns":11},{"damage":0,"enemies":"Shell Parasite","floor":18,"turns":1},{"damage":25,"enemies":"Spheric Guardian","floor":19,"turns":4},{"damage":15,"enemies":"Snecko","floor":22,"turns":5},{"damage":44,"enemies":"Gremlin Leader","floor":23,"turns":7},{"damage":3,"enemies":"Snecko","floor":25,"turns":3},{"damage":6,"enemies":"Cultist and Chosen","floor":26,"turns":5},{"damage":107,"enemies":"Book of Stabbing","floor":27,"turns":6}],"seed_played":"3477628570539305596","potions_obtained":[{"floor":1,"key":"Ancient Potion"},{"floor":4,"key":"ColorlessPotion"},{"floor":13,"key":"Explosive Potion"},{"floor":16,"key":"SmokeBomb"},{"floor":19,"key":"Toxic Potion"},{"floor":23,"key":"Guardian:BlockOnCardUsePotion"}],"is_trial":false,"path_per_floor":["M","M","$","M","M","E","R","?","T","$","?","R","E","M","R","B",null,"M","M","?","?","MIM","E","R","M","MIM","E"],"character_chosen":"THE_DEFAULT","items_purchased":["theMarked:Aftermath","theMarked:Electrocute+1","expansioncontent:CaCaw"],"campfire_rested":3,"item_purchase_floors":[3,3,10],"current_hp_per_floor":[70,70,70,68,64,34,34,34,34,34,34,56,3,3,25,33,74,74,49,49,49,34,13,35,32,26,0,0],"gold":281,"neow_bonus":"THREE_ENEMY_KILL","is_daily":false,"chose_seed":false,"campfire_upgraded":1,"win_rate":0.0,"timestamp":1609492482,"path_taken":["M","?","$","M","M","E","R","?","T","$","?","R","E","M","R","BOSS","M","M","?","?","?","E","R","M","MIM","E"],"items_purchased_type":["Card","Card","Card"],"build_version":"2020-12-22","purchased_purges":0,"victory":false,"max_hp_per_floor":[70,70,70,70,70,74,74,74,74,74,74,74,74,74,74,74,74,74,74,74,74,74,74,74,74,74,74,74],"card_choices":[{"not_picked":["theMarked:Seal","theMarked:WardOff"],"picked":"theMarked:EmpowerWeapon","floor":1},{"not_picked":["theMarked:Panic","theMarked:Parkour"],"picked":"theMarked:GodGivenPower","floor":2},{"not_picked":["theMarked:SwordAndMagic","theMarked:ElectricStrings"],"picked":"theMarked:Aftermath","floor":4},{"not_picked":["theMarked:BanishingStrike","theMarked:WardOff","theMarked:Static"],"picked":"SKIP","floor":5},{"not_picked":["theMarked:ElectricStrings","theMarked:ReduceFriction"],"picked":"theMarked:SoldierForm","floor":6},{"not_picked":["theMarked:Overthink","theMarked:HeightenedSenses","theMarked:WastefulDefense"],"picked":"SKIP","floor":13},{"not_picked":["theMarked:Electrify","theMarked:HeightenedSenses"],"picked":"theMarked:EmpowerWeapon","floor":14},{"not_picked":["theMarked:ChannelForce","theMarked:Vacuum"],"picked":"theMarked:Defy","floor":16},{"not_picked":["theMarked:DeterminationOfTheMarked","theMarked:TwofoldDefense"],"picked":"theMarked:ContemptForTheProud+1","floor":19},{"not_picked":["theMarked:Parkour","theMarked:HeightenedSenses"],"picked":"theMarked:ComboAttacks","floor":22},{"not_picked":["theMarked:Improvise","theMarked:Aftermath+1"],"picked":"theMarked:SummonStrength","floor":23},{"not_picked":["theMarked:CreepingChasm","theMarked:ElectricStrings+1","theMarked:EnhancedHearing"],"picked":"SKIP","floor":25},{"not_picked":["theMarked:CreepingChasm","theMarked:ElectricStrings+1","theMarked:EnhancedHearing"],"picked":"SKIP","floor":25},{"not_picked":["theMarked:Parry+1","theMarked:WastefulAttack"],"picked":"theMarked:AttractMetal","floor":26}],"player_experience":403449,"relics_obtained":[{"floor":6,"key":"StuffTheSpire:Rhapsscallions"},{"floor":13,"key":"RetroEgg"},{"floor":22,"key":"trackpad:GuardianSpirit"},{"floor":23,"key":"Unceasing Top"},{"floor":26,"key":"StuffTheSpire:RubySignet"}],"event_choices":[{"damage_healed":0,"gold_gain":0,"player_choice":"Upgraded","damage_taken":0,"max_hp_gain":0,"max_hp_loss":0,"event_name":"Upgrade Shrine","floor":20,"gold_loss":0,"cards_upgraded":["theMarked:Defy"]},{"cards_removed":["theMarked:EmpowerWeapon"],"damage_healed":0,"gold_gain":0,"player_choice":"Purged","damage_taken":0,"max_hp_gain":0,"max_hp_loss":0,"event_name":"Purifier","floor":21,"gold_loss":0}],"is_beta":false,"boss_relics":[{"not_picked":["hubris:GrandSneckoEye","vexMod:EndlessSickness"],"picked":"Ring of Chaos"}],"items_purged_floors":[],"is_endless":false,"potions_floor_spawned":[1,4,13,16,19,23,25],"killed_by":"Book of Stabbing","ascension_level":0}}