{"host":"344lv32hnei0mdhu","time":1609492887,"event":{"mods":["Act Like it!","BaseMod","Better Match","Better Sensory Stone","Better Skull","Better Third Choice","Better Vampires","Colored Powertips","Highlight Path","Minty Spire (QoL Compilation)","Quick Restart","Random Character Button","Rare Cards Sparkle","StSLib"],"gold_per_floor":[117,117,35,35,50,78,3,3,3,28,48,58,58,78,78,178,178,190,33,46,60,60,60],"floor_reached":22,"playtime":985,"items_purged":[],"score":320,"play_id":"38593cb9-ca2e-4d9e-b119-4eeb1f25854d","local_time":"20210101032127","is_ascension_mode":true,"campfire_choices":[{"data":"Disarm","floor":8.0,"key":"SMITH"},{"data":"Metallicize","floor":15.0,"key":"SMITH"}],"circlet_count":0,"master_deck":["Strike_R","Strike_R","Strike_R","Strike_R","Strike_R","Defend_R","Defend_R","Defend_R","Defend_R","Bash","Pummel","Metallicize+1","Power Through","Disarm+1","Impervious+1","Immolate+1","Berserk+1","Limit Break","Shrug It Off","Anger","Demon Form","Fire Breathing+1","Armaments+1"],"relics":["Burning Blood","NeowsBlessing","Happy Flower","Shuriken","Pantograph","FaceOfCleric","HandDrill"],"acts_visited":["Exordium","TheCity"],"potions_floor_usage":[18,18,20,21],"damage_taken":[{"damage":0.0,"enemies":"Jaw Worm","floor":1.0,"turns":1.0},{"damage":0.0,"enemies":"Small Slimes","floor":5.0,"turns":1.0},{"damage":0.0,"enemies":"Gremlin Nob","floor":6.0,"turns":1.0},{"damage":6.0,"enemies":"Lagavulin","floor":10.0,"turns":6.0},{"damage":0.0,"enemies":"2 Louse","floor":11.0,"turns":1.0},{"damage":3.0,"enemies":"Red Slaver","floor":12.0,"turns":5.0},{"damage":0.0,"enemies":"2 Fungi Beasts","floor":14.0,"turns":2.0},{"damage":24.0,"enemies":"The Guardian","floor":16.0,"turns":14.0},{"damage":15,"enemies":"2 Thieves","floor":18,"turns":4},{"damage":15,"enemies":"Shell Parasite","floor":20,"turns":4},{"damage":30,"enemies":"Cultist and Chosen","floor":21,"turns":7},{"damage":32,"enemies":"Snecko","floor":22,"turns":7}],"seed_played":"-8492088287660712504","potions_obtained":[{"floor":5.0,"key":"Strength Potion"},{"floor":11.0,"key":"Strength Potion"},{"floor":12.0,"key":"SpeedPotion"},{"floor":16.0,"key":"Energy Potion"},{"floor":20,"key":"DistilledChaos"}],"is_trial":false,"path_per_floor":["M","?","$","?","M","E","?","R","T","E","M","M","?","M","R","B",null,"M","$","M","M","M"],"character_chosen":"IRONCLAD","items_purchased":["Metallicize","HandDrill"],"campfire_rested":0,"item_purchase_floors":[3,19],"current_hp_per_floor":[78,78,78,78,80,80,80,80,80,80,80,80,80,81,81,64,78,70,70,62,39,7,7],"gold":60,"neow_bonus":"THREE_ENEMY_KILL","is_daily":false,"chose_seed":false,"campfire_upgraded":2,"win_rate":0.0,"timestamp":1609492887,"path_taken":["M","?","$","?","M","E","?","R","T","E","M","M","?","M","R","BOSS","M","$","?","M","M"],"items_purchased_type":["Card","Relic"],"build_version":"2020-12-22","purchased_purges":0,"victory":false,"max_hp_per_floor":[80,80,80,80,80,80,80,80,80,80,80,80,80,81,81,82,82,83,83,84,85,85,85],"card_choices":[{"not_picked":["Anger","Flex"],"picked":"Pummel","floor":1.0},{"not_picked":["Clash","Headbutt"],"picked":"Power Through","floor":5.0},{"not_picked":["Clash","Body Slam"],"picked":"Disarm","floor":6.0},{"not_picked":["Exhume+1","Juggernaut+1"],"picked":"Impervious+1","floor":7.0},{"not_picked":["Offering+1","Reaper+1"],"picked":"Immolate+1","floor":7.0},{"not_picked":["Barricade+1","Reaper+1"],"picked":"Berserk+1","floor":7.0},{"not_picked":["Cleave","Armaments"],"picked":"Limit Break","floor":10.0},{"not_picked":["Sword Boomerang","Feel No Pain"],"picked":"Shrug It Off","floor":11.0},{"not_picked":["Burning Pact","Entrench"],"picked":"Anger","floor":12.0},{"not_picked":["Pommel Strike","Feel No Pain","Blood for Blood"],"picked":"SKIP","floor":14.0},{"not_picked":["Impervious","Brutality"],"picked":"Demon Form","floor":16.0},{"not_picked":["Anger","Twin Strike+1"],"picked":"Fire Breathing+1","floor":18},{"not_picked":["Headbutt","Havoc"],"picked":"Armaments+1","floor":20},{"not_picked":["Armaments+1","Iron Wave","Feel No Pain"],"picked":"SKIP","floor":21}],"player_experience":294211,"relics_obtained":[{"floor":6.0,"key":"Happy Flower"},{"floor":9.0,"key":"Shuriken"},{"floor":10.0,"key":"Pantograph"}],"event_choices":[{"damage_healed":0.0,"max_hp_gain":0.0,"max_hp_loss":0.0,"gold_gain":0.0,"event_name":"Golden Wing","player_choice":"Ignored","floor":2.0,"gold_loss":0.0,"damage_taken":0.0},{"damage_healed":0.0,"max_hp_gain":0.0,"max_hp_loss":0.0,"gold_gain":0.0,"event_name":"The Cleric","player_choice":"Leave","floor":4.0,"gold_loss":0.0,"damage_taken":0.0},{"damage_healed":0.0,"max_hp_gain":0.0,"max_hp_loss":0.0,"gold_gain":0.0,"event_name":"betterMatch:BetterMatch","player_choice":"3","floor":7.0,"gold_loss":0.0,"damage_taken":0.0,"cards_obtained":["betterMatch:RareCard"]},{"damage_healed":0.0,"max_hp_gain":0.0,"max_hp_loss":0.0,"gold_gain":0.0,"event_name":"FaceTrader","player_choice":"Trade","floor":13.0,"gold_loss":0.0,"damage_taken":0.0,"relics_obtained":["FaceOfCleric"]}],"is_beta":false,"boss_relics":[{"not_picked":["Runic Dome","Fusion Hammer","Philosopher\u0027s Stone"]}],"items_purged_floors":[],"is_endless":false,"potions_floor_spawned":[5,11,12,16,20],"killed_by":"Snecko","ascension_level":9}}