{"host":"65a95dzim48ko8ke","time":1609475962,"event":{"mods":["BaseMod","Better Third Choice","Colored Powertips","Hermit","Minty Spire (QoL Compilation)","Quick Restart","Rare Cards Sparkle","Spicy Shops","StSLib"],"gold_per_floor":[115,129,129,142,62,96,96,126,153,172,190,190,204,227,227,328,328,344,344,344,344,357,357,375,406,429,429,429,444,77,182,182,292,292,304,34,83,0,14,46,63,83,83,83,97,119,41,59,59,59],"floor_reached":51,"playtime":3450,"items_purged":[],"score":761,"play_id":"d43db11a-390c-4edf-aaa4-4379982ada61","local_time":"20210101133922","is_ascension_mode":false,"campfire_choices":[{"data":"hermit:Determination","floor":15.0,"key":"SMITH"},{"data":"hermit:Showdown","floor":23.0,"key":"SMITH"},{"data":"hermit:FlashPowder","floor":27.0,"key":"SMITH"},{"data":"hermit:Cheat","floor":32.0,"key":"SMITH"},{"data":"hermit:Brawl","floor":49,"key":"SMITH"}],"circlet_count":0,"master_deck":["hermit:Strike_Hermit+1","hermit:Strike_Hermit+1","hermit:Strike_Hermit+1","hermit:Defend_Hermit+1","hermit:Defend_Hermit+1","hermit:Defend_Hermit+1","hermit:Defend_Hermit+1","hermit:Snapshot","hermit:Covet","hermit:Quickdraw","hermit:LowProfile","hermit:Cheat+1","hermit:Scavenge","hermit:Gambit","hermit:Determination+1","hermit:NoHoldsBarred","hermit:Grudge","hermit:FlashPowder+1","hermit:Showdown+1","hermit:FinalCanter","hermit:HoleUp+1","hermit:FinalCanter","hermit:GhostlyPresence","hermit:RoundhouseKick","hermit:FinalCanter","Parasite","hermit:Deadeye","hermit:Dissolve","hermit:Desperado","hermit:Malice","hermit:RoundhouseKick","hermit:Dive+1","hermit:FullyLoaded+1","hermit:BodyArmor+1","hermit:Gambit","hermit:Coalescence+1","hermit:Brawl+1","hermit:BlackWind","hermit:Determination+1","hermit:Desperado","hermit:HighCaliber+1"],"relics":["hermit:Momento","Vajra","Tiny Chest","Coffee Dripper","Potion Belt","Nloth\u0027s Gift","Pen Nib","Ancient Tea Set","Mummified Hand","Juzu Bracelet","Happy Flower","Omamori","Torii","Eternal Feather","Runic Pyramid","Bag of Preparation","DollysMirror","Ice Cream","Red Mask","Oddly Smooth Stone","Prayer Wheel","Meat on the Bone","Boot"],"acts_visited":["Exordium","TheCity","TheBeyond"],"potions_floor_usage":[50,50,50,50],"damage_taken":[{"damage":0.0,"enemies":"Cultist","floor":1.0,"turns":3.0},{"damage":0.0,"enemies":"Small Slimes","floor":2.0,"turns":2.0},{"damage":1.0,"enemies":"Jaw Worm","floor":4.0,"turns":3.0},{"damage":50.0,"enemies":"Lagavulin","floor":6.0,"turns":9.0},{"damage":21.0,"enemies":"Gremlin Nob","floor":8.0,"turns":5.0},{"damage":0.0,"enemies":"Lots of Slimes","floor":10.0,"turns":2.0},{"damage":3.0,"enemies":"Exordium Wildlife","floor":11.0,"turns":4.0},{"damage":0.0,"enemies":"3 Louse","floor":13.0,"turns":2.0},{"damage":0.0,"enemies":"Red Slaver","floor":14.0,"turns":4.0},{"damage":46.0,"enemies":"The Guardian","floor":16.0,"turns":10.0},{"damage":0.0,"enemies":"Shell Parasite","floor":18.0,"turns":5.0},{"damage":0.0,"enemies":"Chosen","floor":22.0,"turns":3.0},{"damage":5.0,"enemies":"3 Cultists","floor":24.0,"turns":4.0},{"damage":18.0,"enemies":"Book of Stabbing","floor":25.0,"turns":5.0},{"damage":0.0,"enemies":"Centurion and Healer","floor":29.0,"turns":5.0},{"damage":3.0,"enemies":"Colosseum Slavers","floor":31.0,"turns":3.0},{"damage":0.0,"enemies":"Colosseum Nobs","floor":31.0,"turns":4.0},{"damage":59.0,"enemies":"Automaton","floor":33.0,"turns":10.0},{"damage":1.0,"enemies":"Orb Walker","floor":35.0,"turns":4.0},{"damage":12.0,"enemies":"2 Orb Walkers","floor":37.0,"turns":5.0},{"damage":5.0,"enemies":"3 Shapes","floor":39.0,"turns":6.0},{"damage":33.0,"enemies":"Giant Head","floor":40.0,"turns":8.0},{"damage":7.0,"enemies":"3 Darklings","floor":41.0,"turns":4.0},{"damage":0.0,"enemies":"Transient","floor":42.0,"turns":5.0},{"damage":7.0,"enemies":"4 Shapes","floor":45.0,"turns":3.0},{"damage":0,"enemies":"Maw","floor":46,"turns":7},{"damage":1,"enemies":"Jaw Worm Horde","floor":48,"turns":3},{"damage":31,"enemies":"Time Eater","floor":50,"turns":9}],"seed_played":"7775082919872043244","potions_obtained":[{"floor":1.0,"key":"GamblersBrew"},{"floor":2.0,"key":"Explosive Potion"},{"floor":11.0,"key":"LiquidBronze"},{"floor":12.0,"key":"EntropicBrew"},{"floor":12.0,"key":"Fire Potion"},{"floor":16.0,"key":"PowerPotion"},{"floor":18.0,"key":"Dexterity Potion"},{"floor":29.0,"key":"ColorlessPotion"},{"floor":31.0,"key":"GamblersBrew"},{"floor":33.0,"key":"SkillPotion"},{"floor":37.0,"key":"SkillPotion"},{"floor":40.0,"key":"AttackPotion"},{"floor":42.0,"key":"ColorlessPotion"},{"floor":46,"key":"CultistPotion"},{"floor":48,"key":"Regen Potion"}],"is_trial":false,"path_per_floor":["M","M","?","M","$","E","?","E","T","M","M","?","M","M","R","B",null,"M","T","?","?","M","R","M","E","T","R","T","M","$","?","R","B",null,"M","$","?","?","M","E","M","M","T","T","M","M","$","M","R","B",null],"character_chosen":"HERMIT","items_purchased":["hermit:Scavenge","Juzu Bracelet","Happy Flower","Omamori","hermit:Malice","Bag of Preparation","DollysMirror","Boot"],"campfire_rested":0,"item_purchase_floors":[5,30,30,30,36,36,36,47],"current_hp_per_floor":[82,82,82,81,81,31,82,61,68,68,65,65,65,65,65,19,89,89,89,89,89,89,89,84,66,66,66,66,66,66,63,78,19,89,88,88,76,76,71,38,31,31,31,31,36,48,48,47,71,55],"gold":59,"neow_bonus":"TEN_PERCENT_HP_BONUS","is_daily":false,"chose_seed":false,"campfire_upgraded":5,"win_rate":0.0,"timestamp":1609475962,"path_taken":["M","M","?","M","?","E","?","E","T","?","M","?","M","?","R","BOSS","M","?","?","?","M","R","?","E","T","R","?","M","$","?","R","BOSS","M","$","?","?","M","E","M","M","T","?","M","M","$","M","R","BOSS"],"items_purchased_type":["Card","Relic","Relic","Relic","Card","Relic","Relic","Relic"],"build_version":"2020-12-22","purchased_purges":0,"victory":true,"max_hp_per_floor":[82,82,82,82,82,82,82,82,89,89,89,89,89,89,89,89,89,89,89,89,89,89,89,89,89,89,89,89,89,89,89,89,89,89,89,89,89,89,89,89,89,89,89,89,89,89,89,89,89,89],"card_choices":[{"not_picked":["hermit:Spite","hermit:Brawl"],"picked":"hermit:Quickdraw","floor":1.0},{"not_picked":["hermit:Quickdraw","hermit:CalledShot"],"picked":"hermit:LowProfile","floor":2.0},{"not_picked":["hermit:Glare","hermit:Manifest"],"picked":"hermit:Cheat","floor":4.0},{"not_picked":["hermit:LowProfile","hermit:LuckOfTheDraw"],"picked":"hermit:Gambit","floor":6.0},{"not_picked":["hermit:HighCaliber","hermit:Ricochet"],"picked":"hermit:Determination","floor":8.0},{"not_picked":["hermit:Desperado","hermit:Quickdraw"],"picked":"hermit:NoHoldsBarred","floor":10.0},{"not_picked":["hermit:FullyLoaded","hermit:Feint"],"picked":"hermit:Grudge","floor":11.0},{"not_picked":["hermit:Snipe","hermit:LuckOfTheDraw"],"picked":"hermit:FlashPowder","floor":13.0},{"not_picked":["hermit:ItchyTrigger","hermit:Glare"],"picked":"hermit:Showdown","floor":14.0},{"not_picked":["hermit:Gambit","hermit:Purgatory"],"picked":"hermit:FinalCanter","floor":16.0},{"not_picked":["hermit:Misfire","hermit:LowProfile"],"picked":"hermit:HoleUp+1","floor":18.0},{"not_picked":["hermit:TrackingShot+1","hermit:FlashPowder"],"picked":"hermit:FinalCanter","floor":22.0},{"not_picked":["hermit:Showdown","hermit:Brawl"],"picked":"hermit:GhostlyPresence","floor":24.0},{"not_picked":["hermit:Manifest","hermit:Scavenge"],"picked":"hermit:RoundhouseKick","floor":25.0},{"not_picked":["hermit:Feint","hermit:Malice"],"picked":"hermit:FinalCanter","floor":29.0},{"not_picked":["hermit:Quickdraw","hermit:FlashPowder"],"picked":"hermit:Deadeye","floor":31.0},{"not_picked":["hermit:Magnum","hermit:FinalCanter"],"picked":"hermit:Dissolve","floor":33.0},{"not_picked":["hermit:Feint+1","hermit:Brawl+1"],"picked":"hermit:Desperado","floor":35.0},{"not_picked":["hermit:Desperado","hermit:TakeCover"],"picked":"hermit:Dive+1","floor":37.0},{"not_picked":["hermit:WideOpen","hermit:Quickdraw","hermit:Coalescence"],"picked":"SKIP","floor":39.0},{"not_picked":["hermit:HighCaliber","hermit:Glare+1"],"picked":"hermit:FullyLoaded+1","floor":40.0},{"not_picked":["hermit:SprayPray","hermit:BigShot+1"],"picked":"hermit:BodyArmor+1","floor":41.0},{"not_picked":["hermit:GhostlyPresence+1","hermit:Gestalt"],"picked":"hermit:Gambit","floor":42.0},{"not_picked":["hermit:Roulette","hermit:Ricochet"],"picked":"hermit:Coalescence+1","floor":45},{"not_picked":["hermit:CursedWeapon","hermit:Gestalt+1"],"picked":"hermit:Brawl","floor":45},{"not_picked":["hermit:Spite+1","hermit:Vantage+1"],"picked":"hermit:BlackWind","floor":46},{"not_picked":["hermit:Quickdraw+1","hermit:Enervate"],"picked":"hermit:Determination+1","floor":46},{"not_picked":["hermit:Quickdraw","hermit:ItchyTrigger+1"],"picked":"hermit:Desperado","floor":48},{"not_picked":["hermit:CursedWeapon","hermit:BodyArmor+1"],"picked":"hermit:HighCaliber+1","floor":48}],"player_experience":285294,"relics_obtained":[{"floor":6.0,"key":"Vajra"},{"floor":8.0,"key":"Tiny Chest"},{"floor":9.0,"key":"Strawberry"},{"floor":19.0,"key":"Potion Belt"},{"floor":25.0,"key":"Pen Nib"},{"floor":26.0,"key":"Ancient Tea Set"},{"floor":28.0,"key":"Mummified Hand"},{"floor":31.0,"key":"Torii"},{"floor":31.0,"key":"Eternal Feather"},{"floor":37.0,"key":"Ice Cream"},{"floor":40.0,"key":"Oddly Smooth Stone"},{"floor":43.0,"key":"Prayer Wheel"},{"floor":44.0,"key":"Meat on the Bone"}],"event_choices":[{"cards_removed":["hermit:Strike_Hermit"],"damage_healed":0.0,"max_hp_gain":0.0,"max_hp_loss":0.0,"gold_gain":0.0,"event_name":"Bonfire Elementals","player_choice":"Offered Basic","floor":3.0,"gold_loss":0.0,"damage_taken":0.0},{"damage_healed":51.0,"max_hp_gain":0.0,"max_hp_loss":0.0,"gold_gain":0.0,"event_name":"Wheel of Change","player_choice":"Full Heal","floor":7.0,"gold_loss":0.0,"damage_taken":0.0},{"damage_healed":0.0,"max_hp_gain":0.0,"max_hp_loss":0.0,"gold_gain":0.0,"event_name":"Lab","player_choice":"Got Potions","floor":12.0,"gold_loss":0.0,"damage_taken":0.0},{"damage_healed":0.0,"max_hp_gain":0.0,"max_hp_loss":7.0,"gold_gain":0.0,"event_name":"betterThird:BetterWriting","player_choice":"Simplicity","floor":20.0,"gold_loss":0.0,"damage_taken":0.0},{"damage_healed":0.0,"max_hp_gain":0.0,"max_hp_loss":0.0,"gold_gain":0.0,"event_name":"N\u0027loth","player_choice":"Traded Relic","floor":21.0,"relics_lost":["Strawberry"],"gold_loss":0.0,"damage_taken":0.0,"relics_obtained":["Nloth\u0027s Gift"]},{"damage_healed":0.0,"max_hp_gain":0.0,"max_hp_loss":0.0,"gold_gain":0.0,"event_name":"Colosseum","player_choice":"Fight","floor":31.0,"gold_loss":0.0,"damage_taken":0.0},{"damage_healed":0.0,"max_hp_gain":0.0,"max_hp_loss":0.0,"gold_gain":0.0,"event_name":"Colosseum","player_choice":"Fought Nobs","floor":31.0,"gold_loss":0.0,"damage_taken":0.0},{"damage_healed":0.0,"max_hp_gain":0.0,"max_hp_loss":0.0,"gold_gain":0.0,"event_name":"Mysterious Sphere","player_choice":"Fight","floor":37.0,"gold_loss":0.0,"damage_taken":0.0},{"damage_healed":0.0,"max_hp_gain":0.0,"max_hp_loss":0.0,"gold_gain":0.0,"event_name":"Tomb of Lord Red Mask","player_choice":"Paid","floor":38.0,"gold_loss":83.0,"damage_taken":0.0,"relics_obtained":["Red Mask"]}],"is_beta":false,"boss_relics":[{"not_picked":["Black Star","Empty Cage"],"picked":"Coffee Dripper"},{"not_picked":["Tiny House","Runic Dome"],"picked":"Runic Pyramid"}],"items_purged_floors":[],"is_endless":false,"potions_floor_spawned":[1,2,11,16,18,29,31,33,37,40,42,46,48],"ascension_level":0}}