{"host":"coame8l8goqx0svj","time":1609514761,"event":{"mods":["BaseMod","Downfall","Minty Spire (QoL Compilation)","StSLib"],"gold_per_floor":[99,115,20,20,20,20,20,53,110,122,47,9,22,39,54,156,156,156,173,173,173,187,202,202,35,53,53,53,64,94,112,124,220,220,145,164,193,202,238,280,334,1,1,1,26,35,57,79,79,79,79],"floor_reached":49,"playtime":4147,"items_purged":["Guardian:Strike_Guardian"],"score":741,"play_id":"499ad7d2-e1c8-4f6a-8e9b-24ee82682177","local_time":"20210101162601","is_ascension_mode":true,"campfire_choices":[{"floor":1,"key":"RECALL"},{"data":"Guardian:CompilePackage","floor":6,"key":"SMITH"},{"floor":11,"key":"REST"},{"floor":18,"key":"DIG"},{"floor":27,"key":"DIG"},{"floor":35,"key":"DIG"},{"data":"Guardian:SpikerProtocol","floor":43,"key":"SMITH"}],"circlet_count":0,"master_deck":["Guardian:Defend_Guardian","Guardian:Defend_Guardian","Guardian:Defend_Guardian","Guardian:Defend_Guardian","Guardian:CurlUp","Guardian:TwinSlam","Guardian:ArmoredProtocol","Guardian:CompilePackage+1","Guardian:SpikerProtocol+1","Guardian:Clone","Guardian:Planning","Guardian:RevengeProtocol","Guardian:TemporalStrike","Guardian:TemporalStrike","Guardian:TemporalStrike","Guardian:ExploitGems","Guardian:ShieldCharger+1","Guardian:Orbwalk","Guardian:Reroute","Guardian:FuturePlans","Guardian:EvasiveProtocol+1","Guardian:TemporalShield","Guardian:StasisStrike","Guardian:FloatingOrbs+1","Guardian:GuardianWhirl+1","Guardian:StasisEngine","Guardian:Repulse+1","Guardian:StasisStrike+1","Guardian:Suspension+1","Guardian:TimeBomb","Guardian:Emergency+1","expansioncontent:AwakenDeath","Parasite","Guardian:MultiBeam+1","Guardian:Suspension+1","Guardian:FierceBash","Guardian:ShieldCharger+1","Guardian:ArmoredProtocol"],"relics":["Black Star","Mango","Shovel","PreservedInsect","MealTicket","Bird Faced Urn","downfall:HeartBlessingRed","SacredBark","Thread and Needle","Potion Belt","Pantograph","Bottled Flame","Astrolabe","downfall:HeartBlessingBlue","CeramicFish","Ornamental Fan","Happy Flower","Smiling Mask"],"acts_visited":["Exordium","TheCity","TheBeyond"],"potions_floor_usage":[29,33,33,40,40,44,47,49],"damage_taken":[{"damage":7,"enemies":"Small Slimes","floor":2,"turns":4},{"damage":0,"enemies":"downfall:FleeingMerchant","floor":3,"turns":4},{"damage":19,"enemies":"3 Sentries","floor":8,"turns":10},{"damage":22,"enemies":"Gremlin Nob","floor":9,"turns":4},{"damage":8,"enemies":"2 Louse","floor":10,"turns":4},{"damage":1,"enemies":"downfall:FleeingMerchant","floor":12,"turns":4},{"damage":0,"enemies":"Cultist","floor":13,"turns":3},{"damage":19,"enemies":"Exordium Thugs","floor":14,"turns":4},{"damage":7,"enemies":"Exordium Wildlife","floor":15,"turns":4},{"damage":14,"enemies":"downfall:Watcher","floor":16,"turns":7},{"damage":19,"enemies":"Shell Parasite","floor":19,"turns":5},{"damage":0,"enemies":"Spheric Guardian","floor":22,"turns":3},{"damage":6,"enemies":"Shelled Parasite and Fungi","floor":23,"turns":5},{"damage":0,"enemies":"downfall:FleeingMerchant","floor":25,"turns":4},{"damage":15,"enemies":"Snake Plant","floor":26,"turns":5},{"damage":17,"enemies":"Sentry and Sphere","floor":29,"turns":5},{"damage":20,"enemies":"Book of Stabbing","floor":30,"turns":5},{"damage":1,"enemies":"Snecko","floor":31,"turns":6},{"damage":19,"enemies":"Centurion and Healer","floor":32,"turns":6},{"damage":44,"enemies":"downfall:Ironclad","floor":33,"turns":10},{"damage":31,"enemies":"3 Shapes","floor":36,"turns":7},{"damage":16,"enemies":"Orb Walker","floor":37,"turns":5},{"damage":39,"enemies":"Writhing Mass","floor":39,"turns":6},{"damage":27,"enemies":"Nemesis","floor":40,"turns":7},{"damage":0,"enemies":"4 Shapes","floor":44,"turns":1},{"damage":70,"enemies":"Sphere and 2 Shapes","floor":45,"turns":4},{"damage":52,"enemies":"Transient","floor":47,"turns":5},{"damage":11,"enemies":"Writhing Mass","floor":48,"turns":6},{"damage":43,"enemies":"Sphere and 2 Shapes","floor":49,"turns":3}],"seed_played":"4336474060868313060","potions_obtained":[{"floor":2,"key":"Guardian:BlockOnCardUsePotion"},{"floor":9,"key":"Guardian:AcceleratePotion"},{"floor":14,"key":"DuplicationPotion"},{"floor":15,"key":"Guardian:DefensiveModePotion"},{"floor":29,"key":"SpeedPotion"},{"floor":30,"key":"SmokeBomb"},{"floor":33,"key":"LiquidMemories"},{"floor":36,"key":"champ:CounterPotion"},{"floor":45,"key":"Explosive Potion"},{"floor":48,"key":"sneckomod:MuddlingPotion"}],"is_trial":false,"path_per_floor":["R","M","$","?","?","R","T","E","?","M","R","$","M","M","M","B",null,"R","M","?","?","M","M","T","$","M","R","?","M","E","M","M","B",null,"R","M","M","?","M","E","T","?","R","M","M","?","M","M","M"],"character_chosen":"GUARDIAN","items_purchased":["Guardian:SpikerProtocol","Guardian:TemporalStrike","Guardian:FuturePlans"],"campfire_rested":1,"item_purchase_floors":[3,12,25],"current_hp_per_floor":[72,65,65,65,54,54,54,35,13,13,41,59,67,58,59,55,84,84,75,75,75,87,91,91,94,89,89,89,83,79,90,89,62,86,96,83,83,83,64,57,57,117,117,117,57,57,21,30,0,0,0],"gold":79,"neow_bonus":"BOSS_RELIC","is_daily":false,"chose_seed":false,"campfire_upgraded":2,"win_rate":0.0,"timestamp":1609514761,"path_taken":["R","M","$","?","?","R","T","E","?","M","R","?","?","M","M","BOSS","R","M","?","?","M","M","T","?","M","R","?","?","E","M","M","BOSS","R","M","M","?","M","E","T","?","R","M","M","?","?","M","M"],"items_purchased_type":["Card","Card","Card"],"build_version":"2020-12-22","purchased_purges":1,"victory":false,"max_hp_per_floor":[80,80,80,80,94,94,94,94,94,94,94,94,94,94,94,94,94,94,94,94,94,94,94,94,94,94,94,94,94,94,94,94,94,94,104,104,104,104,104,104,104,117,117,117,117,117,117,117,117,117,117],"card_choices":[{"not_picked":["Guardian:Incinerate","Guardian:ChargeCore"],"picked":"Guardian:ArmoredProtocol","floor":2},{"not_picked":["Guardian:Gem_Lightblue","Guardian:Gem_Green"],"picked":"Guardian:CompilePackage","floor":3},{"not_picked":["Guardian:TemporalShield","Guardian:Preprogram"],"picked":"Guardian:Gem_Crimson","floor":8},{"not_picked":["Guardian:Incinerate","Guardian:TemporalStrike"],"picked":"Guardian:Clone","floor":9},{"not_picked":["Guardian:Suspension","Guardian:Gem_Crimson"],"picked":"Guardian:Planning","floor":10},{"not_picked":["Guardian:Planning","Guardian:Reroute"],"picked":"Guardian:RevengeProtocol","floor":12},{"not_picked":["Guardian:PiercingHide","Guardian:Gem_Crimson"],"picked":"Guardian:TemporalStrike","floor":13},{"not_picked":["Guardian:Clone","Guardian:Planning"],"picked":"Guardian:TemporalStrike","floor":14},{"not_picked":["Guardian:TemporalShield","Guardian:ChargeCore"],"picked":"Guardian:Gem_Purple","floor":15},{"not_picked":["Guardian:StasisField","Guardian:RevengeProtocol"],"picked":"Guardian:ExploitGems","floor":16},{"not_picked":["Guardian:DecasProtection","Guardian:Gem_Cyan"],"picked":"Guardian:ShieldCharger+1","floor":19},{"not_picked":["Guardian:GuardianWhirl","Guardian:TemporalStrike"],"picked":"Guardian:Orbwalk","floor":22},{"not_picked":["Guardian:Gem_Cyan","Guardian:Gem_Red"],"picked":"Guardian:Reroute","floor":23},{"not_picked":["Guardian:RollAttack","Guardian:Gem_Green"],"picked":"Guardian:Gem_Yellow","floor":25},{"not_picked":["Guardian:PiercingHide","Guardian:FloatingOrbs"],"picked":"Guardian:EvasiveProtocol+1","floor":26},{"not_picked":["Guardian:VentSteam","Guardian:DonusPower"],"picked":"Guardian:TemporalShield","floor":29},{"not_picked":["Guardian:Preprogram","Guardian:Gem_Red"],"picked":"Guardian:StasisStrike","floor":30},{"not_picked":["Guardian:Gem_Cyan","Guardian:Suspension"],"picked":"Guardian:FloatingOrbs+1","floor":31},{"not_picked":["Guardian:Planning","Guardian:Gem_Cyan"],"picked":"Guardian:GuardianWhirl+1","floor":32},{"not_picked":["Guardian:GemFinder","Guardian:ExploitGems"],"picked":"Guardian:StasisEngine","floor":33},{"not_picked":["Guardian:Suspension+1","Guardian:Incinerate+1"],"picked":"Guardian:TimeBomb","floor":36},{"not_picked":["Guardian:Gem_White","Guardian:PolyBeam+1"],"picked":"Guardian:Emergency+1","floor":37},{"not_picked":["expansioncontent:PolyBeam","expansioncontent:BronzeBeam"],"picked":"expansioncontent:AwakenDeath","floor":38},{"not_picked":["Guardian:Gem_Lightblue","Guardian:ChargeCore"],"picked":"Guardian:Gem_Blue","floor":39},{"not_picked":["Guardian:SphericShield","Guardian:Gem_Red"],"picked":"Guardian:MultiBeam+1","floor":40},{"not_picked":["Guardian:CrystalBeam+1","Guardian:RollAttack"],"picked":"Guardian:Suspension+1","floor":45},{"not_picked":["Guardian:Gem_Red","Guardian:ChargeCore+1"],"picked":"Guardian:ShieldCharger+1","floor":47},{"not_picked":["Guardian:PolyBeam","Guardian:ExploitGems"],"picked":"Guardian:ArmoredProtocol","floor":48}],"player_experience":1740486,"relics_obtained":[{"floor":7,"key":"Shovel"},{"floor":8,"key":"PreservedInsect"},{"floor":8,"key":"MealTicket"},{"floor":9,"key":"Bird Faced Urn"},{"floor":18,"key":"Thread and Needle"},{"floor":27,"key":"Potion Belt"},{"floor":30,"key":"Pantograph"},{"floor":30,"key":"Bottled Flame"},{"floor":35,"key":"CeramicFish"},{"floor":40,"key":"Ornamental Fan"},{"floor":40,"key":"Happy Flower"},{"floor":41,"key":"Smiling Mask"}],"event_choices":[{"damage_healed":0,"gold_gain":0,"player_choice":"Success","damage_taken":25,"relics_obtained":["Mango"],"max_hp_gain":0,"max_hp_loss":0,"event_name":"Scrap Ooze","floor":5,"gold_loss":0},{"damage_healed":0,"gold_gain":0,"player_choice":"Ignored","damage_taken":0,"max_hp_gain":0,"max_hp_loss":0,"event_name":"Vampires","floor":21,"gold_loss":0}],"is_beta":false,"boss_relics":[{"not_picked":["Tiny House","Fusion Hammer"],"picked":"SacredBark"},{"not_picked":["Runic Dome","Cursed Key"],"picked":"Astrolabe"}],"items_purged_floors":[25],"is_endless":false,"potions_floor_spawned":[2,9,14,15,26,29,30,33,36,45,48],"killed_by":"Sphere and 2 Shapes","ascension_level":7}}