{"host":"q9718omregw4er46","time":1609499008,"event":{"mods":["BaseMod","Bestiary","Colored Powertips","Minty Spire (QoL Compilation)","Quick Restart","Relic Stats"],"gold_per_floor":[113,113,128,2,2,2,35,52,52,79,79,79,90,104,104,177,177,191,211,211,211,226,226,256,256,256,256,256,256,256],"floor_reached":29,"playtime":644,"items_purged":["Pain"],"score":652,"play_id":"7893da34-2b1d-46f5-9467-f4c6d34d6a08","local_time":"20210101160328","is_ascension_mode":true,"campfire_choices":[{"data":"FlyingSleeves","floor":6.0,"key":"SMITH"},{"data":"Adaptation","floor":12.0,"key":"SMITH"},{"data":"SandsOfTime","floor":15.0,"key":"SMITH"},{"floor":23,"key":"REST"},{"data":"Scrawl","floor":25,"key":"SMITH"}],"circlet_count":0,"master_deck":["AscendersBane","Strike_P+1","Strike_P+1","Defend_P+1","Defend_P+1","Defend_P+1","Eruption","Vigilance","Adaptation+1","FlyingSleeves+1","FlurryOfBlows","Conclude","SandsOfTime+1","EmptyMind","Scrawl+1","Tantrum","CutThroughFate","EmptyBody","Halt","Adaptation"],"relics":["PureWater","NeowsBlessing","WarpedTongs","Bottled Tornado","Gremlin Horn","Prayer Wheel","Black Star","Mummified Hand","Bag of Marbles","Toy Ornithopter","Enchiridion"],"acts_visited":["Exordium","TheCity"],"potions_floor_usage":[24,29],"damage_taken":[{"damage":0.0,"enemies":"Jaw Worm","floor":1.0,"turns":1.0},{"damage":1.0,"enemies":"Cultist","floor":3.0,"turns":1.0},{"damage":0.0,"enemies":"Lagavulin","floor":7.0,"turns":2.0},{"damage":0.0,"enemies":"Small Slimes","floor":8.0,"turns":4.0},{"damage":12.0,"enemies":"3 Sentries","floor":10.0,"turns":4.0},{"damage":3.0,"enemies":"Looter","floor":13.0,"turns":4.0},{"damage":0.0,"enemies":"Blue Slaver","floor":14.0,"turns":2.0},{"damage":0.0,"enemies":"Slime Boss","floor":16.0,"turns":4.0},{"damage":20.0,"enemies":"3 Byrds","floor":18.0,"turns":3.0},{"damage":20,"enemies":"2 Thieves","floor":19,"turns":3},{"damage":4,"enemies":"3 Cultists","floor":22,"turns":3},{"damage":11,"enemies":"Book of Stabbing","floor":24,"turns":3},{"damage":29,"enemies":"Slavers","floor":29,"turns":1}],"seed_played":"6889616661239481787","potions_obtained":[{"floor":7.0,"key":"Swift Potion"},{"floor":8.0,"key":"DuplicationPotion"},{"floor":14.0,"key":"DistilledChaos"},{"floor":16.0,"key":"FearPotion"},{"floor":24,"key":"EssenceOfSteel"}],"is_trial":false,"path_per_floor":["M","?","M","$","?","R","E","M","T","E","?","R","M","M","R","B",null,"M","M","?","?","M","R","E","R","T","?","?","E"],"character_chosen":"WATCHER","items_purchased":["FlurryOfBlows"],"campfire_rested":1,"item_purchase_floors":[4],"current_hp_per_floor":[61,61,60,60,60,60,60,60,60,48,53,53,50,50,50,50,67,47,27,27,27,23,44,33,33,33,33,12,0,0],"gold":256,"neow_bonus":"THREE_ENEMY_KILL","is_daily":false,"chose_seed":false,"campfire_upgraded":4,"win_rate":0.0,"timestamp":1609499008,"path_taken":["M","?","M","$","?","R","E","?","T","E","?","R","M","M","R","BOSS","M","M","?","?","M","R","E","R","T","?","?","E"],"items_purchased_type":["Card"],"build_version":"2020-12-22","purchased_purges":1,"victory":false,"max_hp_per_floor":[68,68,68,68,68,68,68,68,68,68,73,73,73,73,73,73,73,73,73,73,73,73,73,73,73,73,73,73,73,73],"relic_stats":{"Gremlin Horn":[6,6],"counters":[13,35],"Mummified Hand":[2],"Prayer Wheel":5,"Black Star":1,"obtain_stats":[{"NeowsBlessing":0,"Gremlin Horn":9,"Mummified Hand":24,"Enchiridion":28,"Prayer Wheel":10,"Black Star":17,"Bag of Marbles":24,"PureWater":0,"Bottled Tornado":7,"Toy Ornithopter":26,"WarpedTongs":2},{"NeowsBlessing":0,"Gremlin Horn":4,"Mummified Hand":12,"Enchiridion":12,"Prayer Wheel":5,"Black Star":8,"Bag of Marbles":12,"PureWater":0,"Bottled Tornado":3,"Toy Ornithopter":12,"WarpedTongs":1},{"NeowsBlessing":0,"Gremlin Horn":8,"Mummified Hand":34,"Enchiridion":34,"Prayer Wheel":12,"Black Star":22,"Bag of Marbles":34,"PureWater":0,"Bottled Tornado":4,"Toy Ornithopter":34,"WarpedTongs":1}],"Toy Ornithopter":5,"WarpedTongs":[34]},"card_choices":[{"not_picked":["FlurryOfBlows","JustLucky"],"picked":"Adaptation","floor":1.0},{"not_picked":["Protect","Evaluate"],"picked":"FlyingSleeves","floor":3.0},{"not_picked":["Ragnarok","JustLucky","Protect"],"picked":"SKIP","floor":7.0},{"not_picked":["CrushJoints","Evaluate"],"picked":"Conclude","floor":8.0},{"not_picked":["CutThroughFate","SignatureMove","JustLucky"],"picked":"SKIP","floor":10.0},{"not_picked":["PathToVictory","Collect","Vengeance"],"picked":"SKIP","floor":13.0},{"not_picked":["Sanctity","FollowUp","ThirdEye"],"picked":"SKIP","floor":13.0},{"not_picked":["Fasting2","Sanctity"],"picked":"SandsOfTime","floor":14.0},{"not_picked":["Study","Halt"],"picked":"EmptyMind","floor":14.0},{"not_picked":["Judgement","Brilliance"],"picked":"Scrawl","floor":16.0},{"not_picked":["Protect","ReachHeaven"],"picked":"Tantrum","floor":18.0},{"not_picked":["Consecrate","CrushJoints+1"],"picked":"CutThroughFate","floor":18.0},{"not_picked":["Consecrate","FlurryOfBlows","Indignation"],"picked":"SKIP","floor":19},{"not_picked":["EmptyBody","ThirdEye","BattleHymn"],"picked":"SKIP","floor":19},{"not_picked":["EmptyFist","Perseverance+1"],"picked":"EmptyBody","floor":22},{"not_picked":["ForeignInfluence","Protect","Tantrum"],"picked":"SKIP","floor":22},{"not_picked":["WindmillStrike","PathToVictory","CrushJoints"],"picked":"SKIP","floor":24}],"player_experience":1145774,"relics_obtained":[{"floor":7.0,"key":"Bottled Tornado"},{"floor":9.0,"key":"Gremlin Horn"},{"floor":10.0,"key":"Prayer Wheel"},{"floor":24,"key":"Mummified Hand"},{"floor":24,"key":"Bag of Marbles"},{"floor":26,"key":"Toy Ornithopter"},{"floor":28,"key":"Enchiridion"}],"event_choices":[{"damage_healed":0.0,"max_hp_gain":0.0,"max_hp_loss":0.0,"gold_gain":0.0,"event_name":"Accursed Blacksmith","player_choice":"Rummage","floor":2.0,"gold_loss":0.0,"damage_taken":0.0,"relics_obtained":["WarpedTongs"],"cards_obtained":["Pain"]},{"cards_removed":["Strike_P"],"damage_healed":0.0,"max_hp_gain":0.0,"max_hp_loss":0.0,"gold_gain":0.0,"event_name":"Bonfire Elementals","player_choice":"Offered Basic","floor":5.0,"gold_loss":0.0,"damage_taken":0.0},{"damage_healed":0.0,"max_hp_gain":5.0,"max_hp_loss":0.0,"gold_gain":0.0,"event_name":"Big Fish","player_choice":"Donut","floor":11.0,"gold_loss":0.0,"damage_taken":0.0},{"damage_healed":0,"gold_gain":0,"player_choice":"Ignored","damage_taken":0,"max_hp_gain":0,"max_hp_loss":0,"event_name":"Vampires","floor":20,"gold_loss":0},{"damage_healed":0,"gold_gain":0,"player_choice":"Simplicity","damage_taken":0,"max_hp_gain":0,"max_hp_loss":0,"event_name":"Back to Basics","floor":21,"gold_loss":0,"cards_upgraded":["Strike_P","Strike_P","Strike_P","Defend_P","Defend_P","Defend_P","Defend_P"]},{"damage_healed":0,"gold_gain":0,"cards_transformed":["Strike_P","Defend_P"],"player_choice":"Became Test Subject","damage_taken":0,"max_hp_gain":0,"max_hp_loss":0,"event_name":"Drug Dealer","floor":27,"gold_loss":0,"cards_obtained":["Halt","Adaptation"]},{"damage_healed":0,"gold_gain":0,"player_choice":"Obtained Book","damage_taken":21,"max_hp_gain":0,"max_hp_loss":0,"event_name":"Cursed Tome","floor":28,"gold_loss":0}],"is_beta":false,"boss_relics":[{"not_picked":["Calling Bell","Runic Pyramid"],"picked":"Black Star"}],"items_purged_floors":[4],"is_endless":false,"potions_floor_spawned":[7,8,14,16,24],"killed_by":"Slavers","ascension_level":20}}