{"host":"la7tuvtiv6v38fe3","time":1609466645,"event":{"mods":["AchievementEnabler","BaseMod","Bestiary","Colored Map","Colored Powertips","Highlight Path","Minty Spire (QoL Compilation)","Relic Stats","StSLib","ojb\u0027s Info Mod"],"gold_per_floor":[114,114,114,114,79,79,79],"floor_reached":6,"playtime":335,"items_purged":[],"score":42,"play_id":"cdbece1c-6c69-49f1-8b66-a30019fa5874","local_time":"20201231180405","is_ascension_mode":true,"campfire_choices":[],"circlet_count":0,"master_deck":["Strike_P","Strike_P","Strike_P","Strike_P","Defend_P","Defend_P+1","Defend_P","Eruption","Vigilance+1","CurseOfTheBell","Tantrum"],"relics":["Calling Bell","Art of War","Meat on the Bone","Gambling Chip","Kunai"],"acts_visited":["Exordium"],"potions_floor_usage":[],"damage_taken":[{"damage":3,"enemies":"Jaw Worm","floor":1,"turns":5},{"damage":67,"enemies":"3 Sentries","floor":6,"turns":9}],"seed_played":"-35457506833437914","potions_obtained":[],"is_trial":false,"path_per_floor":["M","?","?","T","?","E"],"character_chosen":"WATCHER","items_purchased":[],"campfire_rested":0,"item_purchase_floors":[],"current_hp_per_floor":[62,55,41,41,59,0,0],"gold":79,"neow_bonus":"BOSS_RELIC","is_daily":false,"chose_seed":false,"campfire_upgraded":0,"win_rate":0.0,"timestamp":1609466645,"path_taken":["M","?","?","?","?","E"],"items_purchased_type":[],"build_version":"2020-12-22","purchased_purges":0,"victory":false,"max_hp_per_floor":[72,72,72,72,72,72,72],"relic_stats":{"counters":[2,14],"Gambling Chip":[4],"Art of War":[2],"Kunai":[0],"obtain_stats":[{"Calling Bell":0,"Gambling Chip":0,"Art of War":0,"Kunai":4,"PureWater":0,"Meat on the Bone":0},{"Calling Bell":0,"Gambling Chip":0,"Art of War":0,"Kunai":1,"PureWater":0,"Meat on the Bone":0},{"Calling Bell":0,"Gambling Chip":0,"Art of War":0,"Kunai":5,"PureWater":0,"Meat on the Bone":0}],"Meat on the Bone":0},"card_choices":[{"not_picked":["Worship","Sanctity"],"picked":"Tantrum","floor":1}],"player_experience":336469,"relics_obtained":[{"floor":0,"key":"Art of War"},{"floor":0,"key":"Meat on the Bone"},{"floor":0,"key":"Gambling Chip"},{"floor":4,"key":"Kunai"}],"event_choices":[{"cards_removed":["Defend_P"],"damage_healed":0,"gold_gain":0,"player_choice":"Card Removal","damage_taken":7,"max_hp_gain":0,"max_hp_loss":0,"event_name":"Golden Wing","floor":2,"gold_loss":0},{"damage_healed":0,"gold_gain":0,"player_choice":"Entered Light","damage_taken":14,"max_hp_gain":0,"max_hp_loss":0,"event_name":"Shining Light","floor":3,"gold_loss":0,"cards_upgraded":["Vigilance","Defend_P"]},{"damage_healed":18,"gold_gain":0,"player_choice":"Healed","damage_taken":0,"max_hp_gain":0,"max_hp_loss":0,"event_name":"The Cleric","floor":5,"gold_loss":35}],"is_beta":false,"boss_relics":[],"items_purged_floors":[],"is_endless":false,"potions_floor_spawned":[],"killed_by":"3 Sentries","ascension_level":6}}