{"host":"uikxj58mzlixykyi","time":1609525015,"event":{"mods":["AchievementEnabler","BaseMod","BetterRewards","Colored Map","Colored Powertips","Downfall","Highlight Path","Minty Spire (QoL Compilation)","Rare Cards Sparkle","Replay The Spire","Shop Mod","StSLib"],"gold_per_floor":[99,119,129,140,155,165,165,183,201,212,224,399,399,60,75,75,75,75],"floor_reached":16,"playtime":607,"items_purged":["Doubt"],"score":130,"play_id":"80c948c4-9336-4d14-80c9-3b7d1cdf9471","local_time":"20210101201655","is_ascension_mode":true,"campfire_choices":[{"data":"Slimebound:CorrosiveSpit","floor":1.0,"key":"SMITH"}],"circlet_count":0,"master_deck":["Slimebound:Strike_Slimebound","Slimebound:Strike_Slimebound","Slimebound:Strike_Slimebound","Slimebound:Tackle","Slimebound:Defend_Slimebound","Slimebound:Defend_Slimebound","Slimebound:Defend_Slimebound","Slimebound:Defend_Slimebound","Slimebound:Split","Slimebound:CorrosiveSpit+1","Slimebound:SplitBruiser","Slimebound:SplitMire","Slimebound:SplitMire","Slimebound:Overexert","Slimebound:SplitMire","Slimebound:SplitBruiser","Slimebound:SlimeSpikes","Bandage Up","Slimebound:ProtectTheBoss"],"relics":["Slimebound:AbsorbEndCombat","Tiny Chest","Pantograph","InkBottle","Omamori"],"acts_visited":["Exordium"],"potions_floor_usage":[16,16],"damage_taken":[{"damage":12.0,"enemies":"Small Slimes","floor":2.0,"turns":3.0},{"damage":7.0,"enemies":"2 Louse","floor":3.0,"turns":2.0},{"damage":15.0,"enemies":"Jaw Worm","floor":4.0,"turns":3.0},{"damage":11.0,"enemies":"Blue Slaver","floor":5.0,"turns":3.0},{"damage":15.0,"enemies":"2 Fungi Beasts","floor":6.0,"turns":2.0},{"damage":28.0,"enemies":"Exordium Thugs","floor":8.0,"turns":3.0},{"damage":35.0,"enemies":"Lots of Slimes","floor":9.0,"turns":3.0},{"damage":17.0,"enemies":"Exordium Wildlife","floor":10.0,"turns":3.0},{"damage":18.0,"enemies":"3 Louse","floor":11.0,"turns":2.0},{"damage":21.0,"enemies":"downfall:FleeingMerchant","floor":14.0,"turns":4.0},{"damage":18.0,"enemies":"2 Fungi Beasts","floor":15.0,"turns":3.0},{"damage":186,"enemies":"downfall:Defect","floor":16,"turns":5}],"seed_played":"-7931369535556757987","potions_obtained":[{"floor":4.0,"key":"ColorlessPotion"},{"floor":6.0,"key":"Elixir"},{"floor":8.0,"key":"PowerPotion"},{"floor":11.0,"key":"Cursed Concoction"},{"floor":15.0,"key":"Languid Potion"}],"is_trial":false,"path_per_floor":["R","M","M","M","M","M","T","M","M","M","M","?","?","$","M","B"],"character_chosen":"SLIMEBOUND","items_purchased":["Bandage Up","Omamori"],"campfire_rested":0,"item_purchase_floors":[14,14],"current_hp_per_floor":[54,58,59,60,60,60,60,58,43,46,44,44,32,35,33,0,0,0],"gold":75,"neow_bonus":"RANDOM_COMMON_RELIC","is_daily":false,"chose_seed":false,"campfire_upgraded":1,"win_rate":0.0,"timestamp":1609525015,"path_taken":["R","M","M","M","M","M","T","M","M","M","M","?","?","$","M","BOSS"],"items_purchased_type":["Card","Relic"],"build_version":"2020-12-22","purchased_purges":1,"victory":false,"max_hp_per_floor":[60,60,60,60,60,60,60,60,60,60,60,60,60,60,60,60,60,60],"card_choices":[{"not_picked":["Slimebound:FinishingTackle","Slimebound:FirmFortitude"],"picked":"Slimebound:SplitBruiser","floor":2.0},{"not_picked":["Slimebound:Schlurp","Slimebound:HauntingLick"],"picked":"Slimebound:SplitMire","floor":3.0},{"not_picked":["Slimebound:GoopSpray","Slimebound:SpikyOuterGoop"],"picked":"Slimebound:SplitMire","floor":4.0},{"not_picked":["Slimebound:ItLooksTasty","Slimebound:Chomp","Slimebound:FinishingTackle"],"picked":"SKIP","floor":5.0},{"not_picked":["Slimebound:GoopTackle","Slimebound:Gluttony","Slimebound:PressTheAttack"],"picked":"SKIP","floor":6.0},{"not_picked":["Slimebound:FinishingTackle","Slimebound:HungryTackle"],"picked":"Slimebound:Overexert","floor":8.0},{"not_picked":["Slimebound:PressTheAttack","Slimebound:ItLooksTasty"],"picked":"Slimebound:SplitMire","floor":9.0},{"not_picked":["Slimebound:RollThrough","Slimebound:ServeAndProtect"],"picked":"Slimebound:SplitBruiser","floor":10.0},{"not_picked":["Slimebound:Equalize","Slimebound:DivideAndConquer"],"picked":"Slimebound:SlimeSpikes","floor":11.0},{"not_picked":["Slimebound:LeechingTouch","Slimebound:GoopTackle","Slimebound:LeechEnergy"],"picked":"SKIP","floor":14.0},{"not_picked":["Slimebound:GoopTackle","Slimebound:GrowthPunch"],"picked":"Slimebound:ProtectTheBoss","floor":15.0}],"player_experience":87375,"relics_obtained":[{"floor":7.0,"key":"Pantograph"}],"event_choices":[{"damage_healed":0.0,"max_hp_gain":0.0,"max_hp_loss":0.0,"gold_gain":0.0,"event_name":"Scrap Ooze","player_choice":"Success","floor":13.0,"gold_loss":0.0,"damage_taken":12.0,"relics_obtained":["InkBottle"]}],"is_beta":false,"boss_relics":[],"items_purged_floors":[14],"is_endless":false,"potions_floor_spawned":[4,6,8,11,15],"killed_by":"downfall:Defect","ascension_level":6}}