{"host":"2lrkmsuh7nz013qb","time":1609482745,"event":{"mods":["BaseMod","Colored Map","DeckTracker","Minty Spire (QoL Compilation)","SuperFastMode","everything is the same but u backflip on backflip"],"gold_per_floor":[119,139,152,77,97,97,111,111,185,197,217,230,230,305,305,404,404,429,386,411,17,17,17,48,48,122,72,88,106,127,127,127],"floor_reached":31,"playtime":972,"items_purged":["Strike_G","Strike_G"],"score":602,"play_id":"47cca0d9-7207-4fb3-9b75-23d671b2ab2f","local_time":"20210101153225","is_ascension_mode":true,"campfire_choices":[{"data":"Predator","floor":6.0,"key":"SMITH"},{"floor":8.0,"key":"REST"},{"data":"Blade Dance","floor":15.0,"key":"SMITH"},{"data":"Apotheosis","floor":23.0,"key":"SMITH"},{"floor":25,"key":"REST"}],"circlet_count":0,"master_deck":["AscendersBane","Strike_G","Strike_G","Defend_G","Defend_G","Defend_G","Defend_G","Defend_G","Survivor","Neutralize+1","Predator+1","Dagger Throw","Calculated Gamble","Backstab","Blade Dance+1","Adrenaline","CurseOfTheBell","Footwork","Acrobatics","Phantasmal Killer","Well Laid Plans","Apotheosis+1","PiercingWail","Terror","Footwork"],"relics":["Ring of the Snake","Mercury Hourglass","Golden Idol","Calling Bell","Pen Nib","Shuriken","Incense Burner","Membership Card","Thread and Needle","Molten Egg 2"],"acts_visited":["Exordium","TheCity"],"potions_floor_usage":[24,31],"damage_taken":[{"damage":5.0,"enemies":"2 Louse","floor":1.0,"turns":4.0},{"damage":0.0,"enemies":"Small Slimes","floor":2.0,"turns":2.0},{"damage":0.0,"enemies":"Cultist","floor":3.0,"turns":3.0},{"damage":18.0,"enemies":"Exordium Thugs","floor":5.0,"turns":6.0},{"damage":24.0,"enemies":"Large Slime","floor":7.0,"turns":7.0},{"damage":0.0,"enemies":"Blue Slaver","floor":10.0,"turns":3.0},{"damage":1.0,"enemies":"Red Slaver","floor":11.0,"turns":4.0},{"damage":0.0,"enemies":"Exordium Thugs","floor":12.0,"turns":4.0},{"damage":0.0,"enemies":"Hexaghost","floor":16.0,"turns":7.0},{"damage":10.0,"enemies":"2 Thieves","floor":18.0,"turns":3.0},{"damage":12.0,"enemies":"3 Byrds","floor":20.0,"turns":4.0},{"damage":19,"enemies":"Slavers","floor":24,"turns":6},{"damage":0,"enemies":"Sentry and Sphere","floor":28,"turns":3},{"damage":4,"enemies":"Shelled Parasite and Fungi","floor":29,"turns":4},{"damage":0,"enemies":"Snake Plant","floor":30,"turns":5},{"damage":29,"enemies":"Cultist and Chosen","floor":31,"turns":4}],"seed_played":"7499341542370928873","potions_obtained":[{"floor":2.0,"key":"Block Potion"},{"floor":7.0,"key":"SneckoOil"},{"floor":11.0,"key":"SkillPotion"},{"floor":12.0,"key":"Block Potion"},{"floor":20.0,"key":"DuplicationPotion"},{"floor":29,"key":"SkillPotion"},{"floor":30,"key":"PowerPotion"}],"is_trial":false,"path_per_floor":["M","M","M","$","M","R","M","R","T","M","M","M","?","?","R","B",null,"M","$","M","$","?","R","E","R","T","$","M","M","M","M"],"character_chosen":"THE_SILENT","items_purchased":["Footwork","Membership Card","Phantasmal Killer","Well Laid Plans","Apotheosis"],"campfire_rested":2,"item_purchase_floors":[19,21,21,21,21],"current_hp_per_floor":[54,54,54,54,36,36,12,31,31,31,30,30,30,19,19,19,50,40,40,28,28,28,28,9,27,27,27,27,23,23,0,0],"gold":127,"neow_bonus":"UPGRADE_CARD","is_daily":false,"chose_seed":false,"campfire_upgraded":3,"win_rate":0.0,"timestamp":1609482745,"path_taken":["M","M","M","$","M","R","M","R","T","M","M","M","?","?","R","BOSS","M","$","M","$","?","R","E","R","T","?","M","M","?","M"],"items_purchased_type":["Card","Relic","Card","Card","Card"],"build_version":"2020-12-22","purchased_purges":2,"victory":false,"max_hp_per_floor":[66,66,66,66,66,66,66,66,66,66,66,66,60,60,60,60,60,60,60,60,60,60,60,60,60,60,60,60,60,60,60,60],"card_choices":[{"not_picked":["Underhanded Strike","Deflect"],"picked":"Predator","floor":1.0},{"not_picked":["Finisher","Acrobatics"],"picked":"Dagger Throw","floor":2.0},{"not_picked":["Outmaneuver","Poisoned Stab","Dagger Spray"],"picked":"SKIP","floor":3.0},{"not_picked":["Riddle With Holes","Poisoned Stab","Sucker Punch"],"picked":"SKIP","floor":5.0},{"not_picked":["Acrobatics","Prepared","Dagger Throw"],"picked":"SKIP","floor":7.0},{"not_picked":["Corpse Explosion","Slice"],"picked":"Calculated Gamble","floor":10.0},{"not_picked":["Underhanded Strike","Flying Knee"],"picked":"Backstab","floor":11.0},{"not_picked":["Acrobatics","Sucker Punch"],"picked":"Blade Dance","floor":12.0},{"not_picked":["Burst","Unload"],"picked":"Adrenaline","floor":16.0},{"not_picked":["Flechettes+1","Choke","Dagger Throw"],"picked":"SKIP","floor":18.0},{"not_picked":["Infinite Blades","Slice"],"picked":"Acrobatics","floor":20.0},{"not_picked":["Caltrops","Distraction","Quick Slash"],"picked":"SKIP","floor":24},{"not_picked":["Deadly Poison","Dodge and Roll","Poisoned Stab+1"],"picked":"SKIP","floor":28},{"not_picked":["Blade Dance","Underhanded Strike+1"],"picked":"Terror","floor":29},{"not_picked":["Masterful Stab+1","Deflect"],"picked":"Footwork","floor":30}],"player_experience":713116,"relics_obtained":[{"floor":9.0,"key":"Mercury Hourglass"},{"floor":17.0,"key":"Pen Nib"},{"floor":17.0,"key":"Shuriken"},{"floor":17.0,"key":"Incense Burner"},{"floor":24,"key":"Thread and Needle"},{"floor":26,"key":"Molten Egg 2"}],"event_choices":[{"damage_healed":0.0,"max_hp_gain":0.0,"max_hp_loss":6.0,"gold_gain":0.0,"event_name":"Golden Idol","player_choice":"Lose Max HP","floor":13.0,"gold_loss":0.0,"damage_taken":0.0,"relics_obtained":["Golden Idol"]},{"damage_healed":0.0,"max_hp_gain":0.0,"max_hp_loss":0.0,"gold_gain":75.0,"event_name":"World of Goop","player_choice":"Gather Gold","floor":14.0,"gold_loss":0.0,"damage_taken":11.0},{"damage_healed":0.0,"max_hp_gain":0.0,"max_hp_loss":0.0,"gold_gain":0.0,"cards_transformed":["Strike_G"],"event_name":"Transmorgrifier","player_choice":"Transformed","floor":22.0,"gold_loss":0.0,"damage_taken":0.0,"cards_obtained":["PiercingWail"]}],"is_beta":false,"boss_relics":[{"not_picked":["Runic Dome","Black Star"],"picked":"Calling Bell"}],"items_purged_floors":[4,27],"is_endless":false,"potions_floor_spawned":[2,7,11,12,20,29,30],"killed_by":"Cultist and Chosen","ascension_level":20}}