{"host":"k0hp5rzz2oj0nliz","time":1609520385,"event":{"mods":["BaseMod","Downfall","Minty Spire (QoL Compilation)","MostiFishMod","StSLib","noobMod"],"gold_per_floor":[99,113,130,230,250,235,235,235,245,259,271,271,285,285,300,399,399,399,416,430,443,462,462,462,462,496,512,531,531,544,644,662,757,757,757,767,784,480,480,480,504,504,522,522,522,522,572,590,600,600],"floor_reached":51,"playtime":2766,"items_purged":[],"score":790,"play_id":"62c4351c-f935-45e4-984b-9ba4d08fb664","local_time":"20210102005945","is_ascension_mode":false,"campfire_choices":[{"data":"MostiFishMod:ButterFly","floor":1.0,"key":"SMITH"},{"data":"champ:ArenaPreparation","floor":12.0,"key":"SMITH"},{"data":"champ:StanceDance","floor":18.0,"key":"SMITH"},{"data":"champ:StanceDance","floor":23.0,"key":"SMITH"},{"data":"champ:DeathBlow","floor":25.0,"key":"SMITH"},{"data":"champ:RecklessLeap","floor":35.0,"key":"SMITH"},{"data":"champ:Duel","floor":42,"key":"SMITH"},{"data":"champ:Encircle","floor":45,"key":"SMITH"},{"data":"champ:Encircle","floor":46,"key":"SMITH"}],"circlet_count":0,"master_deck":["champ:Strike","champ:Strike","champ:Strike","champ:Strike","champ:Defend","champ:Defend","champ:Defend","champ:Defend","champ:Execute","champ:Taunt","MostiFishMod:ButterFly+1","champ:StanceDance+1","champ:LastStand","champ:ArenaPreparation+1","champ:StanceDance+1","champ:CrownThrow","champ:RisingSlash","champ:CrownThrow","champ:Duel+1","champ:Encircle+1","champ:VampiricStrike","champ:Encircle+1","champ:RecklessLeap+1","champ:DeathBlow+1","champ:ShieldSlam","champ:StanceDance+1"],"relics":["champ:ChampionCrown","DaveBox","ice","WristBlade","Incense Burner","champ:LiftRelic","Mummified Hand","PatriotShield","Pear","Toy Ornithopter","Dead Branch","Potion Belt","ExusiaiGun","CombinedTypeHook","Akabeko","Peace Pipe"],"acts_visited":["Exordium","TheCity","TheBeyond"],"potions_floor_usage":[50],"damage_taken":[{"damage":5.0,"enemies":"Small Slimes","floor":2.0,"turns":2.0},{"damage":5.0,"enemies":"Jaw Worm","floor":3.0,"turns":1.0},{"damage":23.0,"enemies":"Jaw Worm","floor":4.0,"turns":5.0},{"damage":20.0,"enemies":"Cultist","floor":5.0,"turns":2.0},{"damage":38.0,"enemies":"downfall:FleeingMerchant","floor":6.0,"turns":4.0},{"damage":19.0,"enemies":"Lots of Slimes","floor":9.0,"turns":6.0},{"damage":32.0,"enemies":"Large Slime","floor":10.0,"turns":3.0},{"damage":20.0,"enemies":"Exordium Thugs","floor":11.0,"turns":2.0},{"damage":1.0,"enemies":"2 Fungi Beasts","floor":13.0,"turns":1.0},{"damage":17.0,"enemies":"Lots of Slimes","floor":15.0,"turns":3.0},{"damage":103.0,"enemies":"downfall:Silent","floor":16.0,"turns":8.0},{"damage":3.0,"enemies":"Chosen","floor":19.0,"turns":1.0},{"damage":0.0,"enemies":"Shell Parasite","floor":20.0,"turns":2.0},{"damage":8.0,"enemies":"Snake Plant","floor":21.0,"turns":3.0},{"damage":3.0,"enemies":"Centurion and Healer","floor":22.0,"turns":3.0},{"damage":12.0,"enemies":"Slavers","floor":26.0,"turns":2.0},{"damage":7.0,"enemies":"Chosen and Byrds","floor":27.0,"turns":3.0},{"damage":64.0,"enemies":"downfall:FleeingMerchant","floor":28.0,"turns":4.0},{"damage":0.0,"enemies":"Shelled Parasite and Fungi","floor":30.0,"turns":2.0},{"damage":10.0,"enemies":"downfall:LadyInBlue","floor":31.0,"turns":3.0},{"damage":9.0,"enemies":"Snake Plant","floor":32.0,"turns":3.0},{"damage":0.0,"enemies":"downfall:Defect","floor":33.0,"turns":1.0},{"damage":10,"enemies":"3 Shapes","floor":36,"turns":2},{"damage":5,"enemies":"Orb Walker","floor":37,"turns":1},{"damage":0,"enemies":"Jaw Worm Horde","floor":43,"turns":2},{"damage":5,"enemies":"Mind Bloom Boss Battle","floor":47,"turns":3},{"damage":15,"enemies":"3 Darklings","floor":48,"turns":1},{"damage":0,"enemies":"Sphere and 2 Shapes","floor":49,"turns":2},{"damage":38,"enemies":"downfall:Ironclad","floor":50,"turns":3}],"seed_played":"-4893731633565665616","potions_obtained":[{"floor":2.0,"key":"champ:OpenerPotion"},{"floor":4.0,"key":"champ:OpenerPotion"},{"floor":13.0,"key":"Strength Potion"},{"floor":16.0,"key":"AttackPotion"},{"floor":31.0,"key":"Fire Potion"},{"floor":31.0,"key":"CultistPotion"},{"floor":48,"key":"SkillPotion"}],"is_trial":false,"path_per_floor":["R","M","M","?","M","$","T","?","M","M","M","R","M","?","M","B",null,"R","M","M","M","M","R","T","R","E","M","$","?","M","?","M","B",null,"R","M","M","?","$","?","T","R","M","?","R","R","?","M","M","B",null],"character_chosen":"THE_CHAMP","items_purchased":["Dead Branch","CombinedTypeHook"],"campfire_rested":0,"item_purchase_floors":[28,38],"current_hp_per_floor":[90,90,90,84,88,90,90,90,90,90,80,80,88,88,85,26,90,90,90,90,90,90,90,100,100,100,100,100,100,100,100,100,100,100,100,98,98,98,98,100,100,100,100,100,100,100,100,100,100,100],"gold":600,"neow_bonus":"RANDOM_COLORLESS","is_daily":false,"chose_seed":false,"campfire_upgraded":9,"win_rate":0.0,"timestamp":1609520385,"path_taken":["R","M","M","?","M","$","T","?","M","M","M","R","M","?","M","BOSS","R","M","?","M","?","R","T","R","E","M","$","?","M","?","M","BOSS","R","M","M","?","$","?","T","R","?","?","R","R","?","M","M","BOSS"],"items_purchased_type":["Relic","Relic"],"build_version":"2020-12-22","purchased_purges":0,"victory":true,"max_hp_per_floor":[90,90,90,90,90,90,90,90,90,90,90,90,90,90,90,90,90,90,90,90,90,90,90,100,100,100,100,100,100,100,100,100,100,100,100,100,100,100,100,100,100,100,100,100,100,100,100,100,100,100],"card_choices":[{"not_picked":["Dramatic Entrance","expansioncontent:FaceSlap"],"picked":"MostiFishMod:ButterFly","floor":0.0},{"not_picked":["champ:CrookedStrike","champ:DeathBlow"],"picked":"champ:StanceDance","floor":2.0},{"not_picked":["champ:FlashCut","champ:CrookedStrike"],"picked":"champ:LastStand","floor":3.0},{"not_picked":["champ:TornadoPunch","champ:FightOn"],"picked":"champ:ArenaPreparation","floor":4.0},{"not_picked":["champ:EnGarde","champ:FightOn"],"picked":"champ:StanceDance","floor":5.0},{"not_picked":["champ:Haymaker","champ:GladiatorsShout"],"picked":"champ:CrownThrow","floor":6.0},{"not_picked":["champ:FlashCut","champ:StanceDance"],"picked":"champ:RisingSlash","floor":9.0},{"not_picked":["champ:AdrenalArmor","champ:Backstep","champ:FlashCut"],"picked":"SKIP","floor":10.0},{"not_picked":["champ:AdrenalArmor","champ:Backstep"],"picked":"champ:CrownThrow","floor":11.0},{"not_picked":["champ:FaceSlap","champ:Backstep"],"picked":"champ:Duel","floor":13.0},{"not_picked":["champ:StanceDance","champ:FocusedBerserking"],"picked":"champ:Encircle","floor":15.0},{"not_picked":["champ:CrownThrow","champ:CheapShot"],"picked":"champ:VampiricStrike","floor":16.0},{"not_picked":["champ:Riposte","champ:Backstep","champ:CrookedStrike"],"picked":"SKIP","floor":19.0},{"not_picked":["champ:BerserkersShout","champ:BringItOn"],"picked":"champ:Encircle","floor":20.0},{"not_picked":["champ:EndlessRage","champ:Duel+1"],"picked":"champ:RecklessLeap","floor":21.0},{"not_picked":["champ:Duel","champ:DefensiveShout"],"picked":"champ:DeathBlow","floor":22.0},{"not_picked":["champ:BerserkersShout","champ:FanOfKnives","champ:EnGarde+1"],"picked":"SKIP","floor":26.0},{"not_picked":["champ:TornadoPunch","champ:BerserkersShout","champ:CrookedStrike"],"picked":"SKIP","floor":27.0},{"not_picked":["champ:FocusedGladiator","champ:BringItOn+1"],"picked":"champ:ShieldSlam","floor":28.0},{"not_picked":["champ:Circumvent","champ:DeathBlow","champ:FlashCut+1"],"picked":"SKIP","floor":30.0},{"not_picked":["champ:GladiatorsShout","champ:CrookedStrike","champ:GutPunch"],"picked":"SKIP","floor":32.0},{"not_picked":["champ:Haymaker","champ:FaceSlap+1","champ:BerserkerStyle+1"],"picked":"SKIP","floor":36},{"not_picked":["champ:PerfectedStrike","champ:GutPunch","champ:GladiatorStyle+1"],"picked":"SKIP","floor":37},{"not_picked":["champ:SkillfulDodge","champ:FlashCut","champ:DefensiveShout+1"],"picked":"SKIP","floor":43},{"not_picked":["champ:Riposte+1","champ:Circumvent+1"],"picked":"champ:StanceDance+1","floor":48},{"not_picked":["champ:BerserkersShout+1","champ:BringItOn+1","champ:AdrenalArmor+1"],"picked":"SKIP","floor":49}],"player_experience":188420,"relics_obtained":[{"floor":4.0,"key":"WristBlade"},{"floor":7.0,"key":"Incense Burner"},{"floor":14.0,"key":"Mummified Hand"},{"floor":24.0,"key":"Pear"},{"floor":26.0,"key":"Toy Ornithopter"},{"floor":31.0,"key":"Potion Belt"},{"floor":41,"key":"Akabeko"},{"floor":47,"key":"Peace Pipe"}],"event_choices":[{"damage_healed":0.0,"max_hp_gain":0.0,"max_hp_loss":0.0,"gold_gain":0.0,"event_name":"Wheel of Change","player_choice":"Relic","floor":14.0,"gold_loss":0.0,"damage_taken":0.0},{"damage_healed":0.0,"max_hp_gain":0.0,"max_hp_loss":0.0,"gold_gain":0.0,"event_name":"Vampires","player_choice":"Ignored","floor":29.0,"gold_loss":0.0,"damage_taken":0.0},{"damage_healed":2,"gold_gain":0,"player_choice":"Full Heal","damage_taken":0,"max_hp_gain":0,"max_hp_loss":0,"event_name":"Wheel of Change","floor":40,"gold_loss":0}],"is_beta":false,"boss_relics":[{"not_picked":["Runic Dome","Transparent"],"picked":"PatriotShield"},{"not_picked":["SacredBark","NightmareShop"],"picked":"ExusiaiGun"}],"items_purged_floors":[],"is_endless":false,"potions_floor_spawned":[2,4,13,15,16,22,27,32,33,47,48],"ascension_level":0}}