{"host":"axuns55dzq466eei","time":1609476589,"event":{"mods":["BaseMod","Colored Map","Keyboard Shortcuts","Minty Spire (QoL Compilation)","StSLib","SuperFastMode"],"gold_per_floor":[111,111,111,125,29,63,81,81,81,98,109,125,125,125,125,202,202,218,233,233,233,233,233],"floor_reached":22,"playtime":481,"items_purged":[],"score":422,"play_id":"0070cf3e-3df0-4de3-89d3-d59359cd9a0d","local_time":"20210101134949","is_ascension_mode":true,"campfire_choices":[{"data":"Noxious Fumes","floor":8,"key":"SMITH"},{"data":"Cloak And Dagger","floor":13,"key":"SMITH"},{"data":"Accuracy","floor":15,"key":"SMITH"}],"circlet_count":0,"master_deck":["AscendersBane","Strike_G","Strike_G","Defend_G","Defend_G","Defend_G","Defend_G","Survivor","Neutralize","Dagger Throw","Noxious Fumes+1","Tactician","Prepared","Venomology","Deadly Poison","Accuracy+1","Accuracy+1","Cloak And Dagger+1","Venomology","Finisher","Well Laid Plans","A Thousand Cuts","Masterful Stab"],"relics":["Ring of the Snake","NeowsBlessing","Blood Vial","Oddly Smooth Stone","Empty Cage"],"acts_visited":["Exordium","TheCity"],"potions_floor_usage":[7,10,16,16,18,19,19],"damage_taken":[{"damage":0.0,"enemies":"Jaw Worm","floor":1.0,"turns":1.0},{"damage":0.0,"enemies":"Cultist","floor":4.0,"turns":1.0},{"damage":0.0,"enemies":"Lagavulin","floor":6.0,"turns":1.0},{"damage":5,"enemies":"Small Slimes","floor":7,"turns":4},{"damage":2,"enemies":"3 Louse","floor":10,"turns":3},{"damage":4,"enemies":"Looter","floor":11,"turns":4},{"damage":5,"enemies":"Blue Slaver","floor":12,"turns":5},{"damage":35,"enemies":"Hexaghost","floor":16,"turns":6},{"damage":39,"enemies":"Spheric Guardian","floor":18,"turns":6},{"damage":17,"enemies":"Shell Parasite","floor":19,"turns":4},{"damage":29,"enemies":"3 Cultists","floor":22,"turns":3}],"seed_played":"7156779472113943766","potions_obtained":[{"floor":4.0,"key":"ColorlessPotion"},{"floor":6.0,"key":"DuplicationPotion"}],"is_trial":false,"path_per_floor":["M","?","T","M","$","E","M","R","T","M","M","M","R","?","R","B",null,"M","M","?","?","M"],"character_chosen":"THE_SILENT","items_purchased":["Tactician","Prepared"],"campfire_rested":0,"item_purchase_floors":[5,5],"current_hp_per_floor":[59,64,64,66,66,68,65,65,65,65,63,60,60,60,60,27,60,23,20,20,20,0,0],"gold":233,"neow_bonus":"THREE_ENEMY_KILL","is_daily":false,"chose_seed":false,"campfire_upgraded":3,"win_rate":0.0,"timestamp":1609476589,"path_taken":["M","?","?","?","$","E","M","R","T","M","M","M","R","?","R","BOSS","M","M","?","?","M"],"items_purchased_type":["Card","Card"],"build_version":"2020-12-22","purchased_purges":0,"victory":false,"max_hp_per_floor":[66,71,71,71,71,71,71,71,71,71,71,71,71,71,71,71,71,71,71,71,71,71,71],"card_choices":[{"not_picked":["Flying Knee","Sucker Punch"],"picked":"Dagger Throw","floor":1.0},{"not_picked":["PiercingWail","Choke"],"picked":"Noxious Fumes","floor":4.0},{"not_picked":["Flying Knee","Infinite Blades"],"picked":"Venomology","floor":6.0},{"not_picked":["Finisher","Dodge and Roll"],"picked":"Deadly Poison","floor":7},{"not_picked":["Dagger Throw","Dodge and Roll"],"picked":"Accuracy","floor":10},{"not_picked":["Deflect","Backflip"],"picked":"Accuracy","floor":11},{"not_picked":["Dagger Spray","Prepared"],"picked":"Cloak And Dagger","floor":12},{"not_picked":["Grand Finale","Die Die Die"],"picked":"Venomology","floor":16},{"not_picked":["Underhanded Strike","Crippling Poison"],"picked":"Finisher","floor":18},{"not_picked":["Poisoned Stab","Catalyst"],"picked":"Well Laid Plans","floor":19}],"player_experience":1044295,"relics_obtained":[{"floor":3.0,"key":"Blood Vial"},{"floor":6.0,"key":"Oddly Smooth Stone"}],"event_choices":[{"damage_healed":0.0,"max_hp_gain":5.0,"max_hp_loss":0.0,"gold_gain":0.0,"event_name":"Big Fish","player_choice":"Donut","floor":2.0,"gold_loss":0.0,"damage_taken":0.0},{"damage_healed":0,"gold_gain":0,"player_choice":"Grow","damage_taken":0,"max_hp_gain":0,"max_hp_loss":0,"event_name":"Living Wall","floor":14,"gold_loss":0,"cards_upgraded":["Accuracy"]},{"damage_healed":0,"gold_gain":0,"player_choice":"Ignored","damage_taken":0,"max_hp_gain":0,"max_hp_loss":0,"event_name":"Vampires","floor":20,"gold_loss":0},{"damage_healed":0,"gold_gain":0,"cards_transformed":["Strike_G","Defend_G"],"player_choice":"Became Test Subject","damage_taken":0,"max_hp_gain":0,"max_hp_loss":0,"event_name":"Drug Dealer","floor":21,"gold_loss":0,"cards_obtained":["A Thousand Cuts","Masterful Stab"]}],"is_beta":false,"boss_relics":[{"not_picked":["Black Star","Sozu"],"picked":"Empty Cage"}],"items_purged_floors":[],"is_endless":false,"potions_floor_spawned":[4,6,7,18],"killed_by":"3 Cultists","ascension_level":20}}