{"host":"r6jigiblrojhp6xe","time":1609477859,"event":{"mods":["AchievementEnabler","BaseMod","DeckTracker","Minty Spire (QoL Compilation)","Quick Restart","Rare Cards Sparkle","Relic Stats","StSLib","SuperFastMode","The Cursed","everything is the same but u backflip on backflip"],"gold_per_floor":[115,215,234,50,75,104,115,115,115,134,134,134,168,193,193,291,291,305,323,149,163,181,221,239,154,207,207,240,240,264,280,280,374,374,392,259,279,310,334,370,370,388,388,116,156,156,171,171,171,171,171,171,171,24,55,55,55],"floor_reached":56,"playtime":3848,"items_purged":[],"score":2218,"play_id":"c01c612f-48d4-41d5-828b-67af064b7989","local_time":"20210101141059","is_ascension_mode":true,"campfire_choices":[{"data":"Apotheosis","floor":11.0,"key":"SMITH"},{"floor":15.0,"key":"REST"},{"floor":29.0,"key":"RECALL"},{"data":"Self Repair","floor":32.0,"key":"SMITH"},{"floor":46.0,"key":"REST"},{"floor":49.0,"key":"REST"},{"floor":53.0,"key":"REST"}],"circlet_count":0,"master_deck":["AscendersBane","Strike_B","Strike_B","Defend_B","Defend_B","Defend_B","Defend_B","Zap","Dualcast","Cold Snap","Defragment","Apotheosis+1","Conserve Battery","Coolheaded","Go for the Eyes","Go for the Eyes","Aggregate","Electrodynamics","Sunder","Darkness","Self Repair+1","All For One","Hologram","Stack","Hologram","Thunder Strike","Coolheaded","Stack","FTL","Rainbow","Skim+1","Coolheaded","Loop","Compile Driver","Chaos","Stack+1","Deep Breath","Buffer","Turbo","Panacea","Sweeping Beam","Buffer"],"relics":["Cracked Core","NeowsBlessing","Bag of Preparation","Turnip","Golden Idol","Symbiotic Virus","Gremlin Horn","Bottled Lightning","Sozu","Pantograph","Oddly Smooth Stone","Centennial Puzzle","Fusion Hammer","Mango","White Beast Statue","Gambling Chip","Bag of Marbles","Shuriken"],"acts_visited":["Exordium","TheCity","TheBeyond","TheEnding"],"potions_floor_usage":[56],"damage_taken":[{"damage":0.0,"enemies":"Jaw Worm","floor":1.0,"turns":1.0},{"damage":0.0,"enemies":"Cultist","floor":3.0,"turns":1.0},{"damage":0.0,"enemies":"Lagavulin","floor":6.0,"turns":1.0},{"damage":5.0,"enemies":"Small Slimes","floor":7.0,"turns":4.0},{"damage":4.0,"enemies":"Looter","floor":10.0,"turns":4.0},{"damage":0.0,"enemies":"3 Sentries","floor":13.0,"turns":5.0},{"damage":0.0,"enemies":"Large Slime","floor":14.0,"turns":3.0},{"damage":0.0,"enemies":"The Guardian","floor":16.0,"turns":11.0},{"damage":5.0,"enemies":"Shell Parasite","floor":18.0,"turns":4.0},{"damage":0.0,"enemies":"Spheric Guardian","floor":19.0,"turns":3.0},{"damage":3.0,"enemies":"Snake Plant","floor":21.0,"turns":3.0},{"damage":2.0,"enemies":"Sentry and Sphere","floor":22.0,"turns":3.0},{"damage":4.0,"enemies":"Gremlin Leader","floor":23.0,"turns":5.0},{"damage":3.0,"enemies":"Centurion and Healer","floor":24.0,"turns":4.0},{"damage":20.0,"enemies":"Book of Stabbing","floor":28.0,"turns":5.0},{"damage":0.0,"enemies":"Snecko","floor":30.0,"turns":4.0},{"damage":0.0,"enemies":"Cultist and Chosen","floor":31.0,"turns":4.0},{"damage":13.0,"enemies":"Automaton","floor":33.0,"turns":10.0},{"damage":13.0,"enemies":"3 Darklings","floor":35.0,"turns":2.0},{"damage":0.0,"enemies":"Orb Walker","floor":37.0,"turns":2.0},{"damage":0.0,"enemies":"Mind Bloom Boss Battle","floor":38.0,"turns":5.0},{"damage":0.0,"enemies":"Spire Growth","floor":39.0,"turns":4.0},{"damage":36.0,"enemies":"Giant Head","floor":40.0,"turns":7.0},{"damage":6.0,"enemies":"3 Darklings","floor":42.0,"turns":3.0},{"damage":0.0,"enemies":"Reptomancer","floor":45.0,"turns":4.0},{"damage":0.0,"enemies":"Maw","floor":47.0,"turns":7.0},{"damage":20.0,"enemies":"Awakened One","floor":50.0,"turns":14.0},{"damage":40.0,"enemies":"Time Eater","floor":51.0,"turns":12.0},{"damage":20.0,"enemies":"Shield and Spear","floor":55.0,"turns":5.0},{"damage":82,"enemies":"The Heart","floor":56,"turns":9}],"seed_played":"-5103865029071343009","potions_obtained":[{"floor":3.0,"key":"Energy Potion"},{"floor":7.0,"key":"EssenceOfSteel"},{"floor":14.0,"key":"SteroidPotion"}],"is_trial":false,"path_per_floor":["M","?","M","$","T","E","M","?","T","M","R","?","E","M","R","B",null,"M","M","$","M","M","E","M","?","T","?","E","R","M","M","R","B",null,"M","$","M","?","M","E","?","M","T","$","E","R","M","?","R","B","B",null,"R","$","E","B"],"character_chosen":"DEFECT","items_purchased":["Apotheosis","Self Repair","All For One","Coolheaded","Loop","Deep Breath","Buffer","Turbo","Panacea","Sweeping Beam"],"campfire_rested":4,"item_purchase_floors":[4,20,20,36,36,44,44,44,54,54],"current_hp_per_floor":[64,64,64,64,64,64,59,59,59,55,55,37,37,37,56,56,62,57,57,57,64,64,64,64,64,64,64,54,54,64,64,64,61,63,60,60,60,78,78,42,42,46,46,46,56,78,78,78,78,68,48,71,78,78,68,0,0],"gold":55,"neow_bonus":"THREE_ENEMY_KILL","is_daily":false,"chose_seed":false,"campfire_upgraded":2,"win_rate":0.0,"timestamp":1609477859,"path_taken":["M","?","M","$","?","E","M","?","T","M","R","?","E","M","R","BOSS","M","M","$","M","M","E","M","?","T","?","E","R","M","M","R","BOSS","M","$","M","?","M","E","?","M","T","$","E","R","M","?","R","BOSS","BOSS","R","$","E","BOSS"],"items_purchased_type":["Card","Card","Card","Card","Card","Card","Card","Card","Card","Card"],"build_version":"2020-12-22","purchased_purges":0,"victory":false,"max_hp_per_floor":[71,71,71,71,71,71,71,64,64,64,64,64,64,64,64,64,64,64,64,64,64,64,64,64,64,64,64,64,64,64,64,64,64,64,64,64,64,78,78,78,78,78,78,78,78,78,78,78,78,78,78,78,78,78,78,78,78],"relic_stats":{"Sozu":7,"Centennial Puzzle":[24],"Gremlin Horn":[23,23],"counters":[30,148],"Golden Idol":180,"Shuriken":[2],"Pantograph":24,"Gambling Chip":[29],"Turnip":[25],"Bag of Preparation":[56],"obtain_stats":[{"NeowsBlessing":0,"Gremlin Horn":12,"Golden Idol":8,"Oddly Smooth Stone":25,"Mango":38,"Bag of Preparation":5,"White Beast Statue":40,"Sozu":17,"Centennial Puzzle":28,"Shuriken":55,"Pantograph":23,"Gambling Chip":43,"Turnip":6,"Fusion Hammer":34,"Bag of Marbles":45,"Bottled Lightning":13,"Cracked Core":0,"Symbiotic Virus":9},{"NeowsBlessing":0,"Gremlin Horn":5,"Golden Idol":4,"Oddly Smooth Stone":14,"Mango":21,"Bag of Preparation":2,"White Beast Statue":23,"Sozu":8,"Centennial Puzzle":15,"Shuriken":29,"Pantograph":13,"Gambling Chip":24,"Turnip":3,"Fusion Hammer":18,"Bag of Marbles":25,"Bottled Lightning":6,"Cracked Core":0,"Symbiotic Virus":4},{"NeowsBlessing":0,"Gremlin Horn":11,"Golden Idol":7,"Oddly Smooth Stone":52,"Mango":84,"Bag of Preparation":2,"White Beast Statue":95,"Sozu":30,"Centennial Puzzle":57,"Shuriken":139,"Pantograph":48,"Gambling Chip":98,"Turnip":3,"Fusion Hammer":75,"Bag of Marbles":102,"Bottled Lightning":16,"Cracked Core":0,"Symbiotic Virus":7}]},"card_choices":[{"not_picked":["Barrage","Force Field"],"picked":"Cold Snap","floor":1.0},{"not_picked":["Consume","Gash"],"picked":"Defragment","floor":3.0},{"not_picked":["Steam","Rebound"],"picked":"Conserve Battery","floor":6.0},{"not_picked":["Barrage","Reinforced Body"],"picked":"Coolheaded","floor":7.0},{"not_picked":["Steam","Rebound"],"picked":"Go for the Eyes","floor":10.0},{"not_picked":["Conserve Battery","Barrage"],"picked":"Go for the Eyes","floor":13.0},{"not_picked":["Ball Lightning","Turbo"],"picked":"Aggregate","floor":14.0},{"not_picked":["Machine Learning","Multi-Cast"],"picked":"Electrodynamics","floor":16.0},{"not_picked":["Hello World","Leap"],"picked":"Sunder","floor":18.0},{"not_picked":["Storm","Streamline"],"picked":"Darkness","floor":19.0},{"not_picked":["Reprogram","Chaos"],"picked":"Hologram","floor":21.0},{"not_picked":["Compile Driver","Conserve Battery"],"picked":"Stack","floor":22.0},{"not_picked":["All For One","Leap","Reprogram"],"picked":"SKIP","floor":23.0},{"not_picked":["Heatsinks","Rebound"],"picked":"Hologram","floor":24.0},{"not_picked":["Aggregate","All For One"],"picked":"Coolheaded","floor":28.0},{"not_picked":["Conserve Battery+1","Turbo"],"picked":"Stack","floor":30.0},{"not_picked":["Cold Snap","Leap"],"picked":"FTL","floor":31.0},{"not_picked":["Reboot","Hyperbeam"],"picked":"Rainbow","floor":33.0},{"not_picked":["Aggregate","Rebound"],"picked":"Skim+1","floor":35.0},{"not_picked":["Heatsinks","Gash"],"picked":"Compile Driver","floor":37.0},{"not_picked":["Reinforced Body","Rebound"],"picked":"Chaos","floor":39.0},{"not_picked":["Ball Lightning","FTL"],"picked":"Stack+1","floor":40.0},{"not_picked":["Force Field","Compile Driver","Steam Power"],"picked":"SKIP","floor":42.0},{"not_picked":["Streamline","Steam","Go for the Eyes+1"],"picked":"SKIP","floor":45.0},{"not_picked":["Steam","Hello World","Rebound"],"picked":"SKIP","floor":47.0},{"not_picked":["Doom and Gloom","Sweeping Beam+1"],"picked":"Buffer","floor":55.0}],"player_experience":553480,"relics_obtained":[{"floor":5.0,"key":"Bag of Preparation"},{"floor":6.0,"key":"Turnip"},{"floor":9.0,"key":"Symbiotic Virus"},{"floor":13.0,"key":"Bottled Lightning"},{"floor":23.0,"key":"Pantograph"},{"floor":28.0,"key":"Centennial Puzzle"},{"floor":38.0,"key":"Mango"},{"floor":40.0,"key":"White Beast Statue"},{"floor":43.0,"key":"Gambling Chip"},{"floor":45.0,"key":"Bag of Marbles"},{"floor":55.0,"key":"Shuriken"}],"event_choices":[{"damage_healed":0.0,"max_hp_gain":0.0,"max_hp_loss":0.0,"gold_gain":100.0,"event_name":"Wheel of Change","player_choice":"Gold","floor":2.0,"gold_loss":0.0,"damage_taken":0.0},{"damage_healed":0.0,"max_hp_gain":0.0,"max_hp_loss":7.0,"gold_gain":0.0,"event_name":"Golden Idol","player_choice":"Lose Max HP","floor":8.0,"gold_loss":0.0,"damage_taken":0.0,"relics_obtained":["Golden Idol"]},{"damage_healed":0.0,"max_hp_gain":0.0,"max_hp_loss":0.0,"gold_gain":0.0,"event_name":"Scrap Ooze","player_choice":"Success","floor":12.0,"gold_loss":0.0,"damage_taken":18.0,"relics_obtained":["Gremlin Horn"]},{"damage_healed":0.0,"max_hp_gain":0.0,"max_hp_loss":0.0,"gold_gain":0.0,"event_name":"Addict","player_choice":"Obtained Relic","floor":25.0,"gold_loss":85.0,"damage_taken":0.0,"relics_obtained":["Oddly Smooth Stone"]},{"damage_healed":0.0,"max_hp_gain":0.0,"max_hp_loss":0.0,"gold_gain":0.0,"cards_transformed":["Strike_B"],"event_name":"Transmorgrifier","player_choice":"Transformed","floor":27.0,"gold_loss":0.0,"damage_taken":0.0,"cards_obtained":["Thunder Strike"]},{"damage_healed":0.0,"max_hp_gain":0.0,"max_hp_loss":0.0,"gold_gain":0.0,"event_name":"MindBloom","player_choice":"Fight","floor":38.0,"gold_loss":0.0,"damage_taken":0.0},{"damage_healed":0.0,"max_hp_gain":0.0,"max_hp_loss":0.0,"gold_gain":0.0,"event_name":"Tomb of Lord Red Mask","player_choice":"Ignored","floor":41.0,"gold_loss":0.0,"damage_taken":0.0},{"cards_removed":["Strike_B"],"damage_healed":0.0,"max_hp_gain":0.0,"max_hp_loss":0.0,"gold_gain":0.0,"event_name":"Falling","player_choice":"Removed Attack","floor":48.0,"gold_loss":0.0,"damage_taken":0.0}],"is_beta":false,"boss_relics":[{"not_picked":["FrozenCore","Runic Pyramid"],"picked":"Sozu"},{"not_picked":["Black Star","Philosopher\u0027s Stone"],"picked":"Fusion Hammer"}],"items_purged_floors":[],"is_endless":false,"potions_floor_spawned":[3,7,14,19,21,28,33,42,45,47,55],"killed_by":"The Heart","ascension_level":20}}