{"host":"ac6e1xz8pi3qqstb","time":1609505109,"event":{"mods":["BaseMod","Minty Spire (QoL Compilation)","MostiFishMod","Relic Stats","Replay The Spire","StSLib","[IsaacMod]ÒÔÈö¼âËþ","¡¾ÒÅÎï¿¨ÅÆ¡¿REMEMod"],"gold_per_floor":[119,71,83,100,100,132,151,151,151,208,208,208,220,75,87,103,103,202,202,216,233,245,258,258,258,275,275,275,275,153,178,298,308,308,406,406,416,430,430,430,430],"floor_reached":40,"playtime":2086,"items_purged":[],"score":469,"play_id":"5730514e-8681-4fd8-aba7-40fa775d5f6c","local_time":"20210101204509","is_ascension_mode":false,"campfire_choices":[{"data":"Armaments","floor":8.0,"key":"SMITH"},{"floor":25.0,"key":"REST"},{"floor":27.0,"key":"REST"},{"floor":34.0,"key":"REST"}],"circlet_count":0,"master_deck":["Strike_R+1","Strike_R+1","Defend_R+1","Defend_R+1","Defend_R+1","Defend_R+1","MostiFishMod:StarOceanB+1","Flame Barrier+1","Body Slam+1","Body Slam+1","Armaments+1","REME_Scribble+1","Barricade+1","Run Through+1","Replay:Undeath\u0027s Touch+1","Warcry+1","Life Link+1","Flex+1","Necronomicurse","PanicButton+1","Shrug It Off+1","Seeing Red+1","Armaments+1","Impervious+1","ReplayTheSpireMod:Splinters","Hallucinations","Shrug It Off+1"],"relics":["Burning Blood","DaveBox","REME_ComplimentaryCards","HushsDoor","TheBean","DSteel32","SynthV:TestCard","Ring of Hypnosis","AnarchistCookbook","Chameleon Ring","Blue Doll","Replay:Grab Bag","Fusion Hammer","Darkstone Periapt","Necronomicon","Bag of Marbles","Kintsugi"],"acts_visited":["Exordium","TheCity","TheBeyond"],"potions_floor_usage":[40],"damage_taken":[{"damage":5.0,"enemies":"Jaw Worm","floor":1.0,"turns":4.0},{"damage":1.0,"enemies":"Cultist","floor":3.0,"turns":4.0},{"damage":6.0,"enemies":"2 Louse","floor":4.0,"turns":2.0},{"damage":6.0,"enemies":"Gremlin Nob","floor":6.0,"turns":3.0},{"damage":4.0,"enemies":"2 Fungi Beasts","floor":7.0,"turns":3.0},{"damage":7.0,"enemies":"Exordium Wildlife","floor":10.0,"turns":3.0},{"damage":16.0,"enemies":"Exordium Thugs","floor":13.0,"turns":4.0},{"damage":2.0,"enemies":"2 Fungi Beasts","floor":15.0,"turns":4.0},{"damage":0.0,"enemies":"Looter","floor":16.0,"turns":3.0},{"damage":68.0,"enemies":"Slime Boss","floor":18.0,"turns":12.0},{"damage":19.0,"enemies":"Spheric Guardian","floor":20.0,"turns":6.0},{"damage":24.0,"enemies":"Shell Parasite","floor":21.0,"turns":8.0},{"damage":5.0,"enemies":"Snecko","floor":22.0,"turns":4.0},{"damage":6.0,"enemies":"Centurion and Healer","floor":23.0,"turns":8.0},{"damage":42.0,"enemies":"Cultist and Chosen","floor":26.0,"turns":10.0},{"damage":11.0,"enemies":"Snake Plant","floor":32.0,"turns":4.0},{"damage":21.0,"enemies":"Sentry and Sphere","floor":33.0,"turns":5.0},{"damage":46.0,"enemies":"Champ","floor":35.0,"turns":11.0},{"damage":15,"enemies":"3 Darklings","floor":37,"turns":9},{"damage":25,"enemies":"Orb Walker","floor":38,"turns":7},{"damage":123,"enemies":"2 Orb Walkers","floor":40,"turns":6}],"seed_played":"7145069848476058062","potions_obtained":[{"floor":1.0,"key":"Milkshake"},{"floor":6.0,"key":"SteroidPotion"},{"floor":7.0,"key":"REME_GoldPotion"},{"floor":13.0,"key":"HeartOfIron"},{"floor":18.0,"key":"Doom Potion"},{"floor":21.0,"key":"Regen Potion"},{"floor":22.0,"key":"LifebloodPotion"},{"floor":24.0,"key":"SkillPotion"},{"floor":24.0,"key":"Energy Potion"},{"floor":24.0,"key":"CultistPotion"},{"floor":33.0,"key":"Fire Potion"}],"is_trial":false,"path_per_floor":["M","$","M","M","?","E","M","R","T","M","PTL","PTL","M","$","M","M","R","B",null,"M","M","M","M","?","R","M","R","T","?","$","T","M","M","R","B",null,"M","M","$","?"],"character_chosen":"IRONCLAD","items_purchased":["Body Slam","Blue Doll","Barricade","PanicButton","Shrug It Off","Anger+1"],"campfire_rested":3,"item_purchase_floors":[2,14,19,30,30,30],"current_hp_per_floor":[80,80,80,80,80,80,80,80,80,79,79,79,71,71,77,83,84,25,84,74,59,63,66,66,94,61,90,90,80,80,80,78,63,95,58,123,117,101,101,0,0],"gold":430,"neow_bonus":"UPGRADE_CARD","is_daily":false,"chose_seed":false,"campfire_upgraded":1,"win_rate":0.0,"timestamp":1609505109,"path_taken":["M","$","M","M","?","E","M","R","T","M","PTL","PTL","M","$","M","M","R","BOSS","M","M","?","M","?","R","M","R","T","?","$","?","?","M","R","BOSS","M","M","$","?"],"items_purchased_type":["Card","Relic","Card","Card","Card","Card"],"build_version":"2020-12-22","purchased_purges":0,"victory":false,"max_hp_per_floor":[80,80,80,80,80,80,80,80,80,80,80,80,82,82,84,84,84,87,84,87,90,93,96,96,96,99,99,99,105,105,105,108,108,108,111,123,126,129,129,132,132],"relic_stats":{"Darkstone Periapt":18,"counters":[21,120],"Necronomicon":[5],"obtain_stats":[{"KeepersGift":0,"DSteel32":0,"AnarchistCookbook":6,"Darkstone Periapt":28,"DaveBox":0,"Ring of Hypnosis":5,"Replay:Grab Bag":19,"Blue Doll":14,"Burning Blood":0,"TheBean":0,"SynthV:TestCard":1,"Chameleon Ring":9,"Fusion Hammer":19,"Necronomicon":29,"Bag of Marbles":31,"Kintsugi":36,"HushsDoor":0,"REME_ComplimentaryCards":0},{"KeepersGift":0,"DSteel32":0,"AnarchistCookbook":4,"Darkstone Periapt":15,"DaveBox":0,"Ring of Hypnosis":3,"Replay:Grab Bag":10,"Blue Doll":7,"Burning Blood":0,"TheBean":0,"SynthV:TestCard":1,"Chameleon Ring":5,"Fusion Hammer":10,"Necronomicon":15,"Bag of Marbles":15,"Kintsugi":18,"HushsDoor":0,"REME_ComplimentaryCards":0},{"KeepersGift":0,"DSteel32":0,"AnarchistCookbook":13,"Darkstone Periapt":78,"DaveBox":0,"Ring of Hypnosis":10,"Replay:Grab Bag":42,"Blue Doll":23,"Burning Blood":0,"TheBean":0,"SynthV:TestCard":4,"Chameleon Ring":16,"Fusion Hammer":42,"Necronomicon":78,"Bag of Marbles":78,"Kintsugi":98,"HushsDoor":0,"REME_ComplimentaryCards":0}],"Burning Blood":112},"card_choices":[{"not_picked":["Headbutt","Inflame"],"picked":"Flame Barrier","floor":1.0},{"not_picked":["Rampage","ReplayTheSpireMod:Strike From Hell","Perfected Strike","Replay:Undeath\u0027s Touch"],"picked":"Body Slam","floor":3.0},{"not_picked":["Shrug It Off","Clash","MostiFishMod:FireWorks","Ghostly Armor"],"picked":"Armaments","floor":4.0},{"not_picked":["Pommel Strike","Run Through","Anger","ReplayTheSpireMod:Muscle Training","MostiFishMod:ChineseTea"],"picked":"SKIP","floor":6.0},{"not_picked":["Bloodletting","Cleave","Wild Strike","Sword Boomerang","Pommel Strike"],"picked":"SKIP","floor":7.0},{"not_picked":["Shockwave","Pommel Strike","Twin Strike","Replay:Undeath\u0027s Touch"],"picked":"REME_Scribble","floor":10.0},{"not_picked":["Clothesline","Sword Boomerang","Replay:Undeath\u0027s Touch","Clash","Burning Pact"],"picked":"SKIP","floor":13.0},{"not_picked":["Pummel","Clothesline","Run Through","REME_FearOfPain","ReplayTheSpireMod:Strike From Hell"],"picked":"SKIP","floor":15.0},{"not_picked":["Heavy Blade","MostiFishMod:BrandingRite","Clash","Wild Strike","Hemokinesis"],"picked":"SKIP","floor":16.0},{"not_picked":["ReplayTheSpireMod:Corrosion Curse+1","Clash+1","REME_Scribble","Replay:Undeath\u0027s Touch"],"picked":"Run Through+1","floor":20.0},{"not_picked":["Clash","Heavy Blade","Searing Blow+1","Evolve+1"],"picked":"Replay:Undeath\u0027s Touch+1","floor":21.0},{"not_picked":["Headbutt+1","MostiFishMod:WingOfPhoenix","Thunderclap","Heavy Blade+1"],"picked":"Warcry+1","floor":22.0},{"not_picked":["Cleave","Clothesline","Sentinel","Anger+1"],"picked":"Life Link","floor":23.0},{"not_picked":["Havoc+1","Thunderclap","Pummel+1","Evolve+1"],"picked":"Flex+1","floor":26.0},{"not_picked":["MostiFishMod:Mania","Anger+1","ReplayTheSpireMod:Strike From Hell","Inflame"],"picked":"Seeing Red","floor":32.0},{"not_picked":["Reckless Charge","Heavy Blade","Massacre","Warcry"],"picked":"Armaments+1","floor":33.0},{"not_picked":["MostiFishMod:ChineseTea","Offering","Demon Form","Replay:Many Hands"],"picked":"Impervious","floor":35.0},{"not_picked":["Flex+1","Sentinel","Evolve","REME_Scribble","Dark Embrace"],"picked":"SKIP","floor":37},{"not_picked":["Spot Weakness+1","Cleave","Clash","Anger+1"],"picked":"Shrug It Off+1","floor":38}],"player_experience":397315,"relics_obtained":[{"floor":1.0,"key":"SynthV:TestCard"},{"floor":5.0,"key":"Ring of Hypnosis"},{"floor":6.0,"key":"AnarchistCookbook"},{"floor":9.0,"key":"Chameleon Ring"},{"floor":28.0,"key":"Darkstone Periapt"},{"floor":29.0,"key":"Necronomicon"},{"floor":31.0,"key":"Bag of Marbles"}],"event_choices":[{"damage_healed":0.0,"max_hp_gain":0.0,"max_hp_loss":0.0,"gold_gain":0.0,"event_name":"Lab","player_choice":"Got Potions","floor":24.0,"gold_loss":0.0,"damage_taken":0.0},{"damage_healed":0.0,"max_hp_gain":0.0,"max_hp_loss":0.0,"gold_gain":0.0,"event_name":"Cursed Tome","player_choice":"Obtained Book","floor":29.0,"gold_loss":0.0,"damage_taken":16.0},{"damage_healed":0,"gold_gain":0,"player_choice":"Fight","damage_taken":0,"max_hp_gain":0,"max_hp_loss":0,"event_name":"Mysterious Sphere","floor":40,"gold_loss":0}],"is_beta":false,"boss_relics":[{"not_picked":["SlaversCollar","REME_LowDesire"],"picked":"Replay:Grab Bag"},{"not_picked":["Coffee Dripper","ChewingGum"],"picked":"Fusion Hammer"},{"not_picked":[]},{"not_picked":["Runic Pyramid","OneHitWonderSystem"],"picked":"Kintsugi"},{"not_picked":[]}],"items_purged_floors":[],"is_endless":false,"potions_floor_spawned":[1,6,7,13,15,18,21,22,33],"killed_by":"2 Orb Walkers","ascension_level":0}}