{"host":"258i9hh742n85m0z","time":1609505828,"event":{"mods":["Act Like it!","Arknights The Spire","BaseMod","CapriCore","Decade(王小明)","Friendly Minions","Gensokyo","HololiveMod","Minty Spire (QoL Compilation)","Quick Restart","Relic Stats","Replay The Spire","RumiaBox-露米娅的神秘盒子","StSLib"],"gold_per_floor":[76,88,88,108,127,158,158,158,207,238,238,258,278,293,293,395,395,395,395],"floor_reached":18,"playtime":1636,"items_purged":[],"score":329,"play_id":"b2576664-ca94-4368-8081-70aecee3265f","local_time":"20210101205708","is_ascension_mode":true,"campfire_choices":[{"data":"Hololive_StrengthChampion","floor":8,"key":"SMITH"},{"data":"Hololive_CallAyundaRisu","floor":11,"key":"SMITH"},{"data":"Hololive_StrengthChampion+1","floor":15,"key":"SMITH"}],"circlet_count":0,"master_deck":["Hololive_CallYuzukiChoco","Hololive_CallAyundaRisu","Hololive_CallRosalyn","Hololive_CallInugamiKorone","Hololive_CallTsunomakiWatame","Hololive_CallAyundaRisu+1","Hololive_CallAZKi","Hololive_CallUsadaPekora","Hololive_Rebound","Hololive_CallOkamiMio","Hololive_StrengthChampion+2","Hololive_CallCivia","Hololive_MaximGun","Hololive_CallYukihanaLamy","Hololive_CallManoAloe","Hololive_CallNakiriAyame","Hololive_DurableLive"],"relics":["Hololive_TheStar","Anchor","Replay:Wax Seal","Empty Cage"],"acts_visited":["Exordium","Gensokyo:Gensokyoer"],"potions_floor_usage":[18],"damage_taken":[{"damage":0,"enemies":"Cultist","floor":1,"turns":3},{"damage":0,"enemies":"2 Louse","floor":2,"turns":2},{"damage":0,"enemies":"Small Slimes","floor":4,"turns":3},{"damage":0,"enemies":"2 Fungi Beasts","floor":5,"turns":3},{"damage":0,"enemies":"Gremlin Nob","floor":6,"turns":4},{"damage":0,"enemies":"3 Sentries","floor":10,"turns":12},{"damage":0,"enemies":"Blue Slaver","floor":12,"turns":3},{"damage":0,"enemies":"Exordium Wildlife","floor":13,"turns":3},{"damage":0,"enemies":"2 Fungi Beasts","floor":14,"turns":2},{"damage":0,"enemies":"The Guardian","floor":16,"turns":7},{"damage":30,"enemies":"Gensokyo:3_Dogs","floor":18,"turns":6}],"seed_played":"5549000003953004140","potions_obtained":[{"floor":4,"key":"SteroidPotion"},{"floor":6,"key":"Energy Potion"},{"floor":13,"key":"SteroidPotion"}],"is_trial":false,"path_per_floor":["M","M","?","M","M","E","?","R","T","E","R","M","M","M","R","B",null,"M"],"character_chosen":"Hololive_HololiveCharacter","items_purchased":[],"campfire_rested":0,"item_purchase_floors":[],"current_hp_per_floor":[32,32,32,32,32,32,32,32,32,32,32,32,32,32,32,32,32,2,2],"gold":395,"neow_bonus":"TRANSFORM_TWO_CARDS","is_daily":false,"chose_seed":false,"campfire_upgraded":3,"win_rate":0.0,"timestamp":1609505828,"path_taken":["M","M","?","?","M","E","?","R","T","E","R","?","M","M","R","BOSS","M"],"items_purchased_type":[],"build_version":"2020-12-22","purchased_purges":0,"victory":false,"max_hp_per_floor":[32,32,32,32,32,32,32,32,32,32,32,32,32,32,32,32,32,32,32],"relic_stats":{"counters":[11,48],"obtain_stats":[{"Anchor":9,"Hololive_TheStar":0,"Replay:Wax Seal":10,"Empty Cage":17},{"Anchor":5,"Hololive_TheStar":0,"Replay:Wax Seal":6,"Empty Cage":10},{"Anchor":15,"Hololive_TheStar":0,"Replay:Wax Seal":27,"Empty Cage":42}]},"card_choices":[{"not_picked":["Hololive_OvertimeWork","Hololive_Psychosis","Hololive_CallInugamiKorone"],"picked":"Hololive_FlyingPonyTail","floor":1},{"not_picked":["Hololive_OvertimeWork","Hololive_Yoholoon","Hololive_CallOzoraSubaru"],"picked":"Hololive_CallUsadaPekora","floor":2},{"not_picked":["Hololive_CallUsadaPekora","Hololive_LuckPotion","Hololive_Trident"],"picked":"Hololive_CallOkamiMio","floor":4},{"not_picked":["Hololive_Breathe","Hololive_Sequa","Hololive_ILoveYou"],"picked":"Hololive_StrengthChampion","floor":5},{"not_picked":["Hololive_LuckPotion","Hololive_StrengthChampion","Hololive_Psychosis"],"picked":"Hololive_CallCivia","floor":6},{"not_picked":["Hololive_FlyingPonyTail","Hololive_Psychosis","Hololive_Drill"],"picked":"Hololive_MaximGun","floor":10},{"not_picked":["Hololive_Trident","Hololive_RevenueBasedLive","Hololive_FlyingPonyTail"],"picked":"Hololive_CallYukihanaLamy","floor":12},{"not_picked":["Hololive_DevilCharm","Hololive_HuntDinosaur","Hololive_Sequa"],"picked":"Hololive_CallManoAloe","floor":13},{"not_picked":["Hololive_Trident","Hololive_FlyingPonyTail","Hololive_CallFriendA"],"picked":"Hololive_CallNakiriAyame","floor":14},{"not_picked":["Hololive_OpenUp","Hololive_DDD","Hololive_AWSL"],"picked":"Hololive_DurableLive","floor":16}],"player_experience":168172,"relics_obtained":[{"floor":9,"key":"Anchor"},{"floor":10,"key":"Replay:Wax Seal"}],"event_choices":[{"damage_healed":0,"gold_gain":0,"cards_transformed":["Hololive_FlyingPonyTail"],"player_choice":"Transformed","damage_taken":0,"max_hp_gain":0,"max_hp_loss":0,"event_name":"Transmorgrifier","floor":3,"gold_loss":0,"cards_obtained":["Hololive_Rebound"]},{"cards_removed":["Hololive_Sequa"],"damage_healed":5,"gold_gain":0,"player_choice":"Offered Common","damage_taken":0,"max_hp_gain":0,"max_hp_loss":0,"event_name":"Bonfire Elementals","floor":7,"gold_loss":0},{"cards_removed":["Hololive_Sequa"],"damage_healed":5,"gold_gain":0,"player_choice":"Offered Special","damage_taken":0,"max_hp_gain":0,"max_hp_loss":0,"event_name":"Bonfire Elementals","floor":7,"gold_loss":0}],"is_beta":false,"boss_relics":[{"not_picked":["Astrolabe","Ectoplasm"],"picked":"Empty Cage"}],"items_purged_floors":[],"is_endless":false,"potions_floor_spawned":[4,6,13,16],"killed_by":"Gensokyo:3_Dogs","ascension_level":4}}