{"host":"v711dtdb46xe9u7l","time":1609537509,"event":{"mods":["BaseMod","Minty Spire (QoL Compilation)","StSLib"],"gold_per_floor":[116,128,30,48,61,86,97,97,146,161,161,7,7,25,25,130,130,149,169,169,169],"floor_reached":20,"playtime":1232,"items_purged":[],"score":223,"play_id":"5ec0d97e-dfcf-4fcb-99d9-f8880d3ae3b9","local_time":"20210101214509","is_ascension_mode":true,"campfire_choices":[{"floor":8.0,"key":"REST"},{"floor":13.0,"key":"RECALL"},{"data":"TalkToTheHand","floor":15.0,"key":"SMITH"}],"circlet_count":0,"master_deck":["Strike_P","Strike_P","Strike_P","Strike_P","Defend_P","Defend_P","Defend_P","Defend_P","Eruption","Vigilance","WaveOfTheHand","Adaptation","TalkToTheHand+1","LikeWater","EmptyFist","Protect","Establishment","EmptyBody"],"relics":["Philosopher\u0027s Stone","Turnip","Kunai","Tiny Chest","SacredBark"],"acts_visited":["Exordium","TheCity"],"potions_floor_usage":[],"damage_taken":[{"damage":3.0,"enemies":"Jaw Worm","floor":1.0,"turns":5.0},{"damage":1.0,"enemies":"Cultist","floor":2.0,"turns":5.0},{"damage":0.0,"enemies":"Small Slimes","floor":4.0,"turns":4.0},{"damage":1.0,"enemies":"Exordium Wildlife","floor":5.0,"turns":4.0},{"damage":38.0,"enemies":"Gremlin Nob","floor":6.0,"turns":8.0},{"damage":17.0,"enemies":"3 Louse","floor":7.0,"turns":4.0},{"damage":4.0,"enemies":"Looter","floor":10.0,"turns":2.0},{"damage":2.0,"enemies":"Blue Slaver","floor":14.0,"turns":4.0},{"damage":11.0,"enemies":"The Guardian","floor":16.0,"turns":17.0},{"damage":19.0,"enemies":"3 Byrds","floor":18.0,"turns":10.0},{"damage":3.0,"enemies":"Shell Parasite","floor":19.0,"turns":14.0},{"damage":46,"enemies":"Masked Bandits","floor":20,"turns":3}],"seed_played":"-2640208686325759423","potions_obtained":[{"floor":4.0,"key":"StancePotion"},{"floor":6.0,"key":"Energy Potion"},{"floor":14.0,"key":"EssenceOfSteel"}],"is_trial":false,"path_per_floor":["M","M","?","M","M","E","M","R","T","M","?","$","R","M","R","B",null,"M","M","?"],"character_chosen":"WATCHER","items_purchased":["Tiny Chest"],"campfire_rested":1,"item_purchase_floors":[12],"current_hp_per_floor":[69,68,68,68,67,29,12,33,33,29,53,53,53,51,51,40,64,45,42,0,0],"gold":169,"neow_bonus":"BOSS_RELIC","is_daily":false,"chose_seed":false,"campfire_upgraded":1,"win_rate":0.0,"timestamp":1609537509,"path_taken":["M","M","?","M","M","E","M","R","T","?","?","$","R","M","R","BOSS","M","M","?"],"items_purchased_type":["Relic"],"build_version":"2020-12-22","purchased_purges":0,"victory":false,"max_hp_per_floor":[72,72,72,72,72,72,72,72,72,72,72,72,72,72,72,72,72,72,72,72,72],"card_choices":[{"not_picked":["CutThroughFate","SignatureMove"],"picked":"WaveOfTheHand","floor":1.0},{"not_picked":["EmptyMind","Evaluate"],"picked":"Adaptation","floor":2.0},{"not_picked":["Meditate","PathToVictory"],"picked":"TalkToTheHand","floor":4.0},{"not_picked":["MentalFortress","PathToVictory"],"picked":"LikeWater","floor":5.0},{"not_picked":["Meditate","Indignation"],"picked":"EmptyFist","floor":6.0},{"not_picked":["FlurryOfBlows","SashWhip"],"picked":"Protect","floor":7.0},{"not_picked":["SandsOfTime","EmptyFist","Consecrate"],"picked":"SKIP","floor":10.0},{"not_picked":["CutThroughFate","Study","EmptyFist"],"picked":"SKIP","floor":14.0},{"not_picked":["Vault","LessonLearned"],"picked":"Establishment","floor":16.0},{"not_picked":["WindmillStrike","FlyingSleeves"],"picked":"EmptyBody","floor":18.0},{"not_picked":["CutThroughFate+1","JustLucky","EmptyFist+1"],"picked":"SKIP","floor":19.0}],"player_experience":287150,"relics_obtained":[{"floor":6.0,"key":"Kunai"}],"event_choices":[{"damage_healed":0.0,"max_hp_gain":0.0,"max_hp_loss":0.0,"gold_gain":0.0,"event_name":"WeMeetAgain","player_choice":"Paid Gold","floor":3.0,"gold_loss":98.0,"damage_taken":0.0,"relics_obtained":["Turnip"]},{"damage_healed":24.0,"max_hp_gain":0.0,"max_hp_loss":0.0,"gold_gain":0.0,"event_name":"Big Fish","player_choice":"Banana","floor":11.0,"gold_loss":0.0,"damage_taken":0.0},{"damage_healed":0,"gold_gain":0,"player_choice":"Fought Bandits","damage_taken":0,"max_hp_gain":0,"max_hp_loss":0,"event_name":"Masked Bandits","floor":20,"gold_loss":0}],"is_beta":false,"boss_relics":[{"not_picked":["Runic Pyramid","Ectoplasm"],"picked":"SacredBark"}],"items_purged_floors":[],"is_endless":false,"potions_floor_spawned":[4,6,14],"killed_by":"Masked Bandits","ascension_level":5}}