{"host":"7r6bd5ce6zscnmwq","time":1609499824,"event":{"mods":["BaseMod","Better Altar","Better Match","Better Note","Better Sensory Stone","Better Skull","Better Third Choice","Better Vampires","Block Reminder","Colored Powertips","Displayed Cursed Tome","Minty Spire (QoL Compilation)","Permanent Neow","Quick Restart","Shop Mod","Spicy Shops","StSLib","The Marked"],"gold_per_floor":[119,119,119,44,57,90,109,129,129,148,148,163,175,250,250,348,348,361,373,135,135,146,146,174,194,217,157,157,186,186,186],"floor_reached":30,"playtime":2343,"items_purged":["Regret","theMarked:Strike"],"score":342,"play_id":"7f1f411c-7781-4c08-bdb4-76a89b763617","local_time":"20210101201704","is_ascension_mode":true,"campfire_choices":[{"floor":11,"key":"REST"},{"floor":15,"key":"RECALL"},{"floor":23,"key":"REST"},{"floor":28,"key":"REST"}],"circlet_count":0,"master_deck":["theMarked:Strike","theMarked:Strike","theMarked:Defend","theMarked:Defend","theMarked:SoldierOfQuellstein","Master of Strategy","theMarked:ElectricStrings","Apotheosis+1","theMarked:EternalStudent","theMarked:Parry","theMarked:SwordAndMagic+1","theMarked:ElementalBlade","theMarked:Parry","theMarked:SelfDefenseTraining","theMarked:Improvise","theMarked:BindingBlade","theMarked:ReduceFriction","theMarked:Convert","theMarked:ReduceFriction","theMarked:WastefulDefense"],"relics":["theMarked:ArtifactOfAir","Letter Opener","Gremlin Horn","Empty Cage","Pantograph","Shuriken"],"acts_visited":["Exordium","TheCity"],"potions_floor_usage":[6,16,29,29],"damage_taken":[{"damage":5.0,"enemies":"Jaw Worm","floor":1.0,"turns":4.0},{"damage":1,"enemies":"2 Louse","floor":5,"turns":2},{"damage":0,"enemies":"Gremlin Nob","floor":6,"turns":3},{"damage":0,"enemies":"Cultist","floor":7,"turns":3},{"damage":6,"enemies":"Red Slaver","floor":8,"turns":4},{"damage":12,"enemies":"Large Slime","floor":10,"turns":3},{"damage":11,"enemies":"Exordium Thugs","floor":12,"turns":4},{"damage":2,"enemies":"Looter","floor":13,"turns":3},{"damage":16,"enemies":"The Guardian","floor":16,"turns":8},{"damage":0,"enemies":"3 Byrds","floor":18,"turns":4},{"damage":31,"enemies":"2 Thieves","floor":19,"turns":3},{"damage":12,"enemies":"Centurion and Healer","floor":22,"turns":5},{"damage":22,"enemies":"Gremlin Leader","floor":24,"turns":4},{"damage":13,"enemies":"Cultist and Chosen","floor":25,"turns":6},{"damage":23,"enemies":"Slavers","floor":29,"turns":4},{"damage":11,"enemies":"Snake Plant","floor":30,"turns":1}],"seed_played":"5874653020471075125","potions_obtained":[{"floor":1.0,"key":"DuplicationPotion"},{"floor":10,"key":"LiquidMemories"},{"floor":12,"key":"LiquidBronze"},{"floor":22,"key":"FearPotion"},{"floor":29,"key":"BlessingOfTheForge"}],"is_trial":false,"path_per_floor":["M","?","?","$","M","E","M","M","T","M","R","M","M","?","R","B",null,"M","M","$","?","M","R","E","M","T","?","R","E","M"],"character_chosen":"THE_DEFAULT","items_purchased":["theMarked:ReduceFriction"],"campfire_rested":3,"item_purchase_floors":[20],"current_hp_per_floor":[65,65,65,65,64,64,64,58,58,46,67,56,54,43,43,27,70,70,39,39,39,27,48,26,13,13,13,34,11,0,0],"gold":186,"neow_bonus":"RANDOM_COLORLESS_2","is_daily":false,"chose_seed":false,"campfire_upgraded":0,"win_rate":0.0,"timestamp":1609499824,"path_taken":["M","?","?","$","M","E","M","M","T","M","R","M","?","?","R","BOSS","M","M","$","?","M","R","E","M","T","?","R","E","?"],"items_purchased_type":["Card"],"build_version":"2020-12-22","purchased_purges":2,"victory":false,"max_hp_per_floor":[70,70,70,70,70,70,70,70,70,70,70,70,70,70,70,70,70,70,70,70,70,70,70,70,70,70,70,70,70,70,70],"card_choices":[{"not_picked":["Transmutation","Sadistic Nature"],"picked":"Master of Strategy","floor":0.0},{"not_picked":["theMarked:WastefulAttack","theMarked:Static"],"picked":"theMarked:ElectricStrings","floor":1.0},{"not_picked":["theMarked:MagicAdept","theMarked:Levitate"],"picked":"theMarked:EternalStudent","floor":3},{"not_picked":["theMarked:EmpowerWeapon","theMarked:BanishingStrike"],"picked":"theMarked:Parry","floor":3},{"not_picked":["theMarked:WastefulAttack","theMarked:Parkour"],"picked":"theMarked:SwordAndMagic+1","floor":3},{"not_picked":["theMarked:WardOff","theMarked:Standoff","theMarked:DeterminationOfTheMarked"],"picked":"SKIP","floor":5},{"not_picked":["theMarked:HeightenedSenses","theMarked:EnhancedHearing"],"picked":"theMarked:ElementalBlade","floor":6},{"not_picked":["theMarked:Parkour","theMarked:StartUp"],"picked":"theMarked:Parry","floor":7},{"not_picked":["theMarked:Parry","theMarked:ChainLightning","theMarked:FavorableWinds"],"picked":"SKIP","floor":8},{"not_picked":["theMarked:Frustration","theMarked:DeterminationOfTheMarked","theMarked:WastefulAttack"],"picked":"SKIP","floor":10},{"not_picked":["theMarked:ElectricStrings","theMarked:BanishingStrike"],"picked":"theMarked:SelfDefenseTraining","floor":12},{"not_picked":["theMarked:WastefulDefense","theMarked:TunnelVision"],"picked":"theMarked:Improvise","floor":13},{"not_picked":["theMarked:UnarmedFury","theMarked:Vacuum"],"picked":"theMarked:BindingBlade","floor":16},{"not_picked":["theMarked:EnhanceMovement+1","theMarked:Opportunist","theMarked:Improvise"],"picked":"SKIP","floor":18},{"not_picked":["theMarked:RepellingDischarge","theMarked:EmpowerWeapon","theMarked:Static"],"picked":"SKIP","floor":19},{"not_picked":["theMarked:Polarize","theMarked:Overcharge"],"picked":"theMarked:Convert","floor":22},{"not_picked":["theMarked:Polarize","theMarked:EnhancedHearing","theMarked:WastefulAttack"],"picked":"SKIP","floor":24},{"not_picked":["theMarked:EmpowerWeapon","theMarked:Panic","theMarked:BanishingStrike"],"picked":"SKIP","floor":25},{"not_picked":["theMarked:ChainLightning","theMarked:GodGivenPower","theMarked:BanishingStrike+1"],"picked":"SKIP","floor":29}],"player_experience":618837,"relics_obtained":[{"floor":6,"key":"Letter Opener"},{"floor":9,"key":"Gremlin Horn"},{"floor":24,"key":"Pantograph"},{"floor":29,"key":"Shuriken"}],"event_choices":[{"damage_healed":65.0,"max_hp_gain":0.0,"max_hp_loss":70.0,"gold_gain":0.0,"event_name":"betterThird:BetterShining","player_choice":"Embrace","floor":2.0,"gold_loss":0.0,"damage_taken":0.0},{"damage_healed":0,"gold_gain":0,"player_choice":"1","damage_taken":0,"max_hp_gain":0,"max_hp_loss":0,"event_name":"betterMatch:BetterMatch","floor":3,"gold_loss":0,"cards_obtained":["betterMatch:UncommonCard","betterMatch:CommonCard","betterMatch:CommonCard","betterMatch:RareCard"]},{"damage_healed":0,"gold_gain":75,"player_choice":"Gold","damage_taken":11,"max_hp_gain":0,"max_hp_loss":0,"event_name":"betterThird:BetterGoop","floor":14,"gold_loss":0},{"damage_healed":0,"gold_gain":2,"player_choice":"1","damage_taken":0,"max_hp_gain":0,"max_hp_loss":0,"event_name":"betterStone:BetterStone","floor":21,"gold_loss":0},{"damage_healed":0,"gold_gain":0,"cards_transformed":["theMarked:Defend","theMarked:Strike"],"player_choice":"Transformed Cards","damage_taken":0,"max_hp_gain":0,"max_hp_loss":0,"event_name":"Designer","floor":27,"gold_loss":60,"cards_obtained":["theMarked:ReduceFriction","theMarked:WastefulDefense"]}],"is_beta":false,"boss_relics":[{"not_picked":["theMarked:Eyepatch","SacredBark"],"picked":"Empty Cage"}],"items_purged_floors":[4,20],"is_endless":false,"potions_floor_spawned":[1,10,12,22,29],"killed_by":"Snake Plant","ascension_level":3}}