{"host":"mytek2nu1hrzdnew","time":1609527818,"event":{"mods":["Aspiration","BaseMod","Conspire","Evolution","GifTheSpireLib","Gold Saver","Hubris","Minty Spire (QoL Compilation)","Replay The Spire","StSLib","Stuff the Spire","Uncapped"],"gold_per_floor":[974,345,360,370,24,37,49,68,68,68,103,103,118,45,45,148,148,162,182,197,115,115,147,147,161,161,179,179,179,199,139,139,243,243,263,16,30,49,59,59,86,86,109,109,158,177,196,206,206,206],"floor_reached":51,"playtime":2060,"items_purged":["Dualcast","Ball Lightning","Defend_B"],"score":755,"play_id":"7516d7dd-3edb-45d7-a7cd-ae4154dd8c71","local_time":"20210101140338","is_ascension_mode":false,"campfire_choices":[{"data":"Double Energy","floor":12,"key":"SMITH"},{"data":"Storm","floor":15,"key":"SMITH"},{"floor":24,"key":"REST"},{"data":"ReplayTheSpireMod:Brewmster","floor":29,"key":"SMITH"},{"data":"conspire:SharedLibrary","floor":32,"key":"SMITH"},{"data":"Hello World","floor":40,"key":"SMITH"},{"data":"hubris:PowerSurge","floor":44,"key":"SMITH"},{"floor":49,"key":"REST"}],"circlet_count":0,"master_deck":["Ball Lightning","Ball Lightning","Ball Lightning","Defend_B","Defend_B","Defend_B","Zap+1","Tempest","Zap+1","Storm+1","hubris:PowerSurge+1","ReplayTheSpireMod:Brewmster+1","Double Energy+1","Genetic Algorithm","Hello World+1","hubris:SpecializedCircuitry","hubris:Ukulele+1","Ball Lightning","conspire:SharedLibrary+1","Defragment","Thunder Strike","Heatsinks","Self Repair","Crystallizer+1","Double Energy+1","Madness","Madness","Heatsinks","Heatsinks","White Noise","Amplify","Recycle"],"relics":["Cracked Core","EVO:Axolotl","Replay:Baseball","DollysMirror","Question Card","Regal Pillow","Eternal Feather","Inserter","Nunchaku","HornCleat","Runic Pyramid","Carrot","Dream Catcher","StuffTheSpire:GrapeVine"],"acts_visited":["Exordium","TheCity","TheBeyond"],"potions_floor_usage":[16,16,18,19,19,19,25,27,33,33,33,35,35,37,38,39,39,47,50,50,50],"damage_taken":[{"damage":0,"enemies":"Cultist","floor":1,"turns":2},{"damage":0,"enemies":"2 Louse","floor":3,"turns":2},{"damage":1,"enemies":"Jaw Worm","floor":4,"turns":2},{"damage":5,"enemies":"Lots of Slimes","floor":6,"turns":2},{"damage":0,"enemies":"3 Louse","floor":7,"turns":2},{"damage":0,"enemies":"2 Fungi Beasts","floor":8,"turns":2},{"damage":0,"enemies":"Gremlin Nob","floor":11,"turns":2},{"damage":7,"enemies":"Exordium Thugs","floor":13,"turns":2},{"damage":15,"enemies":"The Guardian","floor":16,"turns":5},{"damage":7,"enemies":"Chosen","floor":18,"turns":3},{"damage":5,"enemies":"Spheric Guardian","floor":19,"turns":3},{"damage":10,"enemies":"Cultist and Chosen","floor":20,"turns":3},{"damage":25,"enemies":"Book of Stabbing","floor":23,"turns":3},{"damage":17,"enemies":"Snake Plant","floor":25,"turns":2},{"damage":12,"enemies":"Centurion and Healer","floor":27,"turns":3},{"damage":20,"enemies":"Chosen and Byrds","floor":30,"turns":4},{"damage":28,"enemies":"Pondfish","floor":33,"turns":6},{"damage":0,"enemies":"Orb Walker","floor":35,"turns":3},{"damage":0,"enemies":"3 Shapes","floor":37,"turns":3},{"damage":28,"enemies":"Jaw Worm Horde","floor":38,"turns":3},{"damage":1,"enemies":"Transient","floor":39,"turns":5},{"damage":3,"enemies":"R_Hoarder","floor":41,"turns":5},{"damage":16,"enemies":"4 Shapes","floor":46,"turns":3},{"damage":12,"enemies":"Jaw Worm Horde","floor":47,"turns":3},{"damage":16,"enemies":"Spire Growth","floor":48,"turns":2},{"damage":32,"enemies":"hubris:GrandSnecko","floor":50,"turns":4}],"seed_played":"-789479982064404638","potions_obtained":[{"floor":8,"key":"Strength Potion"},{"floor":13,"key":"Energy Potion"},{"floor":16,"key":"EntropicBrew"},{"floor":23,"key":"SkillPotion"},{"floor":33,"key":"Ancient Potion"},{"floor":37,"key":"Regen Potion"},{"floor":38,"key":"PotionOfCapacity"},{"floor":39,"key":"DuplicationPotion"},{"floor":46,"key":"LifebloodPotion"},{"floor":47,"key":"PowerPotion"}],"is_trial":false,"path_per_floor":["M","$","M","M","$","M","M","M","T","$","E","R","M","$","R","B",null,"M","M","M","$","?","E","R","M","T","M","?","R","M","?","R","B",null,"M","$","M","M","M","R","E","?","T","R","?","M","M","M","R","B",null],"character_chosen":"DEFECT","items_purchased":["Replay:Baseball","DollysMirror","Question Card","hubris:PowerSurge","ReplayTheSpireMod:Brewmster","Hello World","Defragment","Self Repair","PowerPotion"],"campfire_rested":2,"item_purchase_floors":[2,2,2,5,5,14,21,36,36],"current_hp_per_floor":[75,75,75,74,74,69,69,69,69,69,69,75,68,68,75,60,75,68,70,60,60,60,35,75,58,58,46,46,58,38,38,50,22,75,75,75,75,54,75,75,75,66,66,75,57,48,43,34,75,57],"gold":206,"neow_bonus":"UPGRADE_CARD","is_daily":false,"chose_seed":false,"campfire_upgraded":6,"win_rate":0.0,"timestamp":1609527818,"path_taken":["M","$","M","M","$","M","M","M","T","$","E","R","M","?","R","BOSS","M","M","M","$","?","E","R","?","T","M","?","R","M","?","R","BOSS","M","$","M","M","M","R","E","?","T","R","?","M","M","M","R","BOSS"],"items_purchased_type":["Relic","Relic","Relic","Card","Card","Card","Card","Card","Potion"],"build_version":"2020-12-22","purchased_purges":3,"victory":true,"max_hp_per_floor":[75,75,75,75,75,75,75,75,75,75,75,75,75,75,75,75,75,75,75,75,75,75,75,75,75,75,75,75,75,75,75,75,75,75,75,75,75,75,75,75,75,75,75,75,75,75,75,75,75,75],"card_choices":[{"not_picked":["Sunder","Sweeping Beam"],"picked":"Tempest","floor":1},{"not_picked":["Defragment","Crystallizer","Leap"],"picked":"Storm","floor":3},{"not_picked":["Sweeping Beam","StuffTheSpire:Rend","Conserve Battery","Steam"],"picked":"SKIP","floor":4},{"not_picked":["Rebound","Beam Cell","Conserve Battery","Barrage"],"picked":"SKIP","floor":6},{"not_picked":["Go for the Eyes","Fusion","Stack","StuffTheSpire:LoadUp"],"picked":"SKIP","floor":7},{"not_picked":["Go for the Eyes","Compile Driver","Hyperbeam","Melter"],"picked":"SKIP","floor":8},{"not_picked":["Beam Cell","ReplayTheSpireMod:Dual Polarity","Steam"],"picked":"Double Energy","floor":11},{"not_picked":["Redo","Fusion","Cold Snap"],"picked":"Genetic Algorithm","floor":13},{"not_picked":["Hyperbeam","StuffTheSpire:ForEach","Thunder Strike"],"picked":"hubris:SpecializedCircuitry","floor":16},{"not_picked":["Barrage","StuffTheSpire:Plugnplay","Reprogram"],"picked":"hubris:Ukulele+1","floor":18},{"not_picked":["Gash","Compile Driver+1","Go for the Eyes+1"],"picked":"Ball Lightning","floor":19},{"not_picked":["Stack","Cold Snap","Sweeping Beam"],"picked":"conspire:SharedLibrary","floor":20},{"not_picked":["Barrage","Gash","Reprogram","Streamline"],"picked":"SKIP","floor":23},{"not_picked":["Compile Driver","conspire:Rain","Gash"],"picked":"Heatsinks","floor":25},{"not_picked":["Gash","Panic Button","Turbo","Reboot"],"picked":"SKIP","floor":27},{"not_picked":["Doom and Gloom","Coolheaded","Conserve Battery+1","Leap"],"picked":"SKIP","floor":30},{"not_picked":["Barrage","StuffTheSpire:Plugnplay","Turbo+1","ReplayTheSpireMod:Repulse"],"picked":"SKIP","floor":35},{"not_picked":["FIFO Queue+1","Panic Button+1","Genetic Algorithm"],"picked":"Crystallizer+1","floor":37},{"not_picked":["Rebound","ReplayTheSpireMod:Fabricate Wheel","StuffTheSpire:LoadUp+1"],"picked":"Double Energy+1","floor":38},{"not_picked":["Panic Button","Cold Snap","Conserve Battery+1","ReplayTheSpireMod:Dual Polarity"],"picked":"SKIP","floor":39},{"not_picked":["Darkness","Go for the Eyes","Redo+1","Steam Power"],"picked":"SKIP","floor":41},{"not_picked":["Steam Power","Self Repair","Mirror Shield"],"picked":"Heatsinks","floor":45},{"not_picked":["StuffTheSpire:LoadUp","StuffTheSpire:SnapShoot+1","BasicCrystalCard"],"picked":"Heatsinks","floor":45},{"not_picked":["Go for the Eyes","StuffTheSpire:Rend","Aggregate"],"picked":"White Noise","floor":46},{"not_picked":["Redo","Hologram","Steam+1"],"picked":"Amplify","floor":47},{"not_picked":["StuffTheSpire:Plugnplay+1","Hologram+1","Stack"],"picked":"Recycle","floor":48}],"player_experience":970486,"relics_obtained":[{"floor":9,"key":"Regal Pillow"},{"floor":11,"key":"Eternal Feather"},{"floor":23,"key":"Nunchaku"},{"floor":26,"key":"HornCleat"},{"floor":41,"key":"Carrot"},{"floor":43,"key":"Dream Catcher"},{"floor":45,"key":"StuffTheSpire:GrapeVine"}],"event_choices":[{"damage_healed":0,"gold_gain":0,"player_choice":"Read","damage_taken":0,"max_hp_gain":0,"max_hp_loss":0,"event_name":"The Library","floor":22,"gold_loss":0,"cards_obtained":["Thunder Strike"]},{"damage_healed":0,"gold_gain":0,"player_choice":"Embrace Madness","damage_taken":9,"max_hp_gain":0,"max_hp_loss":0,"event_name":"Winding Halls","floor":42,"gold_loss":0,"cards_obtained":["Madness","Madness"]}],"is_beta":false,"boss_relics":[{"not_picked":["StuffTheSpire:ModemDavis","hubris:RunicObelisk"],"picked":"Inserter"},{"not_picked":["Ring of Chaos","FrozenCore"],"picked":"Runic Pyramid"}],"items_purged_floors":[2,5,36],"is_endless":false,"potions_floor_spawned":[1,8,13,16,19,23,27,33,37,38,39,46,47],"ascension_level":0}}