{"host":"eocn4tduyrehyy81","time":1609531548,"event":{"mods":["AchievementEnabler","BaseMod","BetterRewards","Custom Start","Minty Spire (QoL Compilation)","Replay The Spire","StSLib"],"gold_per_floor":[117,15,42,72,22,59,59,102,127,157,187,187,229,276,276,300,300],"floor_reached":16,"playtime":1167,"items_purged":[],"score":104,"play_id":"4e57c3be-d1cd-469c-b3ed-f6865bc5f492","local_time":"20210101140548","is_ascension_mode":false,"campfire_choices":[{"floor":7,"key":"REST"},{"floor":12,"key":"REST"},{"floor":15,"key":"REST"}],"circlet_count":0,"master_deck":["Strike_R","Strike_R","Strike_R","Strike_R","Strike_R","Defend_R","Defend_R","Defend_R","Defend_R","Bash","Pommel Strike","Overencumbered","Warcry+1","Pummel","Armaments","Cleave","Twin Strike","Shockwave","Headbutt","Shrug It Off","Intimidate","Body Slam","Hemogenesis"],"relics":["Burning Blood","ReplayTheSpireMod:CursedCoin","Replay:Bandana","Bag of Preparation","ReplayTheSpireMod:Lightbulb","Odd Mushroom"],"acts_visited":["Exordium"],"potions_floor_usage":[6,14,14,16],"damage_taken":[{"damage":4,"enemies":"Cultist","floor":1,"turns":4},{"damage":0,"enemies":"2 Louse","floor":3,"turns":3},{"damage":5,"enemies":"Small Slimes","floor":4,"turns":3},{"damage":33,"enemies":"Lagavulin","floor":6,"turns":8},{"damage":30,"enemies":"Gremlin Gang","floor":8,"turns":4},{"damage":10,"enemies":"Looter","floor":10,"turns":2},{"damage":18,"enemies":"Exordium Thugs","floor":11,"turns":6},{"damage":9,"enemies":"Blue Slaver","floor":13,"turns":3},{"damage":16,"enemies":"The Mushroom Lair","floor":14,"turns":3},{"damage":94,"enemies":"Hexaghost","floor":16,"turns":12}],"seed_played":"3310402728761370801","potions_obtained":[{"floor":1,"key":"AttackPotion"},{"floor":8,"key":"PowerPotion"},{"floor":11,"key":"LiquidMemories"},{"floor":14,"key":"SteroidPotion"}],"is_trial":false,"path_per_floor":["M","$","M","M","$","E","R","M","T","M","M","R","M","?","R","B"],"character_chosen":"IRONCLAD","items_purchased":["ReplayTheSpireMod:CursedCoin","Replay:Bandana","Warcry+1","Pummel","Twin Strike"],"campfire_rested":3,"item_purchase_floors":[2,2,2,2,5],"current_hp_per_floor":[88,88,88,88,88,61,87,63,63,59,47,73,70,60,86,0,0],"gold":300,"neow_bonus":"TEN_PERCENT_HP_BONUS","is_daily":false,"chose_seed":false,"campfire_upgraded":0,"win_rate":0.0,"timestamp":1609531548,"path_taken":["M","$","M","M","$","E","R","?","T","M","M","R","M","?","R","BOSS"],"items_purchased_type":["Relic","Relic","Card","Card","Card"],"build_version":"2020-12-22","purchased_purges":0,"victory":false,"max_hp_per_floor":[88,88,88,88,88,88,88,88,88,88,88,88,88,88,88,88,88],"card_choices":[{"not_picked":["Second Wind","Twin Strike"],"picked":"Pommel Strike","floor":1},{"not_picked":["Cleave","Shrug It Off"],"picked":"Armaments","floor":3},{"not_picked":["Thunderclap","Second Wind"],"picked":"Cleave","floor":4},{"not_picked":["Abandon","Hemokinesis"],"picked":"Shockwave","floor":6},{"not_picked":["Flex","True Grit"],"picked":"Headbutt","floor":8},{"not_picked":["Whirlwind","Demon Form"],"picked":"Shrug It Off","floor":10},{"not_picked":["Clothesline","Perfected Strike"],"picked":"Intimidate","floor":11},{"not_picked":["Perfected Strike","Abandon"],"picked":"Body Slam","floor":13},{"not_picked":["Replay:Undeath\u0027s Touch","Armaments"],"picked":"Hemogenesis","floor":14}],"player_experience":61537,"relics_obtained":[{"floor":6,"key":"Bag of Preparation"},{"floor":9,"key":"ReplayTheSpireMod:Lightbulb"},{"floor":14,"key":"Odd Mushroom"}],"event_choices":[{"damage_healed":0,"gold_gain":0,"player_choice":"Fought Mushrooms","damage_taken":0,"max_hp_gain":0,"max_hp_loss":0,"event_name":"Mushrooms","floor":14,"gold_loss":0}],"is_beta":false,"boss_relics":[],"items_purged_floors":[],"is_endless":false,"potions_floor_spawned":[1,8,11,14],"killed_by":"Hexaghost","ascension_level":0}}