{"host":"dyzdf8svqmiivg97","time":1609516065,"event":{"mods":["AchievementEnabler","BaseMod","Colored Map","DeckTracker","Minty Spire (QoL Compilation)","Permanent Neow","Quick Restart","Rare Cards Sparkle","SuperFastMode"],"gold_per_floor":[112,162,182,201,211,240,240,274,274,274,301,147,166,66,66,144,144,154,165,40,40,40,74,74,91,91,108,127,127,43,58,58,137,137,147,162,162,162,162,162,12,22,93,110,124,0,0,0],"floor_reached":47,"playtime":1306,"items_purged":["Strike_P","Strike_P","Strike_P","Defend_P"],"score":1077,"play_id":"8930eae0-f2e6-48d8-9a26-85065a5638a4","local_time":"20210102004745","is_ascension_mode":true,"campfire_choices":[{"data":"Eruption","floor":7.0,"key":"SMITH"},{"data":"Adaptation","floor":10.0,"key":"SMITH"},{"data":"MentalFortress","floor":15.0,"key":"SMITH"},{"data":"Scrawl","floor":24.0,"key":"SMITH"},{"data":"SashWhip","floor":29.0,"key":"SMITH"},{"data":"MentalFortress","floor":32.0,"key":"SMITH"},{"data":"WheelKick","floor":40.0,"key":"SMITH"}],"circlet_count":0,"master_deck":["AscendersBane","Strike_P","Defend_P","Defend_P","Defend_P","Eruption+1","Vigilance","SashWhip+1","BowlingBash","Adaptation+1","WheelKick+1","InnerPeace","MentalFortress+1","FlurryOfBlows","Scrawl+1","MentalFortress+1","Dark Shackles","EmptyBody","Parasite","Tantrum"],"relics":["PureWater","Happy Flower","StrikeDummy","Pear","White Beast Statue","Eternal Feather","Coffee Dripper","Regal Pillow","Strawberry","Cursed Key","Bottled Lightning","Red Mask"],"acts_visited":["Exordium","TheCity","TheBeyond"],"potions_floor_usage":[],"damage_taken":[{"damage":4.0,"enemies":"Jaw Worm","floor":1.0,"turns":4.0},{"damage":0.0,"enemies":"Cultist","floor":3.0,"turns":3.0},{"damage":12.0,"enemies":"Small Slimes","floor":4.0,"turns":2.0},{"damage":0.0,"enemies":"2 Fungi Beasts","floor":5.0,"turns":2.0},{"damage":0.0,"enemies":"Gremlin Nob","floor":6.0,"turns":3.0},{"damage":8.0,"enemies":"3 Sentries","floor":8.0,"turns":5.0},{"damage":0.0,"enemies":"Gremlin Nob","floor":11.0,"turns":2.0},{"damage":11.0,"enemies":"Exordium Wildlife","floor":13.0,"turns":2.0},{"damage":10.0,"enemies":"The Guardian","floor":16.0,"turns":8.0},{"damage":22.0,"enemies":"2 Thieves","floor":18.0,"turns":2.0},{"damage":0.0,"enemies":"Chosen","floor":19.0,"turns":2.0},{"damage":23.0,"enemies":"Slavers","floor":23.0,"turns":3.0},{"damage":3.0,"enemies":"Snake Plant","floor":25.0,"turns":4.0},{"damage":0.0,"enemies":"Chosen and Byrds","floor":27.0,"turns":3.0},{"damage":3.0,"enemies":"Cultist and Chosen","floor":28.0,"turns":5.0},{"damage":0.0,"enemies":"Snecko","floor":31.0,"turns":3.0},{"damage":0.0,"enemies":"Collector","floor":33.0,"turns":6.0},{"damage":11.0,"enemies":"Orb Walker","floor":35.0,"turns":2.0},{"damage":8.0,"enemies":"3 Shapes","floor":36.0,"turns":3.0},{"damage":11.0,"enemies":"Writhing Mass","floor":42.0,"turns":4.0},{"damage":32.0,"enemies":"Maw","floor":44.0,"turns":7.0},{"damage":27.0,"enemies":"Sphere and 2 Shapes","floor":45.0,"turns":4.0},{"damage":0,"enemies":"Jaw Worm Horde","floor":47,"turns":1}],"seed_played":"-1932404454902026465","potions_obtained":[{"floor":4.0,"key":"Dexterity Potion"},{"floor":8.0,"key":"Swift Potion"},{"floor":11.0,"key":"Ancient Potion"},{"floor":13.0,"key":"BlessingOfTheForge"},{"floor":16.0,"key":"Ancient Potion"},{"floor":18.0,"key":"StancePotion"},{"floor":23.0,"key":"Ambrosia"},{"floor":33.0,"key":"CultistPotion"},{"floor":35.0,"key":"Fire Potion"},{"floor":36.0,"key":"LiquidBronze"},{"floor":42.0,"key":"Fruit Juice"},{"floor":44.0,"key":"SkillPotion"}],"is_trial":false,"path_per_floor":["M","?","M","M","M","E","R","E","T","R","E","$","M","$","R","B",null,"M","M","$","?","?","E","R","M","T","M","M","R","$","M","R","B",null,"M","M","?","?","?","R","$","M","T","M","M","?","M"],"character_chosen":"WATCHER","items_purchased":["Tantrum","MentalFortress"],"campfire_rested":0,"item_purchase_floors":[12,30],"current_hp_per_floor":[57,57,57,45,45,45,45,47,47,47,47,47,36,36,45,35,67,45,45,45,45,45,22,31,28,35,35,32,41,41,41,50,50,76,65,57,57,57,57,66,66,60,60,28,1,1,1,1],"gold":0,"neow_bonus":"RANDOM_COMMON_RELIC","is_daily":false,"chose_seed":false,"campfire_upgraded":7,"win_rate":0.0,"timestamp":1609516065,"path_taken":["M","?","M","M","M","E","R","E","T","R","E","$","M","?","R","BOSS","M","?","$","?","?","E","R","M","T","M","M","R","?","M","R","BOSS","M","M","?","?","?","R","$","M","T","M","M","?","?"],"items_purchased_type":["Card","Card"],"build_version":"2020-12-22","purchased_purges":4,"victory":false,"max_hp_per_floor":[68,68,68,68,68,68,68,78,78,78,78,78,78,78,78,78,78,78,78,78,78,78,78,78,78,85,85,85,85,85,85,85,85,85,85,85,85,85,81,81,81,86,86,86,86,86,86,86],"card_choices":[{"not_picked":["FlyingSleeves","SandsOfTime"],"picked":"SashWhip","floor":1.0},{"not_picked":["Perseverance","Crescendo","FollowUp"],"picked":"SKIP","floor":3.0},{"not_picked":["PathToVictory","ThirdEye"],"picked":"BowlingBash","floor":4.0},{"not_picked":["WreathOfFlame","Study"],"picked":"Adaptation","floor":5.0},{"not_picked":["WaveOfTheHand","Worship"],"picked":"WheelKick","floor":6.0},{"not_picked":["Halt","WaveOfTheHand"],"picked":"InnerPeace","floor":8.0},{"not_picked":["Weave","Vengeance","ClearTheMind"],"picked":"SKIP","floor":11.0},{"not_picked":["Devotion","BowlingBash"],"picked":"MentalFortress","floor":13.0},{"not_picked":["BowlingBash","Pray"],"picked":"FlurryOfBlows","floor":18.0},{"not_picked":["SashWhip","FollowUp","ThirdEye+1"],"picked":"SKIP","floor":19.0},{"not_picked":["Evaluate","SashWhip"],"picked":"Scrawl","floor":23.0},{"not_picked":["FollowUp","LikeWater","CrushJoints"],"picked":"SKIP","floor":25.0},{"not_picked":["BowlingBash","PathToVictory","Study"],"picked":"SKIP","floor":27.0},{"not_picked":["Vengeance","Perseverance","FlyingSleeves"],"picked":"SKIP","floor":28.0},{"not_picked":["Halt","Sanctity","CrushJoints"],"picked":"SKIP","floor":31.0},{"not_picked":["ThirdEye","BowlingBash","PathToVictory"],"picked":"SKIP","floor":35.0},{"not_picked":["Prostrate","Wireheading+1","SashWhip+1"],"picked":"SKIP","floor":36.0},{"not_picked":["Good Instincts","Apotheosis"],"picked":"Dark Shackles","floor":37.0},{"not_picked":["CrushJoints","BattleHymn+1"],"picked":"EmptyBody","floor":42.0},{"not_picked":["SashWhip","Fasting2"],"picked":"Tantrum","floor":44.0},{"not_picked":["Perseverance","Consecrate+1","BowlingBash"],"picked":"SKIP","floor":45.0}],"player_experience":644773,"relics_obtained":[{"floor":6.0,"key":"StrikeDummy"},{"floor":8.0,"key":"Pear"},{"floor":9.0,"key":"White Beast Statue"},{"floor":11.0,"key":"Eternal Feather"},{"floor":23.0,"key":"Regal Pillow"},{"floor":26.0,"key":"Strawberry"},{"floor":43.0,"key":"Bottled Lightning"}],"event_choices":[{"damage_healed":0.0,"max_hp_gain":0.0,"max_hp_loss":0.0,"gold_gain":50.0,"event_name":"Golden Shrine","player_choice":"Pray","floor":2.0,"gold_loss":0.0,"damage_taken":0.0},{"damage_healed":0.0,"max_hp_gain":0.0,"max_hp_loss":0.0,"gold_gain":0.0,"event_name":"The Mausoleum","player_choice":"Ignored","floor":21.0,"gold_loss":0.0,"damage_taken":0.0},{"damage_healed":0.0,"max_hp_gain":0.0,"max_hp_loss":0.0,"gold_gain":0.0,"event_name":"Cursed Tome","player_choice":"Ignored","floor":22.0,"gold_loss":0.0,"damage_taken":0.0},{"damage_healed":0.0,"max_hp_gain":0.0,"max_hp_loss":0.0,"gold_gain":0.0,"event_name":"SensoryStone","player_choice":"Memory 1","floor":37.0,"gold_loss":0.0,"damage_taken":0.0},{"cards_removed":["Tantrum"],"damage_healed":0.0,"max_hp_gain":0.0,"max_hp_loss":0.0,"gold_gain":0.0,"event_name":"Falling","player_choice":"Removed Attack","floor":38.0,"gold_loss":0.0,"damage_taken":0.0},{"damage_healed":0.0,"max_hp_gain":0.0,"max_hp_loss":4.0,"gold_gain":0.0,"event_name":"Winding Halls","player_choice":"Max HP","floor":39.0,"gold_loss":0.0,"damage_taken":0.0},{"damage_healed":0.0,"max_hp_gain":0.0,"max_hp_loss":0.0,"gold_gain":0.0,"event_name":"Tomb of Lord Red Mask","player_choice":"Paid","floor":46.0,"gold_loss":124.0,"damage_taken":0.0,"relics_obtained":["Red Mask"]}],"is_beta":false,"boss_relics":[{"not_picked":["SlaversCollar","Snecko Eye"],"picked":"Coffee Dripper"},{"not_picked":["Philosopher\u0027s Stone","Black Star"],"picked":"Cursed Key"}],"items_purged_floors":[12,14,20,41],"is_endless":false,"potions_floor_spawned":[4,8,11,13,16,18,19,23,25,27,28,31,33,35,36,42,44,45],"killed_by":"Jaw Worm Horde","ascension_level":18}}