{"host":"rolltorest","time":1609462275,"event":{"mods":["BaseMod","Minty Spire (QoL Compilation)","Relic Stats","Slay the Relics Exporter","StSLib","The Marked"],"gold_per_floor":[116,135,146,160,160,160,193,143,143,71,96,49,124,156,156,259,259,272,272,272,290,309,309,341,351,351,276,276,290,163,176,176,273,273,293,37,87,101,114,146,146,146,171,25,25,25,25,38,38,38,38],"floor_reached":50,"playtime":2132,"items_purged":["theMarked:Strike","theMarked:Strike"],"score":558,"play_id":"d4631370-7b62-4d4e-97bf-d58eccd7ceac","local_time":"20201231165115","is_ascension_mode":false,"campfire_choices":[{"data":"theMarked:Parry","floor":6,"key":"SMITH"},{"data":"theMarked:MysticalArsenal","floor":15,"key":"SMITH"},{"data":"Ghostly","floor":23,"key":"SMITH"},{"data":"Ghostly","floor":32,"key":"SMITH"},{"floor":41,"key":"RECALL"},{"data":"theMarked:TurnInvisible","floor":46,"key":"SMITH"},{"data":"theMarked:SummonStrength","floor":49,"key":"SMITH"}],"circlet_count":0,"master_deck":["theMarked:Strike","theMarked:Defend","theMarked:Defend","theMarked:Defend","theMarked:Defend","theMarked:SoldierOfQuellstein","theMarked:Electrocute","theMarked:Parry+1","theMarked:ElementalBlade","theMarked:MysticalArsenal+1","theMarked:SelfDefenseTraining","theMarked:KeepCalmAndFightOn+1","theMarked:Snap+1","theMarked:EmpowerWeapon","theMarked:Abjuration+1","theMarked:BanishingStrike+1","Ghostly+1","Ghostly+1","Ghostly","Ghostly","Ghostly","theMarked:Aftermath","theMarked:BanishingStrike+1","theMarked:TunnelVision+1","theMarked:WardOff","theMarked:Generate","theMarked:SummonStrength+1","theMarked:ResourceFulStrike+1","theMarked:Overcharge","theMarked:TurnInvisible+1","Flash of Steel+1"],"relics":["theMarked:ArtifactOfAir","Anchor","Molten Egg 2","Ornamental Fan","Pantograph","Runic Pyramid","Akabeko","Matryoshka","Cursed Key","Omamori","Du-Vu Doll","Centennial Puzzle","Boot","Bronze Scales"],"acts_visited":["Exordium","TheCity","TheBeyond"],"potions_floor_usage":[16,18,18,24,37,40],"damage_taken":[{"damage":3,"enemies":"Jaw Worm","floor":1,"turns":4},{"damage":0,"enemies":"2 Louse","floor":2,"turns":2},{"damage":0,"enemies":"Cultist","floor":3,"turns":4},{"damage":11,"enemies":"Exordium Wildlife","floor":4,"turns":4},{"damage":27,"enemies":"Gremlin Nob","floor":7,"turns":4},{"damage":4,"enemies":"3 Sentries","floor":11,"turns":8},{"damage":14,"enemies":"Lagavulin","floor":14,"turns":6},{"damage":16,"enemies":"Hexaghost","floor":16,"turns":8},{"damage":20,"enemies":"3 Byrds","floor":18,"turns":4},{"damage":7,"enemies":"Shell Parasite","floor":21,"turns":7},{"damage":0,"enemies":"Centurion and Healer","floor":22,"turns":6},{"damage":3,"enemies":"Book of Stabbing","floor":24,"turns":8},{"damage":14,"enemies":"Cultist and Chosen","floor":25,"turns":8},{"damage":8,"enemies":"3 Cultists","floor":29,"turns":8},{"damage":0,"enemies":"Centurion and Healer","floor":31,"turns":6},{"damage":2,"enemies":"Collector","floor":33,"turns":10},{"damage":0,"enemies":"Orb Walker","floor":35,"turns":4},{"damage":18,"enemies":"2 Orb Walkers","floor":37,"turns":5},{"damage":0,"enemies":"3 Shapes","floor":38,"turns":3},{"damage":0,"enemies":"Jaw Worm Horde","floor":39,"turns":4},{"damage":0,"enemies":"Reptomancer","floor":40,"turns":6},{"damage":0,"enemies":"4 Shapes","floor":48,"turns":8},{"damage":48,"enemies":"Awakened One","floor":50,"turns":10}],"seed_played":"-393786457892933075","potions_obtained":[{"floor":3,"key":"Weak Potion"},{"floor":4,"key":"DuplicationPotion"},{"floor":7,"key":"Explosive Potion"},{"floor":16,"key":"Weak Potion"},{"floor":21,"key":"BlessingOfTheForge"},{"floor":24,"key":"Ancient Potion"},{"floor":25,"key":"theMarked:ChargePotion"},{"floor":29,"key":"Fruit Juice"},{"floor":37,"key":"DuplicationPotion"},{"floor":40,"key":"BlessingOfTheForge"}],"is_trial":false,"path_per_floor":["M","M","M","M","?","R","E","?","T","$","E","$","?","E","R","B",null,"M","?","?","M","M","R","E","M","T","?","?","M","$","M","R","B",null,"M","$","?","M","M","E","R","?","T","$","$","R","?","M","R","B"],"character_chosen":"THE_DEFAULT","items_purchased":["theMarked:KeepCalmAndFightOn+1","theMarked:EmpowerWeapon","theMarked:WardOff","Omamori","Bronze Scales"],"campfire_rested":0,"item_purchase_floors":[10,12,30,36,44],"current_hp_per_floor":[74,74,74,63,68,68,41,41,41,41,37,37,26,12,12,21,82,62,41,41,34,34,34,31,17,17,17,11,3,3,3,3,26,41,41,41,23,23,23,28,28,28,28,28,28,28,28,28,28,0,0],"gold":38,"neow_bonus":"TEN_PERCENT_HP_BONUS","is_daily":false,"chose_seed":false,"campfire_upgraded":6,"win_rate":0.0,"timestamp":1609462275,"path_taken":["M","M","M","M","?","R","E","?","T","$","E","$","?","E","R","BOSS","M","?","?","?","M","R","E","M","T","?","?","?","$","M","R","BOSS","M","$","?","M","M","E","R","?","T","?","$","R","?","M","R","BOSS"],"items_purchased_type":["Card","Card","Card","Relic","Relic"],"build_version":"2020-12-18","purchased_purges":2,"victory":false,"max_hp_per_floor":[77,77,77,77,82,82,82,82,82,82,82,82,82,82,82,82,82,82,41,41,41,41,41,41,41,41,41,41,41,41,41,41,41,41,41,41,41,41,41,46,46,46,46,46,46,46,46,46,46,46,46],"relic_stats":{"Centennial Puzzle":[3],"counters":[23,137],"Ornamental Fan":[68],"Pantograph":68,"Bronze Scales":[63],"Cursed Key":1,"Boot":[0],"obtain_stats":[{"Omamori":36,"Cursed Key":34,"Boot":43,"Akabeko":24,"Du-Vu Doll":37,"theMarked:ArtifactOfAir":0,"Anchor":7,"Centennial Puzzle":40,"Matryoshka":26,"Ornamental Fan":11,"Pantograph":14,"Bronze Scales":44,"Molten Egg 2":9,"Runic Pyramid":17},{"Omamori":17,"Cursed Key":16,"Boot":21,"Akabeko":12,"Du-Vu Doll":18,"theMarked:ArtifactOfAir":0,"Anchor":5,"Centennial Puzzle":21,"Matryoshka":13,"Ornamental Fan":6,"Pantograph":7,"Bronze Scales":21,"Molten Egg 2":5,"Runic Pyramid":8},{"Omamori":101,"Cursed Key":97,"Boot":119,"Akabeko":65,"Du-Vu Doll":106,"theMarked:ArtifactOfAir":0,"Anchor":18,"Centennial Puzzle":119,"Matryoshka":73,"Ornamental Fan":26,"Pantograph":32,"Bronze Scales":119,"Molten Egg 2":18,"Runic Pyramid":40}]},"card_choices":[{"not_picked":["theMarked:Aftermath","theMarked:HeightenedSenses"],"picked":"theMarked:Electrocute","floor":1},{"not_picked":["theMarked:ParalyzingBlade","theMarked:Frustration"],"picked":"theMarked:Parry","floor":2},{"not_picked":["theMarked:ElectricStrings","theMarked:Generate"],"picked":"theMarked:ElementalBlade","floor":3},{"not_picked":["theMarked:WardOff","theMarked:Reabsorb"],"picked":"theMarked:MysticalArsenal","floor":4},{"not_picked":["theMarked:EnhanceMovement","theMarked:Improvise"],"picked":"theMarked:SelfDefenseTraining","floor":7},{"not_picked":["theMarked:Static","theMarked:Overthink"],"picked":"theMarked:Snap+1","floor":11},{"not_picked":["theMarked:Overthink","theMarked:Static","theMarked:TakeCover"],"picked":"SKIP","floor":14},{"not_picked":["theMarked:Vacuum+1","theMarked:ThrowWeapon+1"],"picked":"theMarked:Abjuration+1","floor":16},{"not_picked":["theMarked:ChainLightning+1","theMarked:Improvise"],"picked":"theMarked:BanishingStrike+1","floor":18},{"not_picked":["theMarked:EmpowerWeapon","theMarked:ReduceFriction"],"picked":"theMarked:Standoff+1","floor":21},{"not_picked":["theMarked:RepellingDischarge+1","theMarked:EnhancedHearing"],"picked":"theMarked:BanishingStrike+1","floor":22},{"not_picked":["theMarked:PowerFlow","theMarked:EmpowerWeapon","theMarked:Frustration+1"],"picked":"SKIP","floor":24},{"not_picked":["theMarked:WastefulAttack+1","theMarked:HeightenedSenses"],"picked":"theMarked:TunnelVision+1","floor":25},{"not_picked":["theMarked:Convert","theMarked:RepellingDischarge","theMarked:TunnelVision+1"],"picked":"SKIP","floor":29},{"not_picked":["theMarked:DispelDoubt+1","theMarked:HeightenedSenses+1"],"picked":"theMarked:Generate","floor":31},{"not_picked":["theMarked:MuscleMemory+1","theMarked:Challenge"],"picked":"theMarked:SummonStrength","floor":33},{"not_picked":["theMarked:WardOff","theMarked:Improvise+1"],"picked":"theMarked:ResourceFulStrike+1","floor":35},{"not_picked":["theMarked:ChainLightning+1","theMarked:TwofoldDefense","theMarked:MagicAdept"],"picked":"SKIP","floor":38},{"not_picked":["theMarked:MaelstromOfLightning","theMarked:WardOff+1"],"picked":"theMarked:Overcharge","floor":39},{"not_picked":["theMarked:RepellingDischarge","theMarked:Defy+1"],"picked":"theMarked:TurnInvisible","floor":40},{"not_picked":["Discovery","Jack Of All Trades"],"picked":"Flash of Steel+1","floor":42},{"not_picked":["theMarked:ResourceFulStrike+1","theMarked:Aftermath","theMarked:Standoff+1"],"picked":"SKIP","floor":48}],"player_experience":1711950,"relics_obtained":[{"floor":7,"key":"Anchor"},{"floor":9,"key":"Molten Egg 2"},{"floor":11,"key":"Ornamental Fan"},{"floor":14,"key":"Pantograph"},{"floor":24,"key":"Akabeko"},{"floor":26,"key":"Matryoshka"},{"floor":37,"key":"Du-Vu Doll"},{"floor":40,"key":"Centennial Puzzle"},{"floor":43,"key":"Boot"}],"event_choices":[{"damage_healed":0,"gold_gain":0,"player_choice":"Donut","damage_taken":0,"max_hp_gain":5,"max_hp_loss":0,"event_name":"Big Fish","floor":5,"gold_loss":0},{"cards_removed":["theMarked:Strike"],"damage_healed":0,"gold_gain":0,"player_choice":"Card Removal","damage_taken":0,"max_hp_gain":0,"max_hp_loss":0,"event_name":"The Cleric","floor":8,"gold_loss":50},{"damage_healed":0,"gold_gain":75,"player_choice":"Gather Gold","damage_taken":11,"max_hp_gain":0,"max_hp_loss":0,"event_name":"World of Goop","floor":13,"gold_loss":0},{"damage_healed":0,"gold_gain":0,"player_choice":"Became a Ghost","damage_taken":0,"max_hp_gain":0,"max_hp_loss":41,"event_name":"Ghosts","floor":19,"gold_loss":0,"cards_obtained":["Ghostly","Ghostly","Ghostly","Ghostly","Ghostly"]},{"damage_healed":0,"gold_gain":0,"player_choice":"1 cards matched","damage_taken":0,"max_hp_gain":0,"max_hp_loss":0,"event_name":"Match and Keep!","floor":20,"gold_loss":0,"cards_obtained":["theMarked:Aftermath"]},{"cards_removed":["theMarked:Strike"],"damage_healed":0,"gold_gain":0,"player_choice":"Gave Gold","damage_taken":0,"max_hp_gain":0,"max_hp_loss":0,"event_name":"Beggar","floor":27,"gold_loss":75},{"damage_healed":0,"gold_gain":0,"player_choice":"","damage_taken":6,"max_hp_gain":0,"max_hp_loss":0,"event_name":"Knowing Skull","floor":28,"potions_obtained":[],"gold_loss":0,"cards_obtained":[]},{"damage_healed":0,"gold_gain":0,"player_choice":"Fight","damage_taken":0,"max_hp_gain":0,"max_hp_loss":0,"event_name":"Mysterious Sphere","floor":37,"gold_loss":0},{"damage_healed":0,"gold_gain":0,"player_choice":"Memory 1","damage_taken":0,"max_hp_gain":0,"max_hp_loss":0,"event_name":"SensoryStone","floor":42,"gold_loss":0},{"cards_removed":["theMarked:Standoff"],"damage_healed":0,"gold_gain":0,"player_choice":"Removed Power","damage_taken":0,"max_hp_gain":0,"max_hp_loss":0,"event_name":"Falling","floor":47,"gold_loss":0}],"is_beta":true,"boss_relics":[{"not_picked":["Ectoplasm","Busted Crown"],"picked":"Runic Pyramid"},{"not_picked":["SlaversCollar","Sozu"],"picked":"Cursed Key"}],"items_purged_floors":[30,36],"is_endless":false,"potions_floor_spawned":[3,4,7,14,16,21,24,25,29,37,40,48],"killed_by":"Awakened One","ascension_level":0}}