{"host":"6cjsh2hjzszjl3p1","time":1609529374,"event":{"mods":["BaseMod","Colored Map","Downfall","Minty Spire (QoL Compilation)","StSLib"],"gold_per_floor":[99,99,99,99,112,142,167,184,194,44,60,45,63,94,111,210,210,135,146,165,165,165,165,165],"floor_reached":22,"playtime":2333,"items_purged":[],"score":196,"play_id":"fe6c1e76-e193-4542-80bf-0b0c1bea0529","local_time":"20210102032934","is_ascension_mode":false,"campfire_choices":[{"floor":1,"key":"RECALL"},{"data":"Guardian:Harden","floor":18,"key":"SMITH"}],"circlet_count":0,"master_deck":["Guardian:Strike_Guardian","Guardian:Strike_Guardian","Guardian:Strike_Guardian+1","Guardian:Strike_Guardian","Guardian:Defend_Guardian","Guardian:Defend_Guardian","Guardian:Defend_Guardian","Guardian:Defend_Guardian","Guardian:CurlUp","Guardian:TwinSlam","Guardian:MultiBeam+1","Guardian:FloatingOrbs","Guardian:PiercingHide","Guardian:Harden+1","Guardian:Planning","Guardian:TemporalShield","Guardian:Suspension","Guardian:ChargeCore","Guardian:DonusPower","Guardian:BaubleBeam","Guardian:GuardianWhirl","Guardian:StasisField","Guardian:Incinerate","Guardian:ShieldCharger+1"],"relics":["Guardian:ModeShifter","downfall:HeartsMalice","Omamori","Ornamental Fan","SlaversCollar","downfall:HeartBlessingRed","downfall:RedIOU"],"acts_visited":["Exordium","TheCity"],"potions_floor_usage":[6],"damage_taken":[{"damage":0,"enemies":"Jaw Worm","floor":2,"turns":1},{"damage":0,"enemies":"Cultist","floor":3,"turns":1},{"damage":0,"enemies":"2 Louse","floor":4,"turns":1},{"damage":11,"enemies":"Blue Slaver","floor":5,"turns":5},{"damage":16,"enemies":"3 Sentries","floor":6,"turns":7},{"damage":5,"enemies":"2 Fungi Beasts","floor":8,"turns":5},{"damage":2,"enemies":"Large Slime","floor":9,"turns":6},{"damage":2,"enemies":"Blue Slaver","floor":11,"turns":4},{"damage":0,"enemies":"downfall:FleeingMerchant","floor":12,"turns":4},{"damage":0,"enemies":"2 Fungi Beasts","floor":13,"turns":4},{"damage":14,"enemies":"Gremlin Nob","floor":14,"turns":4},{"damage":0,"enemies":"3 Louse","floor":15,"turns":1},{"damage":36,"enemies":"downfall:Ironclad","floor":16,"turns":10},{"damage":12,"enemies":"Chosen","floor":19,"turns":5},{"damage":14,"enemies":"Spheric Guardian","floor":20,"turns":4},{"damage":0,"enemies":"Centurion and Healer","floor":22,"turns":1}],"seed_played":"1049635498260930412","potions_obtained":[{"floor":5,"key":"SkillPotion"},{"floor":8,"key":"Guardian:BlockOnCardUsePotion"},{"floor":11,"key":"LiquidBronze"},{"floor":13,"key":"Guardian:BlockOnCardUsePotion"},{"floor":14,"key":"Block Potion"},{"floor":15,"key":"SkillPotion"}],"is_trial":false,"path_per_floor":["R","M","M","M","M","E","T","M","M","?","M","$","M","E","M","B",null,"R","M","M","?","M"],"character_chosen":"GUARDIAN","items_purchased":[],"campfire_rested":0,"item_purchase_floors":[],"current_hp_per_floor":[80,80,80,80,69,53,53,48,46,90,88,88,88,74,74,38,90,90,78,64,64,64,64,64],"gold":165,"neow_bonus":"THREE_ENEMY_KILL","is_daily":false,"chose_seed":false,"campfire_upgraded":1,"win_rate":0.0,"timestamp":1609529374,"path_taken":["R","M","M","M","M","E","T","M","M","?","M","?","M","E","M","BOSS","R","M","M","?","M"],"items_purchased_type":[],"build_version":"2020-12-22","purchased_purges":0,"victory":false,"max_hp_per_floor":[80,80,80,80,80,80,80,80,80,90,90,90,90,90,90,90,90,90,90,90,90,90,90,90],"card_choices":[{"not_picked":["Guardian:ChargeUp","Guardian:Gem_Purple"],"picked":"Guardian:MultiBeam","floor":2},{"not_picked":["Guardian:CrystalBeam","Guardian:TemporalShield"],"picked":"Guardian:FloatingOrbs","floor":3},{"not_picked":["Guardian:Gem_Cyan","Guardian:Gem_Fragmented"],"picked":"Guardian:Gem_Red","floor":4},{"not_picked":["Guardian:Gem_Green","Guardian:Incinerate"],"picked":"Guardian:PiercingHide","floor":5},{"not_picked":["Guardian:Incinerate","Guardian:ChargeUp"],"picked":"Guardian:Harden","floor":6},{"not_picked":["Guardian:Gem_Green","Guardian:StasisStrike"],"picked":"Guardian:Planning","floor":8},{"not_picked":["Guardian:ChargeUp","Guardian:VentSteam"],"picked":"Guardian:TemporalShield","floor":9},{"not_picked":["Guardian:MultiBeam","Guardian:Gem_Lightblue"],"picked":"Guardian:Suspension","floor":11},{"not_picked":["Guardian:Recover","Guardian:PrismaticBarrier"],"picked":"Guardian:ChargeCore","floor":12},{"not_picked":["Guardian:PrismaticBarrier","Guardian:VentSteam"],"picked":"Guardian:DonusPower","floor":13},{"not_picked":["Guardian:TemporalShield","Guardian:Incinerate"],"picked":"Guardian:BaubleBeam","floor":14},{"not_picked":["Guardian:BronzeOrb","Guardian:ChargeCore"],"picked":"Guardian:GuardianWhirl","floor":15},{"not_picked":["Guardian:TimeSifter","Guardian:AncientConstruct"],"picked":"Guardian:StasisField","floor":16},{"not_picked":["Guardian:Planning","Guardian:Gem_Fragmented"],"picked":"Guardian:Incinerate","floor":19},{"not_picked":["Guardian:Gem_Green","Guardian:PrimingBeam"],"picked":"Guardian:ShieldCharger+1","floor":20}],"player_experience":115427,"relics_obtained":[{"floor":6,"key":"Whetstone"},{"floor":7,"key":"Omamori"},{"floor":14,"key":"Ornamental Fan"}],"event_choices":[],"is_beta":false,"boss_relics":[{"not_picked":["Empty Cage","SacredBark"],"picked":"SlaversCollar"}],"items_purged_floors":[],"is_endless":false,"potions_floor_spawned":[5,8,11,13,14,15],"killed_by":"Centurion and Healer","ascension_level":0}}