{"host":"os9owiyb0rak6c8n","time":1609539141,"event":{"mods":["AchievementEnabler","BaseMod","Beaked The Cultist","Better Third Choice","Block Reminder","Colored Map","Colored Powertips","Dio Mod","Minty Spire (QoL Compilation)","Robot Space Explorer","Spicy Shops","StSLib","The Death Knight","The Dragon Tamer"],"gold_per_floor":[114,114,289,309,131,163,180,180,180,200,200,210,228,255,255,255,255],"floor_reached":16,"playtime":604,"items_purged":[],"score":174,"play_id":"7b74b62b-93b5-4f0b-9376-88f4a0b47a68","local_time":"20210101231221","is_ascension_mode":true,"campfire_choices":[{"data":"Hologram","floor":11,"key":"SMITH"},{"floor":15,"key":"REST"}],"circlet_count":0,"master_deck":["AscendersBane","Strike_B","Strike_B","Strike_B","Defend_B","Defend_B","Defend_B","Defend_B","Zap","Dualcast","FTL","Doubt","Streamline","Go for the Eyes","Stack","White Noise","Genetic Algorithm","Hologram+1","Sunder","Scrape"],"relics":["Cracked Core","CaptainsWheel","Ancient Tea Set","Peace Pipe","Cables"],"acts_visited":["Exordium"],"potions_floor_usage":[6,6,14],"damage_taken":[{"damage":9,"enemies":"2 Louse","floor":1,"turns":3},{"damage":12,"enemies":"Small Slimes","floor":4,"turns":3},{"damage":9,"enemies":"Gremlin Nob","floor":6,"turns":3},{"damage":0,"enemies":"Cultist","floor":7,"turns":3},{"damage":2,"enemies":"Exordium Wildlife","floor":10,"turns":4},{"damage":0,"enemies":"3 Louse","floor":12,"turns":2},{"damage":10,"enemies":"2 Fungi Beasts","floor":13,"turns":4},{"damage":13,"enemies":"Lagavulin","floor":14,"turns":5},{"damage":30,"enemies":"The Guardian","floor":16,"turns":9}],"seed_played":"6140719769704301296","potions_obtained":[{"floor":0,"key":"SneckoOil"},{"floor":0,"key":"FairyPotion"},{"floor":0,"key":"Fire Potion"},{"floor":6,"key":"FearPotion"},{"floor":10,"key":"ColorlessPotion"}],"is_trial":false,"path_per_floor":["M","?","?","M","$","E","M","?","T","M","R","M","M","E","R","B"],"character_chosen":"DEFECT","items_purchased":["Go for the Eyes","Stack","White Noise"],"campfire_rested":1,"item_purchase_floors":[5,5,5],"current_hp_per_floor":[59,52,52,40,40,31,31,31,31,29,29,29,19,6,28,0,0],"gold":255,"neow_bonus":"THREE_SMALL_POTIONS","is_daily":false,"chose_seed":false,"campfire_upgraded":1,"win_rate":0.0,"timestamp":1609539141,"path_taken":["M","?","?","M","$","E","M","?","T","M","R","?","M","E","R","BOSS"],"items_purchased_type":["Card","Card","Card"],"build_version":"2020-12-22","purchased_purges":0,"victory":false,"max_hp_per_floor":[75,75,75,75,75,75,75,75,75,75,75,75,75,75,75,75,75],"card_choices":[{"not_picked":["Scrape","Compile Driver"],"picked":"FTL","floor":1},{"not_picked":["Hologram","Thunder Strike"],"picked":"Streamline","floor":4},{"not_picked":["Stack","FTL"],"picked":"Genetic Algorithm","floor":6},{"not_picked":["Barrage","Stack"],"picked":"Hologram","floor":7},{"not_picked":["Redo","Recycle"],"picked":"Sunder","floor":10},{"not_picked":["Loop","Beam Cell"],"picked":"Scrape","floor":12},{"not_picked":["Sunder","Hologram","Core Surge"],"picked":"SKIP","floor":13},{"not_picked":["White Noise","Aggregate","Genetic Algorithm"],"picked":"SKIP","floor":14}],"player_experience":525251,"relics_obtained":[{"floor":6,"key":"CaptainsWheel"},{"floor":9,"key":"Peace Pipe"},{"floor":14,"key":"Cables"}],"event_choices":[{"cards_removed":["Strike_B"],"damage_healed":0,"gold_gain":0,"player_choice":"Card Removal","damage_taken":7,"max_hp_gain":0,"max_hp_loss":0,"event_name":"Golden Wing","floor":2,"gold_loss":0},{"damage_healed":0,"gold_gain":175,"player_choice":"AGREE","damage_taken":114,"max_hp_gain":0,"max_hp_loss":0,"event_name":"betterThird:BetterSerpent","floor":3,"gold_loss":0},{"damage_healed":0,"gold_gain":0,"player_choice":"Gave Potion","damage_taken":0,"relics_obtained":["Ancient Tea Set"],"max_hp_gain":0,"max_hp_loss":0,"event_name":"WeMeetAgain","floor":8,"gold_loss":0}],"is_beta":false,"boss_relics":[],"items_purged_floors":[],"is_endless":false,"potions_floor_spawned":[1,6,10],"killed_by":"The Guardian","ascension_level":11}}