{"host":"uflv0e3ja7hvnij7","time":1609467130,"event":{"mods":["BaseMod","Better Altar","Better Match","Better Note","Better Sensory Stone","Better Skull","Better Third Choice","Hubris","Infinite Spire","Minty Spire (QoL Compilation)","Permanent Neow","StSLib"],"gold_per_floor":[209,224,236,254,179,179,211,211,211,29,46,64,64,98,98,195,195,206,61,61,61,73,73,73,83,83,83,98,115,125,125,125,222,222,237,237,255,300,316,316,316],"floor_reached":40,"playtime":2663,"items_purged":["Strike_R","Strike_R","Strike_R"],"score":570,"play_id":"b9b94e68-f91f-4c43-b4c0-284d0b4188c1","local_time":"20201231211210","is_ascension_mode":true,"campfire_choices":[{"data":"Cleave","floor":6,"key":"SMITH"},{"floor":8,"key":"REST"},{"floor":13,"key":"REST"},{"floor":15,"key":"REST"},{"data":"hubris:StunningStrike","floor":23,"key":"SMITH"},{"floor":32,"key":"REST"}],"circlet_count":0,"master_deck":["Strike_R","Strike_R","Defend_R","Defend_R","Defend_R","Bash","Cleave+1","Warcry","Pommel Strike","Feed","Metallicize","hubris:StunningStrike+1","Metallicize","Feed","Metallicize","Battle Trance","Searing Blow+1","Barricade","Ghostly Armor+1"],"relics":["Burning Blood","hubris:OldNail","Singing Bowl","Du-Vu Doll","Mark of Pain","DollysMirror","Blood Vial","infinitespire:Golems Mask","hubris:IronBody","hubris:Icosahedron","hubris:ScarierMask","Mango"],"acts_visited":["Exordium","TheCity","TheBeyond"],"potions_floor_usage":[4,7,14,28,33,40],"damage_taken":[{"damage":1,"enemies":"Cultist","floor":1,"turns":4},{"damage":1,"enemies":"Small Slimes","floor":2,"turns":4},{"damage":7,"enemies":"2 Louse","floor":3,"turns":3},{"damage":31,"enemies":"Exordium Wildlife","floor":4,"turns":5},{"damage":40,"enemies":"3 Sentries","floor":7,"turns":6},{"damage":6,"enemies":"2 Fungi Beasts","floor":11,"turns":4},{"damage":42,"enemies":"Exordium Thugs","floor":12,"turns":8},{"damage":21,"enemies":"Lagavulin","floor":14,"turns":7},{"damage":50,"enemies":"The Guardian","floor":16,"turns":16},{"damage":31,"enemies":"Spheric Guardian","floor":18,"turns":6},{"damage":14,"enemies":"Chosen","floor":22,"turns":7},{"damage":36,"enemies":"Shelled Parasite and Fungi","floor":25,"turns":9},{"damage":16,"enemies":"Chosen and Byrds","floor":28,"turns":7},{"damage":17,"enemies":"Centurion and Healer","floor":29,"turns":6},{"damage":13,"enemies":"Snake Plant","floor":30,"turns":4},{"damage":61,"enemies":"hubris:MusketHawk","floor":33,"turns":10},{"damage":24,"enemies":"3 Darklings","floor":35,"turns":5},{"damage":7,"enemies":"3 Shapes","floor":37,"turns":5},{"damage":13,"enemies":"2 Orb Walkers","floor":38,"turns":3},{"damage":23,"enemies":"Sphere and 2 Shapes","floor":39,"turns":5},{"damage":128,"enemies":"Giant Head","floor":40,"turns":10}],"seed_played":"-3416951136636187187","potions_obtained":[{"floor":1,"key":"BlessingOfTheForge"},{"floor":4,"key":"Swift Potion"},{"floor":12,"key":"Strength Potion"},{"floor":14,"key":"BloodPotion"},{"floor":22,"key":"Fire Potion"},{"floor":28,"key":"Strength Potion"},{"floor":33,"key":"Strength Potion"},{"floor":35,"key":"BloodPotion"}],"is_trial":false,"path_per_floor":["M","M","M","M","$","R","E","R","T","$","M","M","R","E","R","B",null,"M","$","?","?","M","R","?","M","T","AVR","M","M","M","?","R","B",null,"M","?","M","?","M","E"],"character_chosen":"IRONCLAD","items_purchased":["Feed","DollysMirror"],"campfire_rested":4,"item_purchase_floors":[10,19],"current_hp_per_floor":[77,80,79,54,54,54,20,44,44,44,47,14,39,27,53,9,69,49,49,25,56,52,52,52,32,32,32,27,21,21,21,55,25,93,82,82,88,97,90,0,0],"gold":316,"neow_bonus":"HUNDRED_GOLD","is_daily":false,"chose_seed":false,"campfire_upgraded":2,"win_rate":0.0,"timestamp":1609467130,"path_taken":["M","?","M","M","$","R","E","R","T","$","M","M","R","E","R","BOSS","M","$","?","?","M","R","?","M","T","AVR","M","M","?","?","R","BOSS","M","?","M","?","M","E"],"items_purchased_type":["Card","Relic"],"build_version":"2020-12-22","purchased_purges":3,"victory":false,"max_hp_per_floor":[80,80,80,80,80,80,80,80,80,80,83,86,86,89,89,89,89,94,94,94,94,96,96,96,104,104,104,107,110,115,115,115,115,115,120,114,119,133,141,141,141],"card_choices":[{"not_picked":["True Grit","Anger","Flame Barrier"],"picked":"SKIP","floor":1},{"not_picked":["Hemokinesis","Flame Barrier","Fire Breathing"],"picked":"SKIP","floor":2},{"not_picked":["Reckless Charge","Armaments"],"picked":"Cleave","floor":3},{"not_picked":["Dropkick","Thunderclap"],"picked":"Warcry","floor":4},{"not_picked":["Cleave","Shockwave"],"picked":"Pommel Strike","floor":7},{"not_picked":["Armaments","Carnage"],"picked":"Metallicize","floor":11},{"not_picked":["Shrug It Off","Flex"],"picked":"hubris:StunningStrike","floor":12},{"not_picked":["hubris:ReadiedAction","Clash"],"picked":"Metallicize","floor":14},{"not_picked":["Bludgeon","Impervious"],"picked":"Feed","floor":16},{"not_picked":["Wild Strike","Combust","Dual Wield"],"picked":"Singing Bowl","floor":18},{"not_picked":["Flame Barrier+1","Body Slam","Heavy Blade+1"],"picked":"Singing Bowl","floor":22},{"not_picked":["Armaments","Bloodletting","Clash"],"picked":"Singing Bowl","floor":25},{"not_picked":["Perfected Strike","Juggernaut"],"picked":"Battle Trance","floor":28},{"not_picked":["Carnage","Feel No Pain"],"picked":"Searing Blow+1","floor":29},{"not_picked":["Sentinel+1","Sever Soul+1","Pummel+1"],"picked":"Singing Bowl","floor":30},{"not_picked":["Exhume","Fiend Fire"],"picked":"Barricade","floor":33},{"not_picked":["Flex+1","Reckless Charge","Clash+1"],"picked":"Singing Bowl","floor":35},{"not_picked":["Thunderclap","Fire Breathing","Spot Weakness"],"picked":"Singing Bowl","floor":37},{"not_picked":["Headbutt","Dark Embrace"],"picked":"Ghostly Armor+1","floor":38},{"not_picked":["Reaper","Sword Boomerang","Wild Strike+1"],"picked":"Singing Bowl","floor":39}],"player_experience":445916,"relics_obtained":[{"floor":7,"key":"hubris:OldNail"},{"floor":9,"key":"Singing Bowl"},{"floor":14,"key":"Du-Vu Doll"},{"floor":26,"key":"infinitespire:Golems Mask"},{"floor":38,"key":"Mango"}],"event_choices":[{"damage_healed":0,"gold_gain":0,"player_choice":" Vial ","damage_taken":24,"relics_obtained":["Blood Vial"],"max_hp_gain":49,"max_hp_loss":25,"event_name":"betterAltar:BetterAltar","floor":20,"potions_obtained":[],"relics_lost":[],"gold_loss":0},{"damage_healed":31,"gold_gain":0,"player_choice":"Heal","damage_taken":0,"max_hp_gain":0,"max_hp_loss":0,"event_name":"The Library","floor":21,"gold_loss":0},{"cards_removed":["Defend_R"],"damage_healed":0,"gold_gain":0,"player_choice":"Purged","damage_taken":0,"max_hp_gain":0,"max_hp_loss":0,"event_name":"Purifier","floor":24,"gold_loss":0},{"damage_healed":0,"gold_gain":0,"player_choice":"Max HP","damage_taken":0,"max_hp_gain":0,"max_hp_loss":6,"event_name":"Winding Halls","floor":36,"gold_loss":0},{"damage_healed":0,"gold_gain":0,"player_choice":"Fight","damage_taken":0,"max_hp_gain":0,"max_hp_loss":0,"event_name":"Mysterious Sphere","floor":38,"gold_loss":0}],"is_beta":false,"boss_relics":[{"not_picked":["Philosopher\u0027s Stone","Coffee Dripper"],"picked":"Mark of Pain"},{"not_picked":["Astrolabe","hubris:BlackHole"],"picked":"hubris:ScarierMask"}],"items_purged_floors":[5,10,27],"is_endless":false,"potions_floor_spawned":[1,4,12,14,22,28,33,35],"killed_by":"Giant Head","ascension_level":6}}