{"host":"tva948ojjycf0txh","time":1609530564,"event":{"mods":["BaseMod","Minty Spire (QoL Compilation)","Replay The Spire","StSLib"],"gold_per_floor":[112,128,201,218,393,393,408,443,443,453,453,468,39,65,65,164,164,176,0,13,13,30,30,62,62,142,20,20,35,66,6,6,101,101,111,78,78,128,128,128,50,50,103,115,132,132,166,192,204,216,216],"floor_reached":50,"playtime":4162,"items_purged":[],"score":646,"play_id":"f553222d-7c38-40a8-b4bf-1d5aeb2b5d6f","local_time":"20210102034924","is_ascension_mode":false,"campfire_choices":[{"data":"Backstab","floor":6,"key":"SMITH"},{"floor":11,"key":"REST"},{"data":"Phantasmal Killer","floor":15,"key":"SMITH"},{"floor":23,"key":"REST"},{"data":"Mayhem","floor":28,"key":"SMITH"},{"data":"Phantasmal Killer","floor":32,"key":"SMITH"},{"data":"Distraction","floor":40,"key":"SMITH"},{"data":"Poison Darts","floor":42,"key":"SMITH"},{"data":"Doppelganger","floor":46,"key":"SMITH"},{"data":"Doubt","floor":49,"key":"PURGE"}],"circlet_count":0,"master_deck":["Defend_G","Defend_G","Defend_G","Defend_G","Defend_G","Survivor","Neutralize","Underhanded Strike","Dagger Throw","Backstab+1","Poison Darts+1","Phantasmal Killer+1","Outmaneuver","Poisoned Stab+1","All Out Attack+1","ReplayTheSpireMod:Scrap Shanks","Underhanded Strike+1","Dagger Spray+1","Doppelganger+1","Deflect+1","Mayhem+1","Eviscerate+1","RitualDagger+1","Backflip","Masterful Stab+1","Bite+1","Bite+1","Bite+1","Bite+1","Bite+1","Terror","Terror","All Out Attack+1","Riddle With Holes+1","Phantasmal Killer+1","Atom Bomb+1","Sucker Punch+1","Acrobatics","Acrobatics","Madness","Madness","Distraction+1","Decay","Flechettes+1","Pot Of Greed","Pot Of Greed","Pot Of Greed","Pot Of Greed","Underhanded Strike+1","PiercingWail+1","ReplayTheSpireMod:The Works+1","Pot Of Greed"],"relics":["Ring of the Snake","Divine Protection","Molten Egg 2","Replay:Accelerometer","Mercury Hourglass","Black Star","ReplayTheSpireMod:Ninjato","Kunai","Ornamental Fan","Red Mask","Replay:Bronze Core","Byrd Skull","Grinning Jar","Peace Pipe","Iron Hammer","MawBank"],"acts_visited":["Exordium","TheCity","TheBeyond"],"potions_floor_usage":[8,8,8,22,24,24,33,33,47,50],"damage_taken":[{"damage":3,"enemies":"Small Slimes","floor":1,"turns":4},{"damage":1,"enemies":"2 Louse","floor":2,"turns":3},{"damage":0,"enemies":"Jaw Worm","floor":4,"turns":3},{"damage":7,"enemies":"Looter","floor":7,"turns":3},{"damage":23,"enemies":"Lagavulin","floor":8,"turns":5},{"damage":0,"enemies":"Large Slime","floor":10,"turns":6},{"damage":0,"enemies":"Gremlin Gang","floor":12,"turns":2},{"damage":5,"enemies":"3 Sentries","floor":14,"turns":4},{"damage":5,"enemies":"Slime Boss","floor":16,"turns":7},{"damage":2,"enemies":"Chosen","floor":18,"turns":3},{"damage":0,"enemies":"2 Thieves","floor":20,"turns":3},{"damage":4,"enemies":"3 Cultists","floor":22,"turns":5},{"damage":2,"enemies":"Slavers","floor":24,"turns":4},{"damage":0,"enemies":"Centurion and Healer","floor":29,"turns":2},{"damage":0,"enemies":"Masked Bandits","floor":30,"turns":4},{"damage":25,"enemies":"Champ","floor":33,"turns":9},{"damage":11,"enemies":"3 Shapes","floor":35,"turns":3},{"damage":0,"enemies":"Mind Bloom Boss Battle","floor":38,"turns":4},{"damage":0,"enemies":"Orb Walker","floor":44,"turns":2},{"damage":0,"enemies":"4 Shapes","floor":45,"turns":2},{"damage":49,"enemies":"Nemesis","floor":47,"turns":5},{"damage":28,"enemies":"Awakened One","floor":50,"turns":3}],"seed_played":"8823935342245771903","potions_obtained":[{"floor":0,"key":"Adrenaline Potion"},{"floor":0,"key":"AttackPotion"},{"floor":0,"key":"Adrenaline Potion"},{"floor":2,"key":"DistilledChaos"},{"floor":12,"key":"Flashbang"},{"floor":14,"key":"Ancient Potion"},{"floor":16,"key":"Strength Potion"},{"floor":20,"key":"Block Potion"},{"floor":22,"key":"SkillPotion"},{"floor":24,"key":"Strength Potion"},{"floor":33,"key":"Dexterity Potion"},{"floor":35,"key":"SkillPotion"},{"floor":44,"key":"Elixir"},{"floor":45,"key":"LiquidMemories"}],"is_trial":false,"path_per_floor":["M","M","?","M","?","R","M","E","T","M","R","M","$","E","R","B",null,"M","$","M","?","M","R","E","?","T","$","R","M","?","?","R","B",null,"M","$","?","?","?","R","$","R","T","M","M","R","E","T","R","B"],"character_chosen":"THE_SILENT","items_purchased":["All Out Attack+1","ReplayTheSpireMod:Scrap Shanks","Underhanded Strike+1","Replay:Accelerometer","Mayhem","Terror","All Out Attack+1","Acrobatics","Flechettes+1"],"campfire_rested":2,"item_purchase_floors":[13,13,13,13,19,27,27,36,41],"current_hp_per_floor":[67,66,66,66,66,66,59,36,36,36,57,57,57,52,52,47,70,68,68,68,62,58,70,68,49,49,49,49,49,49,49,49,31,49,41,41,35,41,41,41,41,41,41,44,49,49,12,12,12,0,0],"gold":216,"neow_bonus":"THREE_SMALL_POTIONS","is_daily":false,"chose_seed":false,"campfire_upgraded":7,"win_rate":0.0,"timestamp":1609530564,"path_taken":["M","M","?","M","?","R","M","E","T","M","R","M","$","E","R","BOSS","M","$","M","?","M","R","E","?","T","$","R","?","?","?","R","BOSS","M","$","?","?","?","R","$","R","T","M","?","R","E","?","R","BOSS"],"items_purchased_type":["Card","Card","Card","Relic","Card","Card","Card","Card","Card"],"build_version":"2020-12-22","purchased_purges":0,"victory":false,"max_hp_per_floor":[70,70,70,70,70,70,70,70,70,70,70,70,70,70,70,70,70,70,70,70,70,70,70,70,49,49,49,49,49,49,49,49,49,49,49,49,49,49,49,49,49,49,49,49,49,49,49,49,49,49,49],"card_choices":[{"not_picked":["Acrobatics","Deadly Poison"],"picked":"Underhanded Strike","floor":1},{"not_picked":["Sucker Punch","Footwork"],"picked":"Dagger Throw","floor":2},{"not_picked":["Outmaneuver","Tactician"],"picked":"Backstab","floor":4},{"not_picked":["Toxin Wave","Dagger Throw"],"picked":"Poison Darts","floor":7},{"not_picked":["Reflex","Underhanded Strike"],"picked":"Phantasmal Killer","floor":8},{"not_picked":["Fluid Movement","Escape Plan"],"picked":"Outmaneuver","floor":10},{"not_picked":["Deadly Poison","Hidden Blade"],"picked":"Poisoned Stab+1","floor":12},{"not_picked":["Choke+1","Blade Dance"],"picked":"Dagger Spray+1","floor":14},{"not_picked":["Burst","Night Terror"],"picked":"Doppelganger","floor":16},{"not_picked":["Backflip","Quick Slash+1"],"picked":"Deflect+1","floor":18},{"not_picked":["Underhanded Strike+1","Leg Sweep"],"picked":"Eviscerate+1","floor":20},{"not_picked":["Noxious Fumes","Hidden Blade"],"picked":"Backflip","floor":22},{"not_picked":["Dagger Spray+1","ReplayTheSpireMod:Exploit Weakness+1"],"picked":"Masterful Stab+1","floor":24},{"not_picked":["ReplayTheSpireMod:Scrap Shanks","Backflip"],"picked":"Riddle With Holes+1","floor":29},{"not_picked":["Dagger Spray+1","Dodge and Roll"],"picked":"Phantasmal Killer","floor":30},{"not_picked":["Glass Knife+1","Adrenaline"],"picked":"Atom Bomb+1","floor":33},{"not_picked":["Dagger Spray+1","Draining Mist"],"picked":"Sucker Punch+1","floor":35},{"not_picked":["Blade Dance+1","Poisoned Stab+1"],"picked":"Distraction","floor":38},{"not_picked":["Noxious Fumes","Dodge and Roll"],"picked":"Underhanded Strike+1","floor":44},{"not_picked":["Sucker Punch+1","Dagger Spray+1"],"picked":"PiercingWail+1","floor":45},{"not_picked":["Dagger Spray+1","Caltrops"],"picked":"ReplayTheSpireMod:The Works+1","floor":47}],"player_experience":21281,"relics_obtained":[{"floor":8,"key":"Divine Protection"},{"floor":9,"key":"Molten Egg 2"},{"floor":14,"key":"Mercury Hourglass"},{"floor":24,"key":"ReplayTheSpireMod:Ninjato"},{"floor":24,"key":"Kunai"},{"floor":26,"key":"Ornamental Fan"},{"floor":30,"key":"Red Mask"},{"floor":38,"key":"Byrd Skull"},{"floor":43,"key":"Grinning Jar"},{"floor":47,"key":"Peace Pipe"},{"floor":47,"key":"Iron Hammer"},{"floor":48,"key":"MawBank"}],"event_choices":[{"damage_healed":0,"gold_gain":73,"player_choice":"Gained Gold","damage_taken":0,"max_hp_gain":0,"max_hp_loss":0,"event_name":"Golden Wing","floor":3,"gold_loss":0},{"damage_healed":0,"gold_gain":175,"player_choice":"AGREE","damage_taken":0,"max_hp_gain":0,"max_hp_loss":0,"event_name":"Liars Game","floor":5,"gold_loss":0,"cards_obtained":["Doubt"]},{"damage_healed":0,"gold_gain":0,"player_choice":"Joined the Cult","damage_taken":6,"max_hp_gain":0,"max_hp_loss":0,"event_name":"Nest","floor":21,"gold_loss":0,"cards_obtained":["RitualDagger"]},{"damage_healed":0,"gold_gain":0,"player_choice":"Became a vampire","damage_taken":0,"max_hp_gain":0,"max_hp_loss":21,"event_name":"Vampires","floor":25,"gold_loss":0,"cards_obtained":["Bite","Bite","Bite","Bite","Bite"]},{"damage_healed":0,"gold_gain":0,"player_choice":"Fought Bandits","damage_taken":0,"max_hp_gain":0,"max_hp_loss":0,"event_name":"Masked Bandits","floor":30,"gold_loss":0},{"damage_healed":0,"gold_gain":0,"player_choice":"Embrace Madness","damage_taken":6,"max_hp_gain":0,"max_hp_loss":0,"event_name":"Winding Halls","floor":37,"gold_loss":0,"cards_obtained":["Madness","Madness"]},{"damage_healed":0,"gold_gain":0,"player_choice":"Fight","damage_taken":0,"max_hp_gain":0,"max_hp_loss":0,"event_name":"MindBloom","floor":38,"gold_loss":0},{"damage_healed":0,"gold_gain":0,"player_choice":"Cursed","damage_taken":0,"max_hp_gain":0,"max_hp_loss":0,"event_name":"Wheel of Change","floor":39,"gold_loss":0,"cards_obtained":["Decay"]}],"is_beta":false,"boss_relics":[{"not_picked":["Kintsugi","Runic Dome"],"picked":"Black Star"},{"not_picked":["Tiny House","Snecko Scales"],"picked":"Replay:Bronze Core"}],"items_purged_floors":[],"is_endless":false,"potions_floor_spawned":[2,12,14,16,20,22,24,33,35,44,45],"killed_by":"Awakened One","ascension_level":0}}