{"host":"9rplp4stncpaeegj","time":1609499283,"event":{"mods":["AchievementEnabler","BaseMod","Best Route Mod","Colored Map","Evolution","Highlight Path","Keyboard Shortcuts","Minty Spire (QoL Compilation)","Shop Mod","StSLib"],"gold_per_floor":[111,111,126,142,167,210,210,250,250,273,273,149,149,168,168,294,294,309,234,333,333,333,333,333],"floor_reached":23,"playtime":1037,"items_purged":["Strike_R"],"score":199,"play_id":"07f6f113-d6d5-4036-9865-4b51e4423818","local_time":"20210101120803","is_ascension_mode":false,"campfire_choices":[{"floor":7,"key":"REST"},{"data":"Armaments","floor":13,"key":"SMITH"},{"data":"Rampage","floor":15,"key":"SMITH"}],"circlet_count":0,"master_deck":["Strike_R","Strike_R","Strike_R","Strike_R","Defend_R","Defend_R","Defend_R","Defend_R","Bash+1","Barricade","Battle Trance","Dropkick","Rampage+1","Armaments+1","Feed","J.A.X."],"relics":["Black Blood","EVO:Axolotl","Golden Idol","Torii","Blood Vial","Letter Opener","Ginger"],"acts_visited":["Exordium","TheCity"],"potions_floor_usage":[10,14,14,18],"damage_taken":[{"damage":5,"enemies":"Small Slimes","floor":1,"turns":3},{"damage":8,"enemies":"Jaw Worm","floor":3,"turns":3},{"damage":2,"enemies":"2 Louse","floor":4,"turns":4},{"damage":20,"enemies":"Looter","floor":5,"turns":3},{"damage":39,"enemies":"Gremlin Nob","floor":6,"turns":6},{"damage":32,"enemies":"Lagavulin","floor":8,"turns":9},{"damage":11,"enemies":"Exordium Wildlife","floor":10,"turns":6},{"damage":1,"enemies":"Lots of Slimes","floor":14,"turns":3},{"damage":29,"enemies":"Hexaghost","floor":16,"turns":12},{"damage":17,"enemies":"3 Byrds","floor":18,"turns":7},{"damage":80,"enemies":"Book of Stabbing","floor":23,"turns":5}],"seed_played":"-5255372936231558818","potions_obtained":[{"floor":1,"key":"Ancient Potion"},{"floor":6,"key":"Energy Potion"},{"floor":8,"key":"SkillPotion"},{"floor":10,"key":"SteroidPotion"},{"floor":16,"key":"PowerPotion"},{"floor":18,"key":"Strength Potion"}],"is_trial":false,"path_per_floor":["M","?","M","M","M","E","R","E","T","M","?","$","R","M","R","B",null,"M","?","?","?","T","E"],"character_chosen":"IRONCLAD","items_purchased":["Armaments"],"campfire_rested":1,"item_purchase_floors":[12],"current_hp_per_floor":[80,60,58,62,48,15,39,13,13,10,30,30,30,37,37,16,80,78,78,78,78,78,0,0],"gold":333,"neow_bonus":"UPGRADE_CARD","is_daily":false,"chose_seed":false,"campfire_upgraded":2,"win_rate":0.0,"timestamp":1609499283,"path_taken":["M","?","M","M","M","E","R","E","T","M","?","$","R","M","R","BOSS","M","?","?","?","?","E"],"items_purchased_type":["Card"],"build_version":"2020-12-22","purchased_purges":1,"victory":false,"max_hp_per_floor":[80,80,80,80,80,80,80,80,80,80,80,80,80,80,80,80,80,83,80,80,80,80,80,80],"card_choices":[{"not_picked":["Twin Strike","Dropkick","Thunderclap"],"picked":"SKIP","floor":1},{"not_picked":["Clothesline","Anger","Dual Wield"],"picked":"SKIP","floor":3},{"not_picked":["Uppercut","Perfected Strike"],"picked":"Barricade","floor":4},{"not_picked":["Anger","Pommel Strike","Flame Barrier"],"picked":"SKIP","floor":5},{"not_picked":["Perfected Strike","Battle Trance","True Grit"],"picked":"SKIP","floor":6},{"not_picked":["Perfected Strike","True Grit"],"picked":"Battle Trance","floor":6},{"not_picked":["Armaments","Double Tap"],"picked":"Dropkick","floor":8},{"not_picked":["Flex","Clothesline"],"picked":"Rampage","floor":10},{"not_picked":["Anger","Flex","Power Through"],"picked":"SKIP","floor":14},{"not_picked":["Offering","Bludgeon"],"picked":"Feed","floor":16},{"not_picked":["Flame Barrier","True Grit","Dark Embrace"],"picked":"SKIP","floor":18}],"player_experience":1237,"relics_obtained":[{"floor":6,"key":"Torii"},{"floor":8,"key":"Blood Vial"},{"floor":9,"key":"Letter Opener"},{"floor":22,"key":"Ginger"}],"event_choices":[{"damage_healed":0,"gold_gain":0,"player_choice":"Take Damage","damage_taken":20,"relics_obtained":["Golden Idol"],"max_hp_gain":0,"max_hp_loss":0,"event_name":"Golden Idol","floor":2,"gold_loss":0},{"damage_healed":20,"gold_gain":0,"player_choice":"Healed and dodged fight","damage_taken":0,"max_hp_gain":0,"max_hp_loss":0,"event_name":"Mushrooms","floor":11,"gold_loss":0,"cards_obtained":["Parasite"]},{"cards_removed":["Parasite"],"damage_healed":0,"gold_gain":0,"player_choice":"Gave Gold","damage_taken":0,"max_hp_gain":0,"max_hp_loss":0,"event_name":"Beggar","floor":19,"gold_loss":75},{"damage_healed":0,"gold_gain":99,"player_choice":"Stole From Cult","damage_taken":0,"max_hp_gain":0,"max_hp_loss":0,"event_name":"Nest","floor":20,"gold_loss":0},{"damage_healed":0,"gold_gain":0,"player_choice":"Obtain J.A.X.","damage_taken":0,"max_hp_gain":0,"max_hp_loss":0,"event_name":"Drug Dealer","floor":21,"gold_loss":0,"cards_obtained":["J.A.X."]}],"is_beta":false,"boss_relics":[{"not_picked":["Cursed Key","SacredBark"],"picked":"Black Blood"}],"items_purged_floors":[12],"is_endless":false,"potions_floor_spawned":[1,6,8,10,16,18],"killed_by":"Book of Stabbing","ascension_level":0}}