{"host":"erwxnntsfyc3037l","time":1609528462,"event":{"mods":["AchievementEnabler","BaseMod","Colored Powertips","Conspire","Downfall","Hermit","Hubris","Minty Spire (QoL Compilation)","Quick Restart","Replay The Spire","StSLib","The Bladedancer","The Cursed"],"gold_per_floor":[113,113,127,147,147,147,172,172,172,3,3,21,41,61,61,164,164,175,175,187,204,109,109,109],"floor_reached":23,"playtime":5837,"items_purged":["hubris:DoWhile"],"score":193,"play_id":"07f38240-ea4c-457a-b010-fce9a6d9b883","local_time":"20210101221422","is_ascension_mode":false,"campfire_choices":[{"data":"Conserve Battery","floor":6,"key":"SMITH"},{"floor":8,"key":"REST"},{"floor":15,"key":"REST"}],"circlet_count":0,"master_deck":["Strike_B","Strike_B","Strike_B","Strike_B","Defend_B","Defend_B","Defend_B","Defend_B","Zap","Dualcast","Leap+1","Defragment","Conserve Battery+1","Redo","ReplayTheSpireMod:Calculation Training","Streamline","Doom and Gloom","Scrape","Rainbow","Go for the Eyes+1","BasicCrystalCard+1","Streamline+1","expansioncontent:ChargeUp"],"relics":["Cracked Core","Lizard Tail","White Beast Statue","Happy Flower","hubris:Backtick","hermit:Horseshoe"],"acts_visited":["Exordium","TheCity"],"potions_floor_usage":[7,16,16,18,18,23,23],"damage_taken":[{"damage":8,"enemies":"Jaw Worm","floor":1,"turns":4},{"damage":0,"enemies":"2 Louse","floor":3,"turns":2},{"damage":0,"enemies":"Cultist","floor":4,"turns":3},{"damage":27,"enemies":"3 Sentries","floor":7,"turns":7},{"damage":7,"enemies":"Blue Slaver","floor":12,"turns":4},{"damage":10,"enemies":"Large Slime","floor":13,"turns":5},{"damage":0,"enemies":"3 Louse","floor":14,"turns":3},{"damage":8,"enemies":"Slime Boss","floor":16,"turns":10},{"damage":5,"enemies":"2 Thieves","floor":18,"turns":3},{"damage":16,"enemies":"Spheric Guardian","floor":20,"turns":4},{"damage":9,"enemies":"Snake Plant","floor":21,"turns":4},{"damage":121,"enemies":"Gremlin Leader","floor":23,"turns":8}],"seed_played":"-3211441764394658774","potions_obtained":[{"floor":3,"key":"Explosive Potion"},{"floor":12,"key":"ColorlessPotion"},{"floor":13,"key":"SteroidPotion"},{"floor":14,"key":"Swift Potion"},{"floor":16,"key":"Fire Potion"},{"floor":18,"key":"FairyPotion"},{"floor":20,"key":"Toxic Potion"},{"floor":21,"key":"conspire:TimeTravelPotion"}],"is_trial":false,"path_per_floor":["M","?","M","M","?","R","E","R","T","$","T","M","M","M","R","B",null,"M","?","M","M","$","E"],"character_chosen":"DEFECT","items_purchased":["ReplayTheSpireMod:Calculation Training","Streamline","expansioncontent:ChargeUp"],"campfire_rested":2,"item_purchase_floors":[10,10,22],"current_hp_per_floor":[67,67,67,67,67,67,40,62,62,62,62,55,45,45,67,59,75,70,70,54,45,45,0,0],"gold":109,"neow_bonus":"ONE_RANDOM_RARE_CARD","is_daily":false,"chose_seed":false,"campfire_upgraded":1,"win_rate":0.0,"timestamp":1609528462,"path_taken":["M","?","M","M","?","R","E","R","T","$","?","M","?","M","R","BOSS","M","?","M","M","$","E"],"items_purchased_type":["Card","Card","Card"],"build_version":"2020-12-22","purchased_purges":1,"victory":false,"max_hp_per_floor":[75,75,75,75,75,75,75,75,75,75,75,75,75,75,75,75,75,75,75,75,75,75,75,75],"card_choices":[{"not_picked":["Steam","Chaos"],"picked":"Leap","floor":1},{"not_picked":["Conserve Battery","Fusion"],"picked":"Defragment","floor":3},{"not_picked":["Aggregate","Leap"],"picked":"Conserve Battery","floor":4},{"not_picked":["Chaos","Reinforced Body"],"picked":"Redo","floor":7},{"not_picked":["Sweeping Beam","Gash"],"picked":"Doom and Gloom","floor":12},{"not_picked":["Chaos","Skim"],"picked":"Scrape","floor":13},{"not_picked":["Hologram","Redo","Blizzard"],"picked":"SKIP","floor":14},{"not_picked":["Mirror Shield","All For One"],"picked":"Rainbow","floor":16},{"not_picked":["Cold Snap","Gash"],"picked":"Go for the Eyes+1","floor":18},{"not_picked":["Loop","Hologram+1"],"picked":"BasicCrystalCard+1","floor":20},{"not_picked":["FIFO Queue","Redo+1"],"picked":"Streamline+1","floor":21}],"player_experience":20502,"relics_obtained":[{"floor":7,"key":"Lizard Tail"},{"floor":9,"key":"White Beast Statue"},{"floor":11,"key":"Happy Flower"}],"event_choices":[{"damage_healed":0,"gold_gain":0,"player_choice":"Disagree","damage_taken":0,"max_hp_gain":0,"max_hp_loss":0,"event_name":"conspire:LoneGhost","floor":5,"gold_loss":0},{"damage_healed":0,"gold_gain":0,"player_choice":"Ignored","damage_taken":0,"max_hp_gain":0,"max_hp_loss":0,"event_name":"Cursed Tome","floor":19,"gold_loss":0}],"is_beta":false,"boss_relics":[{"not_picked":["Replay:Bronze Core","hubris:HollowSoul"],"picked":"hubris:Backtick"}],"items_purged_floors":[10],"is_endless":false,"potions_floor_spawned":[3,12,13,14,16,18,20,21],"killed_by":"Gremlin Leader","ascension_level":0}}