{"host":"w1xj5yb993x94b3l","time":1609497500,"event":{"mods":["AchievementEnabler","Act Like it!","Aspiration","BaseMod","Beaked The Cultist","BetterRewards","CCEM","Clockwork Mod","Colored Powertips","Conspire","Downfall","Energized Spire","Friendly Minions","GifTheSpireLib","Glutton Mod","Halation","Hubris","Infinite Spire","Lobotomy","LobotomyExtend","Mad Scientist","Marisa????????","Minty Spire (QoL Compilation)","Relic Sorter","Replay The Spire","Slumbering Mod","Spikes Relics","StSLib","Stuff the Spire","The Bladedancer","The Construct","The Disciple","The Jungle","The Mystic","The Runesmith","The Sage","The Servant 0.9.4","Trackpad","vexMod"],"gold_per_floor":[113,128,128,128,128,128,143,143,170,14,14,14,28,48,48,147,147,161,180,180,180,180],"floor_reached":21,"playtime":1235,"items_purged":[],"score":194,"play_id":"0e9751e6-a00a-490e-a435-c80f443baf56","local_time":"20210101113820","is_ascension_mode":true,"campfire_choices":[{"floor":6.0,"key":"REST"},{"data":"construct:Enhance+1","floor":8.0,"key":"SMITH"},{"data":"construct:FlameCore","floor":15.0,"key":"SMITH"}],"circlet_count":0,"master_deck":["construct:Strike_Gold","construct:Strike_Gold","construct:Strike_Gold","construct:Strike_Gold","construct:Strike_Gold","construct:Defend_Gold","construct:Defend_Gold","construct:Defend_Gold","construct:Defend_Gold","construct:Defend_Gold","construct:AttackMode","construct:DefenseMode","construct:ChargeShot","construct:FierceBash","construct:Enhance+2","construct:FlameCore+1","Parasite","construct:HyperBeam","construct:VentSteam","construct:SiegeForm","construct:Autoturret","construct:Forcefield+1","Decay"],"relics":["construct:ClockworkPhoenix","construct:Challenge1","LetterFromLob","vexMod:MemoryStick","halation:PinkSoulGem","Gaze_r","trackpad:CultistFigurine","HandDrill","hubris:Backtick","trackpad:BottledShadow"],"acts_visited":["Exordium","TheCity"],"potions_floor_usage":[18],"damage_taken":[{"damage":6.0,"enemies":"2 Louse","floor":1.0,"turns":3.0},{"damage":3.0,"enemies":"Small Slimes","floor":2.0,"turns":4.0},{"damage":20.0,"enemies":"Small Slimes","floor":5.0,"turns":7.0},{"damage":7.0,"enemies":"Jaw Worm","floor":7.0,"turns":3.0},{"damage":7.0,"enemies":"Looter","floor":13.0,"turns":3.0},{"damage":0.0,"enemies":"2 Fungi Beasts","floor":14.0,"turns":3.0},{"damage":26.0,"enemies":"Hexaghost","floor":16.0,"turns":10.0},{"damage":23,"enemies":"2 Thieves","floor":18,"turns":5},{"damage":30,"enemies":"Spheric Guardian","floor":19,"turns":6},{"damage":34,"enemies":"Snake Plant","floor":21,"turns":4}],"seed_played":"3497866746495127122","potions_obtained":[{"floor":7.0,"key":"Languid Potion"},{"floor":13.0,"key":"SkillPotion"},{"floor":14.0,"key":"FearPotion"}],"is_trial":false,"path_per_floor":["M","M","?","?","?","R","M","R","T","$","?","$","M","M","R","B",null,"M","M","?","M"],"character_chosen":"THE_CONSTRUCT_MOD","items_purchased":["construct:ChargeShot","HandDrill"],"campfire_rested":1,"item_purchase_floors":[0,10],"current_hp_per_floor":[79,76,76,76,48,73,66,66,66,66,85,85,78,78,78,52,85,62,32,32,0,0],"gold":180,"neow_bonus":"","is_daily":false,"chose_seed":false,"campfire_upgraded":2,"win_rate":0.0,"timestamp":1609497500,"path_taken":["M","M","?","?","?","R","M","R","T","$","?","?","M","?","R","BOSS","M","?","?","M"],"items_purchased_type":["Card","Relic"],"build_version":"2020-12-22","purchased_purges":0,"victory":false,"max_hp_per_floor":[85,85,85,85,85,85,85,85,85,85,85,85,85,85,85,85,85,85,85,85,85,85],"card_choices":[{"not_picked":["construct:ElectricArmor","construct:Analyze"],"picked":"construct:FierceBash","floor":1.0},{"not_picked":["construct:Forcefield","construct:FocusedBeam"],"picked":"construct:Enhance","floor":2.0},{"not_picked":["construct:Versatility","construct:ScrapCannon"],"picked":"construct:FlameCore","floor":7.0},{"not_picked":["construct:SaveState","construct:Backfire"],"picked":"construct:HyperBeam","floor":13.0},{"not_picked":["construct:FlakBarrage","construct:HardReboot"],"picked":"construct:VentSteam","floor":14.0},{"not_picked":["construct:MemoryTap","construct:HyperBeam"],"picked":"construct:SiegeForm","floor":16.0},{"not_picked":["construct:ShiftStrike+1","construct:FocusedBeam"],"picked":"construct:Autoturret","floor":18},{"not_picked":["construct:Analyze+1","construct:ModeShift+1"],"picked":"construct:Forcefield+1","floor":19}],"player_experience":235178,"relics_obtained":[{"floor":1.0,"key":"LetterFromLob"},{"floor":3.0,"key":"vexMod:MemoryStick"},{"floor":9.0,"key":"trackpad:CultistFigurine"}],"event_choices":[{"damage_healed":21.0,"max_hp_gain":0.0,"max_hp_loss":0.0,"gold_gain":0.0,"event_name":"Mushrooms","player_choice":"Healed and dodged fight","floor":11.0,"gold_loss":0.0,"damage_taken":0.0,"cards_obtained":["Parasite"]},{"damage_healed":0,"gold_gain":0,"player_choice":"Smashed Altar","damage_taken":0,"max_hp_gain":0,"max_hp_loss":0,"event_name":"Forgotten Altar","floor":20,"gold_loss":0,"cards_obtained":["Decay"]}],"is_beta":false,"boss_relics":[{"not_picked":["vexMod:BigBerry","hubris:TerracottaHorce"],"picked":"hubris:Backtick"}],"items_purged_floors":[],"is_endless":false,"potions_floor_spawned":[5,7,13,14],"killed_by":"Snake Plant","ascension_level":3}}