{"host":"9d83omykrosjn1d3","time":1609496133,"event":{"mods":["AchievementEnabler","BaseMod","BetterRewards","Card Forge","Downfall","Hubris","Minty Spire (QoL Compilation)","Permanent Neow","Shop Mod","StSLib","SuperFastMode","The Construct"],"gold_per_floor":[118,137,154,154,154,184,184,228,228,253,267,155,155,176,176,306,306,320,335,349,382,398,442,462,462,489,222,222,262,276,296,296,415,415,433,454,473,473,486,486,517,517,543,581,926,938,505,522,522,522],"floor_reached":51,"playtime":1693,"items_purged":[],"score":1587,"play_id":"708cf01e-c4e7-44ee-a05f-1588dcb4c6df","local_time":"20210101191533","is_ascension_mode":true,"campfire_choices":[{"floor":13,"key":"REST"},{"floor":15,"key":"REST"},{"floor":25,"key":"RECALL"},{"floor":28,"key":"REST"},{"floor":32,"key":"REST"},{"floor":40,"key":"REST"},{"floor":42,"key":"REST"},{"floor":49,"key":"REST"}],"circlet_count":0,"master_deck":["AscendersBane","construct:Hazardproof+2","Creative AI+1","Glacier+1","Recycle+1","Storm+1","Heatsinks+1","Defragment+1","Defragment+1","construct:ClockworkEgg+4","Machine Learning+1","Rampage+1","Defragment+1","Storm+1","Heatsinks+1","Defragment+1","Amplify+1","Buffer+1","Biased Cognition+1","hubris:DoWhile+1"],"relics":["Hammer of Thor","Seething Fire","Anvil of the Gods","hubris:VirtuousBlindfold","Molten Egg 2","Toxic Egg 2","Frozen Egg 2","construct:ClockworkPhoenix","Darkstone Periapt","Art of War","Toy Ornithopter","Peace Pipe","Lantern","hubris:OldNail","War Paint","MerchantsRug","Juzu Bracelet","hubris:BallOfYels","Cursed Key","Gambling Chip","HornCleat","Happy Flower","Strange Spoon","StoneCalendar","Whetstone","The Courier","Orichalcum","MealTicket","construct:ClawGrip","Boot","hubris:SphereOfDissonance","WarpedTongs","Blue Candle","Smiling Mask","construct:FoamFinger","hubris:ToyBattleship","hubris:Metronome","MawBank","Bag of Preparation","Calipers","PrismaticShard","Omamori"],"acts_visited":["Exordium","TheCity","TheBeyond"],"potions_floor_usage":[],"damage_taken":[{"damage":0,"enemies":"Jaw Worm","floor":1,"turns":4},{"damage":0,"enemies":"2 Louse","floor":2,"turns":2},{"damage":0,"enemies":"Small Slimes","floor":3,"turns":3},{"damage":10,"enemies":"3 Sentries","floor":6,"turns":5},{"damage":0,"enemies":"Gremlin Nob","floor":8,"turns":3},{"damage":8,"enemies":"Blue Slaver","floor":10,"turns":2},{"damage":6,"enemies":"Gremlin Gang","floor":11,"turns":2},{"damage":0,"enemies":"2 Fungi Beasts","floor":14,"turns":2},{"damage":0,"enemies":"Slime Boss","floor":16,"turns":2},{"damage":0,"enemies":"Shell Parasite","floor":18,"turns":1},{"damage":0,"enemies":"Spheric Guardian","floor":19,"turns":1},{"damage":0,"enemies":"Snecko","floor":20,"turns":2},{"damage":12,"enemies":"Chosen and Byrds","floor":22,"turns":2},{"damage":14,"enemies":"Book of Stabbing","floor":23,"turns":2},{"damage":0,"enemies":"Sentry and Sphere","floor":24,"turns":2},{"damage":0,"enemies":"Slavers","floor":29,"turns":1},{"damage":0,"enemies":"Shelled Parasite and Fungi","floor":30,"turns":1},{"damage":0,"enemies":"Chosen and Byrds","floor":31,"turns":2},{"damage":0,"enemies":"Champ","floor":33,"turns":2},{"damage":0,"enemies":"3 Shapes","floor":35,"turns":1},{"damage":0,"enemies":"3 Darklings","floor":36,"turns":2},{"damage":15,"enemies":"4 Shapes","floor":37,"turns":2},{"damage":0,"enemies":"Spire Growth","floor":39,"turns":1},{"damage":0,"enemies":"Reptomancer","floor":41,"turns":2},{"damage":0,"enemies":"Giant Head","floor":44,"turns":2},{"damage":20,"enemies":"3 Darklings","floor":48,"turns":2},{"damage":23,"enemies":"Awakened One","floor":50,"turns":3}],"seed_played":"3393869694779145987","potions_obtained":[{"floor":1,"key":"LiquidBronze"},{"floor":3,"key":"Fire Potion"},{"floor":14,"key":"Strength Potion"},{"floor":18,"key":"champ:CounterPotion"},{"floor":22,"key":"ColorlessPotion"},{"floor":23,"key":"Dexterity Potion"},{"floor":30,"key":"DuplicationPotion"},{"floor":31,"key":"Block Potion"}],"is_trial":false,"path_per_floor":["M","M","M","?","?","E","?","E","T","M","M","$","R","M","R","B",null,"M","M","M","$","M","E","M","R","T","$","R","E","M","M","R","B",null,"M","M","M","?","M","R","E","R","T","E","?","?","$","M","R","B",null],"character_chosen":"DEFECT","items_purchased":["MerchantsRug","Happy Flower","Strange Spoon","Bag of Preparation","Calipers","PrismaticShard"],"campfire_rested":7,"item_purchase_floors":[12,27,27,47,47,47],"current_hp_per_floor":[68,68,68,68,68,58,40,40,40,32,26,26,48,48,70,70,74,74,74,74,74,62,48,48,48,54,54,78,78,78,78,81,81,81,81,81,66,75,75,87,87,87,93,93,93,93,93,73,93,70],"gold":522,"neow_bonus":"BOSS_RELIC","is_daily":false,"chose_seed":false,"campfire_upgraded":0,"win_rate":0.0,"timestamp":1609496133,"path_taken":["M","M","M","?","?","E","?","E","T","M","M","$","R","M","R","BOSS","M","M","M","$","M","E","M","R","T","$","R","E","M","M","R","BOSS","M","M","M","?","M","R","E","R","T","E","?","?","$","M","R","BOSS"],"items_purchased_type":["Relic","Relic","Relic","Relic","Relic","Relic"],"build_version":"2020-12-22","purchased_purges":0,"victory":true,"max_hp_per_floor":[75,75,75,75,75,75,75,75,75,75,75,75,75,75,75,75,75,75,75,75,75,75,75,75,75,81,81,81,81,81,81,81,81,81,81,81,81,87,87,87,87,87,93,93,93,93,93,93,93,93],"card_choices":[{"not_picked":["Aggregate+1","Doom and Gloom+1"],"picked":"Defragment+1","floor":1},{"not_picked":["Static Discharge+1","Hologram+1","Go for the Eyes+1"],"picked":"SKIP","floor":2},{"not_picked":["Ball Lightning+1","Loop+1"],"picked":"Defragment+1","floor":3},{"not_picked":["Static Discharge+1","Heatsinks+1"],"picked":"Defragment+1","floor":6},{"not_picked":["Redo+1","Glacier+1"],"picked":"Storm+1","floor":8},{"not_picked":["Steam+1","Chill+1"],"picked":"Heatsinks+1","floor":10},{"not_picked":["Darkness+1","Leap+1","Recycle+1"],"picked":"SKIP","floor":11},{"not_picked":["Redo+1","Lockon+1"],"picked":"Defragment+1","floor":14},{"not_picked":["Electrodynamics+1","hubris:DoWhile+1"],"picked":"Amplify+1","floor":16},{"not_picked":["Reinforced Body+1","Conserve Battery+1","Redo+1"],"picked":"SKIP","floor":18},{"not_picked":["Stack+1","Turbo+1","Recycle+1"],"picked":"SKIP","floor":19},{"not_picked":["Fusion+1","Cold Snap+1","Turbo+1"],"picked":"SKIP","floor":20},{"not_picked":["Sweeping Beam+1","Cold Snap+1","Rebound+1"],"picked":"SKIP","floor":22},{"not_picked":["Rebound+1","Consume+1"],"picked":"hubris:PowerSurge+1","floor":23},{"not_picked":["Barrage+1","hubris:Ukulele+1","Rebound+1"],"picked":"SKIP","floor":24},{"not_picked":["Steam+1","Lockon+1","Steam Power+1"],"picked":"SKIP","floor":29},{"not_picked":["Coolheaded+1","Cold Snap+1"],"picked":"Buffer+1","floor":30},{"not_picked":["Capacitor+1","Conserve Battery+1","FTL+1"],"picked":"SKIP","floor":31},{"not_picked":["hubris:Prefetch+1","hubris:DoWhile+1"],"picked":"Biased Cognition+1","floor":33},{"not_picked":["Beam Cell+1","Steam+1","Rebound+1"],"picked":"SKIP","floor":35},{"not_picked":["FTL+1","Redo+1","Compile Driver+1"],"picked":"SKIP","floor":36},{"not_picked":["Coolheaded+1","Streamline+1"],"picked":"hubris:DoWhile+1","floor":37},{"not_picked":["Rebound+1","Barrage+1","Aggregate+1"],"picked":"SKIP","floor":39},{"not_picked":["Reinforced Body+1","White Noise+1","Melter+1"],"picked":"SKIP","floor":41},{"not_picked":["Capacitor+1","Blizzard+1","Fusion+1"],"picked":"SKIP","floor":44},{"not_picked":["hexamod:AdvancingGuard+1","expansioncontent:Sear+1","Guardian:Suspension+1"],"picked":"SKIP","floor":48}],"player_experience":715811,"relics_obtained":[{"floor":6,"key":"Darkstone Periapt"},{"floor":6,"key":"Art of War"},{"floor":8,"key":"Toy Ornithopter"},{"floor":8,"key":"Peace Pipe"},{"floor":9,"key":"Lantern"},{"floor":10,"key":"hubris:OldNail"},{"floor":11,"key":"War Paint"},{"floor":14,"key":"Juzu Bracelet"},{"floor":16,"key":"hubris:BallOfYels"},{"floor":23,"key":"Gambling Chip"},{"floor":24,"key":"HornCleat"},{"floor":29,"key":"StoneCalendar"},{"floor":29,"key":"Whetstone"},{"floor":30,"key":"The Courier"},{"floor":33,"key":"Orichalcum"},{"floor":33,"key":"MealTicket"},{"floor":36,"key":"Boot"},{"floor":37,"key":"hubris:SphereOfDissonance"},{"floor":39,"key":"Blue Candle"},{"floor":41,"key":"Smiling Mask"},{"floor":41,"key":"construct:FoamFinger"},{"floor":43,"key":"hubris:ToyBattleship"},{"floor":44,"key":"hubris:Metronome"},{"floor":44,"key":"MawBank"},{"floor":48,"key":"Omamori"}],"event_choices":[{"damage_healed":0,"gold_gain":0,"player_choice":"Ignored","damage_taken":0,"max_hp_gain":0,"max_hp_loss":0,"event_name":"Golden Wing","floor":4,"gold_loss":0},{"damage_healed":0,"gold_gain":0,"cards_transformed":["Gash"],"player_choice":"Change","damage_taken":0,"max_hp_gain":0,"max_hp_loss":0,"event_name":"Living Wall","floor":5,"gold_loss":0,"cards_obtained":["Machine Learning"]},{"damage_healed":0,"gold_gain":0,"player_choice":"Take Damage","damage_taken":18,"relics_obtained":["Golden Idol"],"max_hp_gain":0,"max_hp_loss":0,"event_name":"Golden Idol","floor":7,"gold_loss":0},{"damage_healed":0,"gold_gain":0,"player_choice":"Rummage","damage_taken":0,"relics_obtained":["WarpedTongs"],"max_hp_gain":0,"max_hp_loss":0,"event_name":"Accursed Blacksmith","floor":38,"gold_loss":0,"cards_obtained":["Pain"]},{"damage_healed":0,"gold_gain":333,"player_choice":"Gave Idol","damage_taken":0,"max_hp_gain":0,"max_hp_loss":0,"event_name":"The Moai Head","floor":45,"relics_lost":["Golden Idol"],"gold_loss":0},{"cards_removed":["hubris:PowerSurge"],"damage_healed":0,"gold_gain":0,"player_choice":"Removed Power","damage_taken":0,"max_hp_gain":0,"max_hp_loss":0,"event_name":"Falling","floor":46,"gold_loss":0}],"is_beta":false,"boss_relics":[{"not_picked":["Philosopher\u0027s Stone","Empty Cage"],"picked":"Cursed Key"},{"not_picked":["Tiny House","Calling Bell"],"picked":"construct:ClawGrip"}],"items_purged_floors":[],"is_endless":false,"potions_floor_spawned":[1,3,8,14,18,20,22,23,30,31,33,36,37,41],"ascension_level":11}}