{"host":"08sn1703g14rasc1","time":1609541772,"event":{"mods":["AchievementEnabler","BaseMod","Colored Map","Colored Powertips","Hermit","Minty Spire (QoL Compilation)","StSLib"],"gold_per_floor":[116,190,265,265,265,265,298,298,298,314,334,350,378,348,348,348,348],"floor_reached":16,"playtime":370,"items_purged":[],"score":146,"play_id":"3aa4fbdb-27a7-43e3-b184-71e746baa6f1","local_time":"20210101145612","is_ascension_mode":true,"campfire_choices":[{"data":"hermit:RoundhouseKick","floor":6,"key":"SMITH"},{"data":"hermit:HighCaliber","floor":8,"key":"SMITH"},{"floor":15,"key":"REST"}],"circlet_count":0,"master_deck":["hermit:Strike_Hermit","hermit:Strike_Hermit","hermit:Strike_Hermit","hermit:Defend_Hermit","hermit:Defend_Hermit","hermit:Defend_Hermit","hermit:Defend_Hermit","hermit:Snapshot","hermit:Covet","hermit:RoundhouseKick+1","hermit:HighCaliber+1","hermit:BodyArmor","hermit:Gestalt","hermit:Determination","hermit:Combo","hermit:NoHoldsBarred"],"relics":["hermit:Momento","Orichalcum","Gremlin Horn","InkBottle","White Beast Statue"],"acts_visited":["Exordium"],"potions_floor_usage":[16,16],"damage_taken":[{"damage":1,"enemies":"Cultist","floor":1,"turns":4},{"damage":24,"enemies":"Gremlin Nob","floor":7,"turns":5},{"damage":0,"enemies":"2 Louse","floor":10,"turns":1},{"damage":0,"enemies":"Small Slimes","floor":11,"turns":1},{"damage":0,"enemies":"Gremlin Gang","floor":12,"turns":1},{"damage":6,"enemies":"3 Sentries","floor":13,"turns":6},{"damage":2,"enemies":"Looter","floor":14,"turns":4},{"damage":83,"enemies":"The Guardian","floor":16,"turns":11}],"seed_played":"-2510235423493820799","potions_obtained":[{"floor":7,"key":"Swift Potion"},{"floor":14,"key":"Energy Potion"}],"is_trial":false,"path_per_floor":["M","?","?","?","?","R","E","R","T","M","M","M","E","M","R","B"],"character_chosen":"HERMIT","items_purchased":[],"campfire_rested":1,"item_purchase_floors":[],"current_hp_per_floor":[67,67,56,56,75,75,51,51,51,51,51,51,45,43,65,0,0],"gold":348,"neow_bonus":"RANDOM_COMMON_RELIC","is_daily":false,"chose_seed":false,"campfire_upgraded":2,"win_rate":0.0,"timestamp":1609541772,"path_taken":["M","?","?","?","?","R","E","R","T","M","M","?","E","M","R","BOSS"],"items_purchased_type":[],"build_version":"2020-12-22","purchased_purges":0,"victory":false,"max_hp_per_floor":[75,75,75,75,75,75,75,75,75,75,75,75,75,75,75,75,75],"card_choices":[{"not_picked":["hermit:SprayPray","hermit:WideOpen"],"picked":"hermit:DeadMansHand","floor":1},{"not_picked":["hermit:Quickdraw","hermit:Manifest"],"picked":"hermit:HighCaliber","floor":7},{"not_picked":["hermit:Snipe","hermit:Manifest"],"picked":"hermit:BodyArmor","floor":10},{"not_picked":["hermit:Roulette","hermit:NoHoldsBarred"],"picked":"hermit:Gestalt","floor":11},{"not_picked":["hermit:Dive","hermit:Vantage"],"picked":"hermit:Determination","floor":12},{"not_picked":["hermit:Feint","hermit:OverwhelmingPower"],"picked":"hermit:Combo","floor":13},{"not_picked":["hermit:Misfire","hermit:Quickdraw"],"picked":"hermit:NoHoldsBarred","floor":14}],"player_experience":461331,"relics_obtained":[{"floor":7,"key":"Gremlin Horn"},{"floor":9,"key":"InkBottle"},{"floor":13,"key":"White Beast Statue"}],"event_choices":[{"damage_healed":0,"gold_gain":74,"player_choice":"Gained Gold","damage_taken":0,"max_hp_gain":0,"max_hp_loss":0,"event_name":"Golden Wing","floor":2,"gold_loss":0},{"damage_healed":0,"gold_gain":75,"player_choice":"Gather Gold","damage_taken":11,"max_hp_gain":0,"max_hp_loss":0,"event_name":"World of Goop","floor":3,"gold_loss":0},{"damage_healed":0,"gold_gain":0,"cards_transformed":["hermit:Strike_Hermit"],"player_choice":"Change","damage_taken":0,"max_hp_gain":0,"max_hp_loss":0,"event_name":"Living Wall","floor":4,"gold_loss":0,"cards_obtained":["hermit:RoundhouseKick"]},{"cards_removed":["hermit:DeadMansHand"],"damage_healed":19,"gold_gain":0,"player_choice":"Offered Uncommon","damage_taken":0,"max_hp_gain":0,"max_hp_loss":0,"event_name":"Bonfire Elementals","floor":5,"gold_loss":0}],"is_beta":false,"boss_relics":[],"items_purged_floors":[],"is_endless":false,"potions_floor_spawned":[7,14],"killed_by":"The Guardian","ascension_level":7}}