{"host":"lkyw40t68mxhwfjf","time":1609504255,"event":{"mods":["2.2 Compatiblity","Act Like it!","Arknights The Spire","BaseMod","Hallownest","HololiveMod","Hubris","Koishi","Lobotomy","Marisa¡]Ãú«B¡@Å]²z¨F¡^","Minty Spire (QoL Compilation)","Prisma Mod","Reimu¡]³Õ???¡^","Remilia¡]Á¢¦Ì²ú?¡^","Replay The Spire","RumiaBox-ÅS¦Ì?ªº¯«¯µ²°¤l","StSLib","The Animator","The Servant 0.9.4","TheSwordswoman","WarShipGirlsR/??¤Ö¤kR mod","Youmu¡]»î¾z§¯?¡^","Yuyuko"],"gold_per_floor":[112,131,148,168,185,185,185],"floor_reached":6,"playtime":312,"items_purged":[],"score":40,"play_id":"5008cd5e-5b78-4f5a-a074-7b405f8cdda7","local_time":"20210101203055","is_ascension_mode":false,"campfire_choices":[],"circlet_count":0,"master_deck":["ats:Strike C","ats:Strike G","ats:Strike S","ats:Strike V","ats:Armor Crushing Shot","ats:Defend","ats:Defend","ats:Defend","ats:Defend","ats:Emotion Absorption","ats:Support Order","ats:Healing Drone","ats:Assault Order","ats:Shell Defense","ats:Composite Medical Shells","ats:Shadow Raid"],"relics":["ats:Sanity","Baka2"],"acts_visited":["Exordium"],"potions_floor_usage":[6],"damage_taken":[{"damage":20,"enemies":"Small Slimes","floor":1,"turns":4},{"damage":0,"enemies":"Cultist","floor":2,"turns":2},{"damage":8,"enemies":"Jaw Worm","floor":3,"turns":3},{"damage":11,"enemies":"2 Fungi Beasts","floor":4,"turns":4},{"damage":22,"enemies":"Red Slaver","floor":5,"turns":2},{"damage":40,"enemies":"3 Sentries","floor":6,"turns":6}],"seed_played":"-9010634160337422032","potions_obtained":[{"floor":2,"key":"Elixir"},{"floor":3,"key":"MagicPotion:ReiMu"},{"floor":5,"key":"Elixir"}],"is_trial":false,"path_per_floor":["M","M","M","M","M","E"],"character_chosen":"DOCTOR_CLASS","items_purchased":[],"campfire_rested":0,"item_purchase_floors":[],"current_hp_per_floor":[52,52,50,47,25,0,0],"gold":185,"neow_bonus":"THREE_CARDS","is_daily":false,"chose_seed":false,"campfire_upgraded":0,"win_rate":0.0,"timestamp":1609504255,"path_taken":["M","M","M","M","M","E"],"items_purchased_type":[],"build_version":"2020-12-22","purchased_purges":0,"victory":false,"max_hp_per_floor":[72,72,72,75,75,75,75],"card_choices":[{"not_picked":["ats:Curse Doll","ats:Chain Hook"],"picked":"ats:Support Order","floor":0},{"not_picked":["ats:Powerful Strike","ats:Rapid Magazine"],"picked":"ats:Healing Drone","floor":1},{"not_picked":["ats:Hammer On","ats:Charging Defense"],"picked":"ats:Assault Order","floor":2},{"not_picked":["ats:Apocalypse","ats:Curse Doll"],"picked":"ats:Shell Defense","floor":3},{"not_picked":["ats:Assault Order","ats:Mental Burst"],"picked":"ats:Composite Medical Shells","floor":4},{"not_picked":["ats:Shell Defense","ats:Spore Proliferation"],"picked":"ats:Shadow Raid","floor":5}],"player_experience":388377,"relics_obtained":[{"floor":1,"key":"Baka"},{"floor":2,"key":"Baka2"}],"event_choices":[],"is_beta":false,"boss_relics":[],"items_purged_floors":[],"is_endless":false,"potions_floor_spawned":[2,3,5],"killed_by":"3 Sentries","ascension_level":0}}