{"host":"sav7uxregyirlf69","time":1609470307,"event":{"mods":["AchievementEnabler","BaseMod","Colored Map","DeckTracker","Keyboard Shortcuts","Minty Spire (QoL Compilation)","READ ME - Guardian Mod","StSLib","SuperFastMode"],"gold_per_floor":[115,115,133,58,58,87,104,104,104,104,136,136,150,164,164,241,241,256,256,256,274,63,63,63,91,116,116,116,116,116,134,134,134,134],"floor_reached":33,"playtime":487,"items_purged":[],"score":542,"play_id":"16b84b9b-d07d-4fc1-bbd6-123008662933","local_time":"20210101120507","is_ascension_mode":true,"campfire_choices":[{"data":"Whirlwind","floor":10,"key":"SMITH"},{"data":"Hemokinesis","floor":12,"key":"SMITH"},{"data":"Bash","floor":15,"key":"SMITH"},{"data":"Rupture","floor":23,"key":"SMITH"},{"data":"J.A.X.","floor":28,"key":"SMITH"},{"data":"Body Slam","floor":30,"key":"SMITH"},{"data":"Limit Break","floor":32,"key":"SMITH"}],"circlet_count":0,"master_deck":["AscendersBane","Strike_R","Strike_R","Defend_R","Defend_R","Defend_R","Defend_R","Bash+1","Anger","Hemokinesis+1","Whirlwind+1","Burning Pact","Impervious","CurseOfTheBell","Body Slam+1","Flex","Rupture+1","Reaper","J.A.X.+1","Limit Break+1"],"relics":["Burning Blood","Blue Candle","Self Forming Clay","Mummified Hand","Calling Bell","Nunchaku","Ornamental Fan","Nloth\u0027s Gift","Pantograph","Red Skull"],"acts_visited":["Exordium","TheCity"],"potions_floor_usage":[11,25,25,31],"damage_taken":[{"damage":0,"enemies":"Jaw Worm","floor":1,"turns":5},{"damage":4,"enemies":"Small Slimes","floor":3,"turns":3},{"damage":12,"enemies":"Gremlin Nob","floor":6,"turns":3},{"damage":2,"enemies":"Cultist","floor":7,"turns":2},{"damage":23,"enemies":"3 Sentries","floor":11,"turns":7},{"damage":0,"enemies":"3 Louse","floor":13,"turns":1},{"damage":8,"enemies":"Looter","floor":14,"turns":2},{"damage":48,"enemies":"The Guardian","floor":16,"turns":10},{"damage":13,"enemies":"Chosen","floor":18,"turns":4},{"damage":20,"enemies":"3 Byrds","floor":21,"turns":5},{"damage":35,"enemies":"Slavers","floor":25,"turns":5},{"damage":32,"enemies":"Cultist and Chosen","floor":31,"turns":4},{"damage":94,"enemies":"Automaton","floor":33,"turns":6}],"seed_played":"8392340379311897228","potions_obtained":[{"floor":3,"key":"Fire Potion"},{"floor":7,"key":"EssenceOfSteel"},{"floor":11,"key":"Explosive Potion"},{"floor":25,"key":"DistilledChaos"}],"is_trial":false,"path_per_floor":["M","?","M","?","$","E","M","?","T","R","E","R","M","M","R","B",null,"M","?","?","M","$","R","?","E","T","?","R","?","R","M","R","B"],"character_chosen":"IRONCLAD","items_purchased":["Rupture","Reaper"],"campfire_rested":0,"item_purchase_floors":[22,22],"current_hp_per_floor":[70,70,72,72,72,66,70,63,63,63,46,46,52,50,50,8,69,62,62,62,48,48,48,48,35,35,35,35,35,35,28,28,0,0],"gold":134,"neow_bonus":"TWENTY_PERCENT_HP_BONUS","is_daily":false,"chose_seed":false,"campfire_upgraded":7,"win_rate":0.0,"timestamp":1609470307,"path_taken":["M","?","M","?","?","E","M","?","T","R","E","R","M","M","R","BOSS","M","?","?","?","$","R","?","E","T","?","R","?","R","M","R","BOSS"],"items_purchased_type":["Card","Card"],"build_version":"2020-12-22","purchased_purges":0,"victory":false,"max_hp_per_floor":[89,89,89,89,89,89,89,89,89,89,89,89,89,89,89,89,89,89,89,89,89,89,89,89,89,89,89,89,89,89,89,89,89,89],"card_choices":[{"not_picked":["Warcry","Battle Trance"],"picked":"Anger","floor":1},{"not_picked":["Spot Weakness","Dark Embrace"],"picked":"Whirlwind","floor":3},{"not_picked":["Havoc","Clothesline","Clash"],"picked":"SKIP","floor":6},{"not_picked":["Cleave","Anger"],"picked":"Burning Pact","floor":7},{"not_picked":["Dropkick","Armaments","Intimidate"],"picked":"SKIP","floor":11},{"not_picked":["Warcry","Havoc","Spot Weakness"],"picked":"SKIP","floor":13},{"not_picked":["Thunderclap","Second Wind","Warcry"],"picked":"SKIP","floor":14},{"not_picked":["Exhume","Barricade"],"picked":"Impervious","floor":16},{"not_picked":["Heavy Blade+1","Rampage"],"picked":"Body Slam","floor":18},{"not_picked":["True Grit","Infernal Blade"],"picked":"Flex","floor":21},{"not_picked":["Infernal Blade","True Grit","Clothesline"],"picked":"SKIP","floor":25},{"not_picked":["Clash+1","Sever Soul","Heavy Blade"],"picked":"SKIP","floor":31}],"player_experience":1089045,"relics_obtained":[{"floor":6,"key":"Blue Candle"},{"floor":9,"key":"Self Forming Clay"},{"floor":11,"key":"Mummified Hand"},{"floor":17,"key":"Nunchaku"},{"floor":17,"key":"Ornamental Fan"},{"floor":17,"key":"Bird Faced Urn"},{"floor":25,"key":"Pantograph"},{"floor":26,"key":"Red Skull"}],"event_choices":[{"damage_healed":0,"gold_gain":0,"cards_transformed":["Strike_R"],"player_choice":"Change","damage_taken":0,"max_hp_gain":0,"max_hp_loss":0,"event_name":"Living Wall","floor":2,"gold_loss":0,"cards_obtained":["Hemokinesis"]},{"cards_removed":["Strike_R"],"damage_healed":0,"gold_gain":0,"player_choice":"Card Removal","damage_taken":0,"max_hp_gain":0,"max_hp_loss":0,"event_name":"The Cleric","floor":4,"gold_loss":75},{"cards_removed":["Strike_R"],"damage_healed":0,"gold_gain":0,"player_choice":"Card Removal","damage_taken":7,"max_hp_gain":0,"max_hp_loss":0,"event_name":"Golden Wing","floor":8,"gold_loss":0},{"damage_healed":0,"gold_gain":0,"player_choice":"Ignored","damage_taken":0,"max_hp_gain":0,"max_hp_loss":0,"event_name":"Ghosts","floor":19,"gold_loss":0},{"damage_healed":0,"gold_gain":0,"player_choice":"Traded Relic","damage_taken":0,"relics_obtained":["Nloth\u0027s Gift"],"max_hp_gain":0,"max_hp_loss":0,"event_name":"N\u0027loth","floor":20,"relics_lost":["Bird Faced Urn"],"gold_loss":0},{"damage_healed":0,"gold_gain":0,"player_choice":"Obtain J.A.X.","damage_taken":0,"max_hp_gain":0,"max_hp_loss":0,"event_name":"Drug Dealer","floor":24,"gold_loss":0,"cards_obtained":["J.A.X."]},{"damage_healed":0,"gold_gain":0,"player_choice":"Read","damage_taken":0,"max_hp_gain":0,"max_hp_loss":0,"event_name":"The Library","floor":27,"gold_loss":0,"cards_obtained":["Limit Break"]},{"damage_healed":0,"gold_gain":0,"player_choice":"Ignored","damage_taken":0,"max_hp_gain":0,"max_hp_loss":0,"event_name":"Vampires","floor":29,"gold_loss":0}],"is_beta":false,"boss_relics":[{"not_picked":["Ectoplasm","Philosopher\u0027s Stone"],"picked":"Calling Bell"}],"items_purged_floors":[],"is_endless":false,"potions_floor_spawned":[3,7,11,21,25],"killed_by":"Automaton","ascension_level":20}}