{"host":"bg8va46pgqgvtzim","time":1609515655,"event":{"mods":["BaseMod","Minty Spire (QoL Compilation)","Quick Restart","StSLib","SuperFastMode"],"gold_per_floor":[112,127,146,96,109,138,138,173,173,26,55,55,55,68,68,198,198,218,49,74,92,92,123,123,146,146,180,180,25,43,76,76,202,202,218,231,294,26,46,46,79,79,79,412,432,457,457,475,475,475,475,475,0,32,32],"floor_reached":56,"playtime":1494,"items_purged":["Strike_P","Strike_P","ReachHeaven+1","EmptyMind+1"],"score":1674,"play_id":"b80db55a-0807-444a-850a-20f2d5376ee0","local_time":"20210101234055","is_ascension_mode":true,"campfire_choices":[{"data":"Eruption","floor":7.0,"key":"SMITH"},{"data":"Collect","floor":13.0,"key":"SMITH"},{"data":"TalkToTheHand","floor":15.0,"key":"SMITH"},{"data":"Scrawl","floor":24.0,"key":"SMITH"},{"floor":32.0,"key":"RECALL"},{"data":"Wallop","floor":40.0,"key":"SMITH"}],"circlet_count":0,"master_deck":["Eruption+1","Vigilance+1","Tantrum+1","WheelKick+1","TalkToTheHand+1","LessonLearned+1","Collect+1","Scrawl+1","Adaptation+1","Meditate+1","DeusExMachina+1","Establishment+1","DevaForm+1","FearNoEvil+1","Devotion+1","Wireheading+1","Wallop+1","Adaptation+1","Devotion"],"relics":["PureWater","Bottled Flame","Vajra","Bird Faced Urn","Coffee Dripper","Bag of Marbles","Pantograph","StrikeDummy","MealTicket","Astrolabe","FossilizedHelix","TheAbacus","Orichalcum","TeardropLocket","Toy Ornithopter","Membership Card","StoneCalendar","Blood Vial"],"acts_visited":["Exordium","TheCity","TheBeyond","TheEnding"],"potions_floor_usage":[],"damage_taken":[{"damage":0.0,"enemies":"Cultist","floor":1.0,"turns":2.0},{"damage":6.0,"enemies":"Jaw Worm","floor":2.0,"turns":4.0},{"damage":0.0,"enemies":"2 Louse","floor":3.0,"turns":3.0},{"damage":2.0,"enemies":"2 Fungi Beasts","floor":5.0,"turns":3.0},{"damage":2.0,"enemies":"Gremlin Nob","floor":6.0,"turns":3.0},{"damage":9.0,"enemies":"3 Sentries","floor":8.0,"turns":6.0},{"damage":4.0,"enemies":"Gremlin Nob","floor":11.0,"turns":3.0},{"damage":2.0,"enemies":"Large Slime","floor":14.0,"turns":5.0},{"damage":0.0,"enemies":"Slime Boss","floor":16.0,"turns":4.0},{"damage":0.0,"enemies":"Spheric Guardian","floor":18.0,"turns":2.0},{"damage":0.0,"enemies":"2 Thieves","floor":20.0,"turns":3.0},{"damage":0.0,"enemies":"Snake Plant","floor":21.0,"turns":3.0},{"damage":0.0,"enemies":"Gremlin Leader","floor":23.0,"turns":4.0},{"damage":0.0,"enemies":"Snecko","floor":25.0,"turns":2.0},{"damage":0.0,"enemies":"Book of Stabbing","floor":27.0,"turns":3.0},{"damage":0.0,"enemies":"Centurion and Healer","floor":30.0,"turns":3.0},{"damage":2.0,"enemies":"Gremlin Leader","floor":31.0,"turns":3.0},{"damage":0.0,"enemies":"Automaton","floor":33.0,"turns":5.0},{"damage":14.0,"enemies":"3 Shapes","floor":35.0,"turns":2.0},{"damage":0.0,"enemies":"Orb Walker","floor":36.0,"turns":1.0},{"damage":0.0,"enemies":"Mind Bloom Boss Battle","floor":37.0,"turns":4.0},{"damage":0.0,"enemies":"Transient","floor":39.0,"turns":5.0},{"damage":0.0,"enemies":"Nemesis","floor":41.0,"turns":3.0},{"damage":0.0,"enemies":"Maw","floor":45.0,"turns":4.0},{"damage":0.0,"enemies":"Giant Head","floor":46.0,"turns":2.0},{"damage":0.0,"enemies":"Spire Growth","floor":48.0,"turns":2.0},{"damage":0.0,"enemies":"Time Eater","floor":50.0,"turns":6.0},{"damage":10.0,"enemies":"Shield and Spear","floor":54.0,"turns":3.0},{"damage":24,"enemies":"The Heart","floor":55,"turns":5}],"seed_played":"1692065958433636786","potions_obtained":[{"floor":1.0,"key":"ColorlessPotion"},{"floor":3.0,"key":"FairyPotion"},{"floor":8.0,"key":"SmokeBomb"},{"floor":16.0,"key":"Weak Potion"},{"floor":18.0,"key":"SkillPotion"},{"floor":25.0,"key":"EssenceOfSteel"},{"floor":27.0,"key":"Fruit Juice"},{"floor":36.0,"key":"SmokeBomb"},{"floor":39.0,"key":"Energy Potion"}],"is_trial":false,"path_per_floor":["M","M","M","?","M","E","R","E","T","$","E","?","R","M","R","B",null,"M","$","M","M","?","E","R","M","T","E","?","$","M","E","R","B",null,"M","M","?","$","M","R","E","R","T","?","M","E","R","M","R","B",null,"R","$","E","B",null],"character_chosen":"WATCHER","items_purchased":["LessonLearned","Adaptation","Establishment","TheAbacus","Membership Card","Devotion","Weak Potion","StoneCalendar"],"campfire_rested":0,"item_purchase_floors":[10,19,29,38,53,53,53,53],"current_hp_per_floor":[72,66,66,66,64,62,62,53,53,53,49,49,49,47,47,47,67,67,67,67,67,67,67,67,67,67,67,67,67,67,67,67,67,67,59,63,67,67,72,72,72,72,72,72,72,72,72,72,72,72,72,72,72,70,56],"gold":32,"neow_bonus":"TRANSFORM_CARD","is_daily":false,"chose_seed":false,"campfire_upgraded":5,"win_rate":0.0,"timestamp":1609515655,"path_taken":["M","M","M","?","M","E","R","E","T","$","E","?","R","M","R","BOSS","M","$","M","M","?","E","R","M","T","E","?","$","M","E","R","BOSS","M","M","?","$","M","R","E","R","T","?","M","E","R","M","R","BOSS","R","$","E","BOSS"],"items_purchased_type":["Card","Card","Card","Relic","Relic","Card","Potion","Relic"],"build_version":"2020-12-22","purchased_purges":4,"victory":true,"max_hp_per_floor":[72,72,72,72,72,72,72,72,72,72,72,67,67,67,67,67,67,67,67,67,67,67,67,67,67,67,67,67,67,67,67,67,67,67,67,67,67,67,72,72,72,72,72,72,72,72,72,72,72,72,72,72,72,72,72],"card_choices":[{"not_picked":["FlurryOfBlows","FollowUp"],"picked":"Tantrum","floor":1.0},{"not_picked":["Evaluate","Vengeance"],"picked":"WheelKick","floor":2.0},{"not_picked":["EmptyFist","BowlingBash","CrushJoints"],"picked":"SKIP","floor":3.0},{"not_picked":["Fasting2","ForeignInfluence"],"picked":"TalkToTheHand","floor":5.0},{"not_picked":["CrushJoints","Protect","EmptyBody"],"picked":"SKIP","floor":6.0},{"not_picked":["EmptyFist","CarveReality","Crescendo"],"picked":"SKIP","floor":8.0},{"not_picked":["EmptyFist","SashWhip"],"picked":"Collect","floor":11.0},{"not_picked":["BowlingBash","EmptyFist"],"picked":"EmptyMind","floor":14.0},{"not_picked":["Vault","Brilliance"],"picked":"Scrawl","floor":16.0},{"not_picked":["FollowUp","WheelKick","WreathOfFlame"],"picked":"SKIP","floor":18.0},{"not_picked":["WindmillStrike","Evaluate+1","BowlingBash"],"picked":"SKIP","floor":20.0},{"not_picked":["Study","Halt","EmptyBody+1"],"picked":"SKIP","floor":21.0},{"not_picked":["Prostrate","LikeWater","SandsOfTime+1"],"picked":"SKIP","floor":23.0},{"not_picked":["Vengeance+1","CrushJoints"],"picked":"DeusExMachina","floor":25.0},{"not_picked":["FollowUp","JustLucky","EmptyFist"],"picked":"SKIP","floor":27.0},{"not_picked":["Worship","ThirdEye","Swivel+1"],"picked":"SKIP","floor":30.0},{"not_picked":["FollowUp","BowlingBash","PathToVictory"],"picked":"SKIP","floor":31.0},{"not_picked":["Wish","MasterReality"],"picked":"DevaForm","floor":33.0},{"not_picked":["Meditate","SandsOfTime+1","BowlingBash"],"picked":"SKIP","floor":35.0},{"not_picked":["Swivel","Crescendo+1"],"picked":"Wallop","floor":36.0},{"not_picked":["FollowUp","CrushJoints"],"picked":"Adaptation+1","floor":37.0},{"not_picked":["Evaluate+1","Wireheading","SpiritShield"],"picked":"SKIP","floor":39.0},{"not_picked":["BowlingBash","Protect","Consecrate"],"picked":"SKIP","floor":41.0},{"not_picked":["Consecrate+1","JustLucky","Halt"],"picked":"SKIP","floor":45.0},{"not_picked":["Consecrate+1","EmptyBody+1","WheelKick"],"picked":"SKIP","floor":46.0},{"not_picked":["Collect+1","SignatureMove+1","WindmillStrike+1"],"picked":"SKIP","floor":48.0},{"not_picked":["Wallop","Evaluate","Protect"],"picked":"SKIP","floor":54.0}],"player_experience":2213590,"relics_obtained":[{"floor":6.0,"key":"Bottled Flame"},{"floor":8.0,"key":"Vajra"},{"floor":11.0,"key":"Bird Faced Urn"},{"floor":23.0,"key":"Bag of Marbles"},{"floor":26.0,"key":"Pantograph"},{"floor":27.0,"key":"StrikeDummy"},{"floor":31.0,"key":"MealTicket"},{"floor":37.0,"key":"FossilizedHelix"},{"floor":41.0,"key":"Orichalcum"},{"floor":43.0,"key":"TeardropLocket"},{"floor":46.0,"key":"Toy Ornithopter"},{"floor":54.0,"key":"Blood Vial"}],"event_choices":[{"cards_removed":["Strike_P"],"damage_healed":0.0,"max_hp_gain":0.0,"max_hp_loss":0.0,"gold_gain":0.0,"event_name":"The Cleric","player_choice":"Card Removal","floor":4.0,"gold_loss":50.0,"damage_taken":0.0},{"damage_healed":0.0,"max_hp_gain":0.0,"max_hp_loss":5.0,"gold_gain":0.0,"event_name":"Golden Idol","player_choice":"Lose Max HP","floor":12.0,"gold_loss":0.0,"damage_taken":0.0,"relics_obtained":["Golden Idol"]},{"damage_healed":0.0,"max_hp_gain":0.0,"max_hp_loss":0.0,"gold_gain":0.0,"event_name":"The Library","player_choice":"Read","floor":22.0,"gold_loss":0.0,"damage_taken":0.0,"cards_obtained":["Meditate"]},{"cards_removed":["Strike_P"],"damage_healed":0.0,"max_hp_gain":0.0,"max_hp_loss":0.0,"gold_gain":0.0,"event_name":"Back to Basics","player_choice":"Elegance","floor":28.0,"gold_loss":0.0,"damage_taken":0.0},{"damage_healed":0.0,"max_hp_gain":0.0,"max_hp_loss":0.0,"gold_gain":0.0,"event_name":"MindBloom","player_choice":"Fight","floor":37.0,"gold_loss":0.0,"damage_taken":0.0},{"damage_healed":0.0,"max_hp_gain":0.0,"max_hp_loss":0.0,"gold_gain":333.0,"event_name":"The Moai Head","player_choice":"Gave Idol","floor":44.0,"relics_lost":["Golden Idol"],"gold_loss":0.0,"damage_taken":0.0}],"is_beta":false,"boss_relics":[{"not_picked":["SlaversCollar","Ectoplasm"],"picked":"Coffee Dripper"},{"not_picked":["Runic Dome","Philosopher\u0027s Stone"],"picked":"Astrolabe"}],"items_purged_floors":[10,19,38,53],"is_endless":false,"potions_floor_spawned":[1,3,8,16,18,25,27,36,39,54],"ascension_level":1}}