{"host":"9tch52zpouts7b2p","time":1609473996,"event":{"mods":["BaseMod","Colored Map","Minty Spire (QoL Compilation)","StSLib","UnlockEverythingMod"],"gold_per_floor":[110,110,110,19,19,19,43,83,83,106,121,296,296,310,310,438,438,456,381,404,404,404,404,109,109,109,109,109,109,29,54,54,151,151,162,1161,247,247,260,260,275,289,289,289,308,308,322,332,332,332],"floor_reached":51,"playtime":3049,"items_purged":["Normality"],"score":788,"play_id":"e4fc3306-9067-4e0a-b2cc-6824506fa488","local_time":"20210101120636","is_ascension_mode":false,"campfire_choices":[{"data":"Turbo","floor":6,"key":"SMITH"},{"data":"Stack","floor":15,"key":"SMITH"},{"data":"Streamline","floor":23,"key":"SMITH"},{"floor":25,"key":"REST"},{"data":"Heatsinks","floor":27,"key":"SMITH"},{"data":"Electrodynamics","floor":32,"key":"SMITH"},{"floor":40,"key":"REST"},{"data":"Turbo","floor":44,"key":"SMITH"},{"floor":46,"key":"REST"},{"floor":49,"key":"REST"}],"circlet_count":0,"master_deck":["Strike_B+1","Defend_B+1","Defend_B+1","Defend_B+1","Zap","Dualcast","Hologram","Turbo+1","Self Repair","Melter","Coolheaded","Doom and Gloom","Capacitor","Auto Shields","Stack+1","Doubt","Biased Cognition","Streamline+1","Electrodynamics+1","CurseOfTheBell","Sweeping Beam+1","Cold Snap+1","Heatsinks+1","Stack","Barrage","Conserve Battery+1","FTL","Scrape","Meteor Strike","Chill+1","All For One","Reprogram+1","Ball Lightning+1","Redo+1","Streamline","Ball Lightning+1","Normality","Genetic Algorithm","Conserve Battery","Genetic Algorithm","Static Discharge","Steam+1","Chaos+1","Turbo+1","Turbo+1","Sweeping Beam+1","Parasite","Storm","Rainbow","Barrage+1","Self Repair+1","Barrage","Streamline+1","Seek","Loop+1","Leap+1"],"relics":["Cracked Core","NeowsBlessing","Bloody Idol","Dream Catcher","StrikeDummy","Prayer Wheel","Turnip","Calling Bell","Blood Vial","Mummified Hand","Du-Vu Doll","OrangePellets","Ornamental Fan","TungstenRod","Astrolabe","DataDisk","DollysMirror","White Beast Statue","Bronze Scales","Regal Pillow"],"acts_visited":["Exordium","TheCity","TheBeyond"],"potions_floor_usage":[11,16,16,20,33,39,41,45,47,47,47,50,50],"damage_taken":[{"damage":0.0,"enemies":"Small Slimes","floor":1.0,"turns":1.0},{"damage":0,"enemies":"2 Louse","floor":7,"turns":1},{"damage":0,"enemies":"Gremlin Nob","floor":8,"turns":1},{"damage":0,"enemies":"Cultist","floor":10,"turns":3},{"damage":0,"enemies":"Looter","floor":11,"turns":2},{"damage":1,"enemies":"2 Fungi Beasts","floor":14,"turns":5},{"damage":40,"enemies":"Slime Boss","floor":16,"turns":13},{"damage":13,"enemies":"Spheric Guardian","floor":18,"turns":4},{"damage":4,"enemies":"3 Byrds","floor":20,"turns":3},{"damage":0,"enemies":"Gremlin Leader","floor":31,"turns":6},{"damage":62,"enemies":"Automaton","floor":33,"turns":11},{"damage":43,"enemies":"3 Shapes","floor":35,"turns":5},{"damage":8,"enemies":"Orb Walker","floor":39,"turns":3},{"damage":16,"enemies":"Transient","floor":41,"turns":5},{"damage":16,"enemies":"Writhing Mass","floor":42,"turns":7},{"damage":5,"enemies":"4 Shapes","floor":45,"turns":4},{"damage":19,"enemies":"3 Darklings","floor":47,"turns":5},{"damage":36,"enemies":"Writhing Mass","floor":48,"turns":4},{"damage":53,"enemies":"Awakened One","floor":50,"turns":11}],"seed_played":"8407150400539475354","potions_obtained":[{"floor":7,"key":"Energy Potion"},{"floor":10,"key":"SteroidPotion"},{"floor":11,"key":"Strength Potion"},{"floor":18,"key":"SkillPotion"},{"floor":31,"key":"CultistPotion"},{"floor":33,"key":"SpeedPotion"},{"floor":39,"key":"Block Potion"},{"floor":41,"key":"Explosive Potion"},{"floor":42,"key":"Strength Potion"},{"floor":45,"key":"AttackPotion"},{"floor":47,"key":"SteroidPotion"},{"floor":48,"key":"PowerPotion"}],"is_trial":false,"path_per_floor":["M","?","?","$","?","R","M","E","T","M","M","?","T","M","R","B",null,"M","?","M","?","?","R","$","R","T","R","?","?","$","E","R","B",null,"M","?","$","?","M","R","M","M","T","R","M","R","M","M","R","B",null],"character_chosen":"DEFECT","items_purchased":["Turbo","Self Repair","OrangePellets","Heatsinks","Stack","Barrage","Meteor Strike","Genetic Algorithm","Conserve Battery","DataDisk","DollysMirror","White Beast Statue","Static Discharge","Dexterity Potion","ColorlessPotion"],"campfire_rested":4,"item_purchase_floors":[4,4,24,24,24,24,30,37,37,37,37,37,37,37,37],"current_hp_per_floor":[75,75,75,75,72,72,75,75,75,75,75,75,75,75,75,42,75,69,69,67,67,67,67,67,75,75,75,75,75,75,75,75,25,75,44,49,49,49,55,75,64,62,62,62,64,75,71,42,75,22],"gold":332,"neow_bonus":"THREE_ENEMY_KILL","is_daily":false,"chose_seed":false,"campfire_upgraded":6,"win_rate":0.0,"timestamp":1609473996,"path_taken":["M","?","?","$","?","R","M","E","T","M","M","?","?","?","R","BOSS","M","?","M","?","?","R","$","R","T","R","?","?","?","E","R","BOSS","M","?","$","?","M","R","?","M","T","R","M","R","M","M","R","BOSS"],"items_purchased_type":["Card","Card","Relic","Card","Card","Card","Card","Card","Card","Relic","Relic","Relic","Card","Potion","Potion"],"build_version":"2020-12-22","purchased_purges":1,"victory":true,"max_hp_per_floor":[75,75,75,75,75,75,75,75,75,75,75,75,75,75,75,75,75,75,75,75,75,75,75,75,75,75,75,75,75,75,75,75,75,75,75,75,75,75,75,75,75,75,75,75,75,75,75,75,75,75],"card_choices":[{"not_picked":["Sweeping Beam","Ball Lightning"],"picked":"Hologram","floor":1.0},{"not_picked":["Steam Power","Self Repair"],"picked":"Melter","floor":7},{"not_picked":["Ball Lightning","Cold Snap"],"picked":"Coolheaded","floor":8},{"not_picked":["Gash","Melter"],"picked":"Doom and Gloom","floor":10},{"not_picked":["Go for the Eyes","Defragment"],"picked":"Capacitor","floor":10},{"not_picked":["Streamline","Turbo"],"picked":"Auto Shields","floor":11},{"not_picked":["Gash","Cold Snap"],"picked":"Stack","floor":11},{"not_picked":["Skim","Chaos"],"picked":"Biased Cognition","floor":14},{"not_picked":["Rebound","Compile Driver"],"picked":"Streamline","floor":14},{"not_picked":["Biased Cognition","All For One"],"picked":"Electrodynamics","floor":16},{"not_picked":["Rebound+1","Beam Cell"],"picked":"Sweeping Beam+1","floor":18},{"not_picked":["Steam Power","Doom and Gloom+1"],"picked":"Cold Snap+1","floor":18},{"not_picked":["Compile Driver","Beam Cell"],"picked":"Recycle","floor":20},{"not_picked":["Sweeping Beam","Thunder Strike"],"picked":"Reprogram","floor":20},{"not_picked":["Darkness","Steam"],"picked":"Conserve Battery+1","floor":25},{"not_picked":["BootSequence","Steam Power"],"picked":"Chill+1","floor":31},{"not_picked":["Biased Cognition","Amplify"],"picked":"All For One","floor":33},{"not_picked":["FTL","Recycle+1"],"picked":"Streamline","floor":35},{"not_picked":["Go for the Eyes","Compile Driver"],"picked":"Ball Lightning+1","floor":35},{"not_picked":["Hello World+1","Consume+1"],"picked":"Steam+1","floor":39},{"not_picked":["Rip and Tear","Rebound"],"picked":"Chaos+1","floor":39},{"not_picked":["Cold Snap+1","Compile Driver+1"],"picked":"Turbo+1","floor":40},{"not_picked":["Sunder","Glacier"],"picked":"Turbo","floor":41},{"not_picked":["Ball Lightning","Go for the Eyes"],"picked":"Sweeping Beam+1","floor":41},{"not_picked":["Auto Shields","Steam+1"],"picked":"Storm","floor":42},{"not_picked":["Rebound","Steam+1"],"picked":"Rainbow","floor":42},{"not_picked":["Force Field+1","Gash+1"],"picked":"Barrage+1","floor":45},{"not_picked":["Lockon","Coolheaded"],"picked":"Self Repair+1","floor":45},{"not_picked":["Coolheaded+1","Sweeping Beam"],"picked":"Barrage","floor":46},{"not_picked":["Lockon+1","Sweeping Beam+1"],"picked":"Streamline+1","floor":47},{"not_picked":["Sweeping Beam","Leap+1"],"picked":"Seek","floor":47},{"not_picked":["Hologram+1","Aggregate+1"],"picked":"Loop+1","floor":48},{"not_picked":["Melter+1","Ball Lightning+1","Beam Cell+1"],"picked":"SKIP","floor":48},{"not_picked":["Sweeping Beam+1","Steam"],"picked":"Leap+1","floor":49}],"player_experience":92166,"relics_obtained":[{"floor":8,"key":"StrikeDummy"},{"floor":9,"key":"Prayer Wheel"},{"floor":13,"key":"Turnip"},{"floor":17,"key":"Blood Vial"},{"floor":17,"key":"Mummified Hand"},{"floor":17,"key":"Du-Vu Doll"},{"floor":31,"key":"TungstenRod"},{"floor":43,"key":"Regal Pillow"}],"event_choices":[{"damage_healed":0.0,"max_hp_gain":0.0,"max_hp_loss":0.0,"gold_gain":0.0,"event_name":"Golden Idol","player_choice":"Take Wound","floor":2.0,"gold_loss":0.0,"damage_taken":0.0,"relics_obtained":["Golden Idol"],"cards_obtained":["Injury"]},{"cards_removed":["Injury"],"damage_healed":0,"gold_gain":0,"player_choice":"Forget","damage_taken":0,"max_hp_gain":0,"max_hp_loss":0,"event_name":"Living Wall","floor":3,"gold_loss":0},{"damage_healed":0,"gold_gain":0,"player_choice":"Success","damage_taken":3,"relics_obtained":["Dream Catcher"],"max_hp_gain":0,"max_hp_loss":0,"event_name":"Scrap Ooze","floor":5,"gold_loss":0},{"damage_healed":0,"gold_gain":175,"player_choice":"AGREE","damage_taken":0,"max_hp_gain":0,"max_hp_loss":0,"event_name":"Liars Game","floor":12,"gold_loss":0,"cards_obtained":["Doubt"]},{"cards_removed":["Defend_B"],"damage_healed":0,"gold_gain":0,"player_choice":"Gave Gold","damage_taken":0,"max_hp_gain":0,"max_hp_loss":0,"event_name":"Beggar","floor":19,"gold_loss":75},{"damage_healed":0,"gold_gain":0,"player_choice":"Simplicity","damage_taken":0,"max_hp_gain":0,"max_hp_loss":0,"event_name":"Back to Basics","floor":21,"gold_loss":0,"cards_upgraded":["Strike_B","Strike_B","Strike_B","Strike_B","Defend_B","Defend_B","Defend_B"]},{"damage_healed":0,"gold_gain":0,"player_choice":"Gave Idol","damage_taken":0,"relics_obtained":["Bloody Idol"],"max_hp_gain":0,"max_hp_loss":0,"event_name":"Forgotten Altar","floor":22,"relics_lost":["Golden Idol"],"gold_loss":0},{"damage_healed":0,"gold_gain":0,"cards_transformed":["Recycle","Reprogram"],"player_choice":"Became Test Subject","damage_taken":0,"max_hp_gain":0,"max_hp_loss":0,"event_name":"Drug Dealer","floor":28,"gold_loss":0,"cards_obtained":["FTL","Scrape"]},{"damage_healed":0,"gold_gain":0,"player_choice":"Opened","damage_taken":0,"relics_obtained":["Ornamental Fan"],"max_hp_gain":0,"max_hp_loss":0,"event_name":"The Mausoleum","floor":29,"gold_loss":0},{"damage_healed":0,"gold_gain":999,"player_choice":"Gold","damage_taken":0,"max_hp_gain":0,"max_hp_loss":0,"event_name":"MindBloom","floor":36,"gold_loss":0,"cards_obtained":["Normality","Normality"]},{"damage_healed":0,"gold_gain":0,"player_choice":"Gave Potion","damage_taken":0,"relics_obtained":["Bronze Scales"],"max_hp_gain":0,"max_hp_loss":0,"event_name":"WeMeetAgain","floor":38,"gold_loss":0}],"is_beta":false,"boss_relics":[{"not_picked":["Pandora\u0027s Box","FrozenCore"],"picked":"Calling Bell"},{"not_picked":["SlaversCollar","Black Star"],"picked":"Astrolabe"}],"items_purged_floors":[37],"is_endless":false,"potions_floor_spawned":[7,10,11,18,31,33,39,41,42,45,47,48],"ascension_level":0}}