{"host":"yuqw1qbhv58x22od","time":1609525416,"event":{"mods":["BaseMod","Infinite Spire","Minty Spire (QoL Compilation)","Replay The Spire","StSLib","The Servant 0.9.4"],"gold_per_floor":[111,111,128,303,323,323,338,350,350,370,381,391,391,404,404,505,505,515,430,443,443,443,443],"floor_reached":22,"playtime":1860,"items_purged":[],"score":182,"play_id":"57ddd23a-e0c6-4f4e-a7da-4b43b2be502c","local_time":"20210101162336","is_ascension_mode":false,"campfire_choices":[{"data":"Eruption","floor":6,"key":"SMITH"},{"data":"CutThroughFate","floor":15,"key":"SMITH"}],"circlet_count":0,"master_deck":["Strike_P","Strike_P","Strike_P","Strike_P","Defend_P","Defend_P","Defend_P","Defend_P","Eruption+1","Vigilance","Replay:Hum","Crescendo","FlurryOfBlows","CarveReality","EmptyBody","ThirdEye","CutThroughFate+1","Perseverance","FollowUp","Establishment","Indignation","FollowUp","Crescendo"],"relics":["PureWater","Blood Vial","infinitespire:Bottled Soul","Coffee Dripper","Du-Vu Doll"],"acts_visited":["Exordium","TheCity"],"potions_floor_usage":[5,7,7,11,16,16],"damage_taken":[{"damage":1,"enemies":"Cultist","floor":1,"turns":3},{"damage":0,"enemies":"Small Slimes","floor":3,"turns":4},{"damage":0,"enemies":"Jaw Worm","floor":5,"turns":2},{"damage":35,"enemies":"Exordium Thugs","floor":7,"turns":9},{"damage":4,"enemies":"Blue Slaver","floor":8,"turns":3},{"damage":5,"enemies":"Red Slaver","floor":10,"turns":3},{"damage":20,"enemies":"2 Fungi Beasts","floor":11,"turns":3},{"damage":2,"enemies":"Looter","floor":12,"turns":2},{"damage":2,"enemies":"Blue Slaver","floor":14,"turns":3},{"damage":18,"enemies":"Hexaghost","floor":16,"turns":10},{"damage":2,"enemies":"Shell Parasite","floor":18,"turns":5},{"damage":51,"enemies":"3 Byrds","floor":20,"turns":5},{"damage":37,"enemies":"Snake Plant","floor":22,"turns":2}],"seed_played":"-5636142697303150720","potions_obtained":[{"floor":0,"key":"Strength Potion"},{"floor":0,"key":"Fruit Juice"},{"floor":0,"key":"StancePotion"},{"floor":5,"key":"Weak Potion"},{"floor":7,"key":"GamblersBrew"},{"floor":8,"key":"Energy Potion"},{"floor":12,"key":"Adrenaline Potion"},{"floor":14,"key":"Ancient Potion"}],"is_trial":false,"path_per_floor":["M","?","M","?","M","R","M","M","T","M","M","M","?","M","R","B",null,"M","?","M","?","M"],"character_chosen":"WATCHER","items_purchased":[],"campfire_rested":0,"item_purchase_floors":[],"current_hp_per_floor":[71,71,72,72,77,77,42,40,40,37,19,19,19,19,19,3,77,75,75,26,26,0,0],"gold":443,"neow_bonus":"THREE_SMALL_POTIONS","is_daily":false,"chose_seed":false,"campfire_upgraded":2,"win_rate":0.0,"timestamp":1609525416,"path_taken":["M","?","M","?","M","R","M","M","T","M","M","M","?","M","R","BOSS","M","?","M","?","?"],"items_purchased_type":[],"build_version":"2020-12-22","purchased_purges":0,"victory":false,"max_hp_per_floor":[72,72,72,72,77,77,77,77,77,77,77,77,77,77,77,77,77,77,77,77,77,77,77],"card_choices":[{"not_picked":["WreathOfFlame","Replay:BluntJabs"],"picked":"Replay:Hum","floor":1},{"not_picked":["Worship","Halt"],"picked":"Crescendo","floor":3},{"not_picked":["DeusExMachina","FlyingSleeves"],"picked":"FlurryOfBlows","floor":5},{"not_picked":["ClearTheMind","FlurryOfBlows"],"picked":"CarveReality","floor":7},{"not_picked":["JustLucky","BowlingBash"],"picked":"EmptyBody","floor":8},{"not_picked":["CrushJoints","Replay:AtTheReady"],"picked":"ThirdEye","floor":10},{"not_picked":["Replay:BluntJabs","Protect"],"picked":"CutThroughFate","floor":11},{"not_picked":["Protect","Replay:BluntJabs"],"picked":"Perseverance","floor":12},{"not_picked":["ClearTheMind","Protect"],"picked":"FollowUp","floor":14},{"not_picked":["LessonLearned","Replay:AllIn"],"picked":"Establishment","floor":16},{"not_picked":["FollowUp+1","CutThroughFate+1"],"picked":"Indignation","floor":18},{"not_picked":["Evaluate","Replay:Hum"],"picked":"FollowUp","floor":20}],"player_experience":157758,"relics_obtained":[{"floor":2,"key":"Blood Vial"},{"floor":9,"key":"infinitespire:Bottled Soul"}],"event_choices":[{"damage_healed":0,"gold_gain":175,"player_choice":"AGREE","damage_taken":0,"max_hp_gain":0,"max_hp_loss":0,"event_name":"Liars Game","floor":4,"gold_loss":0,"cards_obtained":["Doubt"]},{"cards_removed":["Doubt"],"damage_healed":0,"gold_gain":0,"player_choice":"Card Removal","damage_taken":0,"max_hp_gain":0,"max_hp_loss":0,"event_name":"Wheel of Change","floor":13,"gold_loss":0},{"damage_healed":0,"gold_gain":0,"player_choice":"Obtained Relic","damage_taken":0,"relics_obtained":["Du-Vu Doll"],"max_hp_gain":0,"max_hp_loss":0,"event_name":"Addict","floor":19,"gold_loss":85},{"damage_healed":0,"gold_gain":0,"player_choice":"Copied","damage_taken":0,"max_hp_gain":0,"max_hp_loss":0,"event_name":"Duplicator","floor":21,"gold_loss":0,"cards_obtained":["Crescendo"]}],"is_beta":false,"boss_relics":[{"not_picked":["SlaversCollar","Empty Cage"],"picked":"Coffee Dripper"}],"items_purged_floors":[],"is_endless":false,"potions_floor_spawned":[1,5,7,8,12,14],"killed_by":"Snake Plant","ascension_level":0}}