{"host":"g75gtovmj0ine2rf","time":1609502666,"event":{"mods":["2.2 Compatiblity","AchievementEnabler","Act Like it!","Aspiration","Astrologer","Bard","BaseMod","Better Match","BetterRewards","CapriCore","Challenge The Spire","ChefMod","Colored Map","Conspire","Elementarium","Energized Spire","Friendly Minions","Gensokyo","Halation","Hallownest","Hermit","HexUI Lib","Highlight Path","Hubris","Infinite Spire","Jedi Mod","Lobotomy","Menagerie","Minty Spire (QoL Compilation)","Puzzle Mod","Quick Restart","Rare Cards Sparkle","Relic Stats","Replay The Spire","Robot Space Explorer","Shade Mod","Shop Mod","Spicy Shops","StSLib","SuperFastMode","The Construct","The Cursed","The Dragon Tamer","The Factory","The Jungle","The Marked","The Runesmith","TheBandit","TheFirefly","TheSwordswoman","TheVacant","Transform Curses","Wandering Minibosses","thorton","vexMod"],"gold_per_floor":[109,74,24,43,43,74,74,74,74,74,74,103,22,22,22,33,33,129,129,145,156,156,156,156,184,166,166,234,248,427,460,475,475,475,578,628,644,663,663,68,83,83,109,109,135,163,163,182,252,471,471,471,471,471,183,218,218],"floor_reached":58,"playtime":3854,"items_purged":[],"score":1548,"play_id":"8d1e054a-2d65-4d60-8c9e-a2e2902e6ee8","local_time":"20210101230426","is_ascension_mode":true,"campfire_choices":[{"data":"RobotSpaceExplorer:RigExplosive","floor":7.0,"key":"SMITH"},{"data":"Die Die Die","floor":10.0,"key":"SMITH"},{"data":"Heel Hook","floor":17.0,"key":"PURGE"},{"data":"RobotSpaceExplorer:Autoloader","floor":27.0,"key":"SMITH"},{"floor":34.0,"key":"REST"},{"floor":42,"key":"REST"},{"floor":47,"key":"RECALL"},{"data":"Burn","floor":51,"key":"PURGE"},{"data":"RobotSpaceExplorer:SelfCleaning","floor":54,"key":"SMITH"}],"circlet_count":0,"master_deck":["RobotSpaceExplorer:Defend","RobotSpaceExplorer:Defend","RobotSpaceExplorer:Defend","RobotSpaceExplorer:Scan+1","RobotSpaceExplorer:MiniLasers","RobotSpaceExplorer:RigExplosive+1","RobotSpaceExplorer:Accelerator","RobotSpaceExplorer:GlueShot","RobotSpaceExplorer:GearShield","RobotSpaceExplorer:SelfCleaning+1","Die Die Die+1","RobotSpaceExplorer:ShockMissile","RobotSpaceExplorer:MiniDrones","RobotSpaceExplorer:Autoloader+1","RobotSpaceExplorer:MiniBoosters+1","RobotSpaceExplorer:PlasmaMissile+1","infinitespire:Gouge","RobotSpaceExplorer:PowerGlove+1","RobotSpaceExplorer:PowerCollector+1","RobotSpaceExplorer:StarLightning+1","RobotSpaceExplorer:StarLightning+1","Mayhem","Burn","RobotSpaceExplorer:SlimeMissile+1","RobotSpaceExplorer:Comet"],"relics":["RobotSpaceExplorer:RoboCore","infinitespire:Satchel","ReplayTheSpireMod:Lightbulb","Replay:Mystery Machine","Replay:Wax Seal","halation:Prosthetics","Replay:Rubber Ducky","halation:PromiseList","vexMod:FocusSash","MerchantsRug","aspiration:ChemicalBlood","hubris:Towel","Elementarium:ElementariumTrophy","Tiny House","hubris:Icosahedron","Mango","RobotSpaceExplorer:BottledGravity","infinitespire:CheckeredPen","Happy Flower","vexMod:MemoryStick","conspire:DeflatedDodgeball","wanderingMiniBosses:LockLocket","Dead Branch","aspiration:Lifesprig","conspire:BottledYoYo"],"acts_visited":["Exordium","Exordium","Elementarium:Elementarium","TheEnding"],"potions_floor_usage":[38,38,38,38,43,43,46,46,48,48,56,56,56,56,57],"damage_taken":[{"damage":0.0,"enemies":"Small Slimes","floor":1.0,"turns":7.0},{"damage":0.0,"enemies":"Jaw Worm","floor":4.0,"turns":5.0},{"damage":7.0,"enemies":"3 Sentries","floor":6.0,"turns":11.0},{"damage":3.0,"enemies":"Gremlin Nob","floor":12.0,"turns":3.0},{"damage":0.0,"enemies":"Cultist","floor":16.0,"turns":4.0},{"damage":19.0,"enemies":"Fading Forest","floor":18.0,"turns":11.0},{"damage":4.0,"enemies":"Elementarium:2_ELEMENTALS","floor":20.0,"turns":6.0},{"damage":6.0,"enemies":"Elementarium:VoidCorruption","floor":21.0,"turns":11.0},{"damage":3.0,"enemies":"Elementarium:ElementalPortal","floor":25.0,"turns":6.0},{"damage":3.0,"enemies":"Elementarium:VoidBeast","floor":29.0,"turns":3.0},{"damage":11.0,"enemies":"Elementarium:Hydrostalker","floor":30.0,"turns":7.0},{"damage":9.0,"enemies":"Elementarium:WarGolem","floor":31.0,"turns":4.0},{"damage":1.0,"enemies":"Elementarium:STONE_GOLEMS","floor":32.0,"turns":4.0},{"damage":12.0,"enemies":"Elementarium:PHOENIXES","floor":35.0,"turns":5.0},{"damage":0,"enemies":"Hallownest:3_Siblings","floor":37,"turns":5},{"damage":11,"enemies":"Hallownest:2_Littles","floor":38,"turns":3},{"damage":9,"enemies":"Hallownest:monsterPrimalAspid","floor":41,"turns":4},{"damage":0,"enemies":"Nightmare","floor":43,"turns":8},{"damage":0,"enemies":"Hallownest:eliteHiveKnight","floor":46,"turns":6},{"damage":7,"enemies":"Hallownest:Shield_Sturdy","floor":48,"turns":4},{"damage":1,"enemies":"Hallownest:2_Wandering_and_1_Horned","floor":50,"turns":6},{"damage":0,"enemies":"Hallownest:Radiance","floor":52,"turns":7},{"damage":14,"enemies":"Shield and Spear","floor":56,"turns":6},{"damage":12,"enemies":"The Heart","floor":57,"turns":6}],"seed_played":"-7356208037375493073","potions_obtained":[{"floor":4.0,"key":"conspire:TimeTravelPotion"},{"floor":18.0,"key":"EssenceOfSteel"},{"floor":29.0,"key":"Dexterity Potion"},{"floor":31.0,"key":"Milkshake"},{"floor":32.0,"key":"EntropicBrew"},{"floor":36.0,"key":"RobotSpaceExplorer:PlasmaFlask"},{"floor":56,"key":"GamblersBrew"}],"is_trial":false,"path_per_floor":["M","?","$","M","$","E","R","?","T","R","?","E","$","PTL","PTL","M","R_BF","B",null,"M","M","?","AVR","?","E","$","R","T","M","M","E","M","?","R","B",null,"M","M","?","$","M","R","NM","?","T","E","R","M","T","M","R_BF","B",null,"R","$","E","B",null],"character_chosen":"RobotSpaceExplorer","items_purchased":["RobotSpaceExplorer:GlueShot","Replay:Wax Seal","MerchantsRug","Mango","Mayhem","Dead Branch","aspiration:Lifesprig"],"campfire_rested":2,"item_purchase_floors":[3,13,26,40,40,55,55],"current_hp_per_floor":[54,72,72,72,72,65,65,65,65,65,65,62,62,62,62,62,62,43,75,71,65,65,40,40,37,37,37,37,34,32,23,22,22,34,22,45,45,34,34,48,39,56,56,56,56,56,56,49,49,48,48,48,59,59,59,45,33],"gold":218,"neow_bonus":"TRANSFORM_TWO_CARDS","is_daily":false,"chose_seed":false,"campfire_upgraded":4,"win_rate":0.0,"timestamp":1609502666,"path_taken":["M","?","$","M","?","E","R","?","T","R","?","E","$","PTL","PTL","M","R_BF","BOSS","M","?","?","AVR","?","E","$","R","T","M","M","E","M","?","R","BOSS","M","M","?","$","M","R","NM","?","T","E","R","M","?","?","R_BF","BOSS","R","$","E","BOSS"],"items_purchased_type":["Card","Relic","Relic","Relic","Card","Relic","Relic"],"build_version":"2020-12-22","purchased_purges":0,"victory":true,"max_hp_per_floor":[75,75,75,75,75,75,75,75,75,75,75,75,75,75,75,75,75,75,75,75,75,75,40,40,40,40,40,40,40,40,40,40,40,40,40,45,45,45,45,59,59,59,59,59,59,59,59,59,59,59,59,59,59,59,59,59,59],"relic_stats":{"Happy Flower":[11],"counters":[24,142],"Dead Branch":[26],"obtain_stats":[{"vexMod:MemoryStick":46,"aspiration:Lifesprig":55,"Tiny House":36,"Mango":40,"Replay:Mystery Machine":12,"halation:Prosthetics":23,"Replay:Rubber Ducky":23,"hubris:Icosahedron":39,"RobotSpaceExplorer:BottledGravity":43,"halation:PromiseList":24,"Replay:Wax Seal":13,"aspiration:FutureDiary":19,"wanderingMiniBosses:LockLocket":50,"aspiration:ChemicalBlood":31,"MerchantsRug":26,"Happy Flower":45,"Dead Branch":55,"RobotSpaceExplorer:RoboCore":0,"vexMod:FocusSash":25,"infinitespire:CheckeredPen":43,"hubris:Towel":33,"Elementarium:ElementariumTrophy":35,"infinitespire:Satchel":6,"conspire:BottledYoYo":56,"conspire:DeflatedDodgeball":49,"ReplayTheSpireMod:Lightbulb":9},{"vexMod:MemoryStick":19,"aspiration:Lifesprig":22,"Tiny House":14,"Mango":16,"Replay:Mystery Machine":4,"halation:Prosthetics":8,"Replay:Rubber Ducky":8,"hubris:Icosahedron":16,"RobotSpaceExplorer:BottledGravity":18,"halation:PromiseList":8,"Replay:Wax Seal":4,"aspiration:FutureDiary":6,"wanderingMiniBosses:LockLocket":21,"aspiration:ChemicalBlood":12,"MerchantsRug":9,"Happy Flower":18,"Dead Branch":22,"RobotSpaceExplorer:RoboCore":0,"vexMod:FocusSash":9,"infinitespire:CheckeredPen":18,"hubris:Towel":13,"Elementarium:ElementariumTrophy":14,"infinitespire:Satchel":3,"conspire:BottledYoYo":23,"conspire:DeflatedDodgeball":20,"ReplayTheSpireMod:Lightbulb":3},{"vexMod:MemoryStick":113,"aspiration:Lifesprig":130,"Tiny House":87,"Mango":95,"Replay:Mystery Machine":26,"halation:Prosthetics":58,"Replay:Rubber Ducky":58,"hubris:Icosahedron":95,"RobotSpaceExplorer:BottledGravity":107,"halation:PromiseList":58,"Replay:Wax Seal":26,"aspiration:FutureDiary":41,"wanderingMiniBosses:LockLocket":123,"aspiration:ChemicalBlood":78,"MerchantsRug":64,"Happy Flower":107,"Dead Branch":130,"RobotSpaceExplorer:RoboCore":0,"vexMod:FocusSash":64,"infinitespire:CheckeredPen":107,"hubris:Towel":82,"Elementarium:ElementariumTrophy":87,"infinitespire:Satchel":23,"conspire:BottledYoYo":136,"conspire:DeflatedDodgeball":117,"ReplayTheSpireMod:Lightbulb":23}]},"card_choices":[{"not_picked":["RobotSpaceExplorer:SwiftStep","RobotSpaceExplorer:MiniDrones","RobotSpaceExplorer:ScrapToss"],"picked":"SKIP","floor":1.0},{"not_picked":["RobotSpaceExplorer:Smokescreen","RobotSpaceExplorer:Electroshield"],"picked":"RobotSpaceExplorer:GearShield","floor":4.0},{"not_picked":["RobotSpaceExplorer:GlueSpray","RobotSpaceExplorer:ToxicBomb"],"picked":"RobotSpaceExplorer:SelfCleaning","floor":6.0},{"not_picked":["RobotSpaceExplorer:SelfCleaning","RobotSpaceExplorer:FreezingShield","RobotSpaceExplorer:StunGrenade"],"picked":"SKIP","floor":12.0},{"not_picked":["RobotSpaceExplorer:FrostMissile","RobotSpaceExplorer:Ammunition"],"picked":"RobotSpaceExplorer:MiniDrones","floor":16.0},{"not_picked":["RobotSpaceExplorer:DroneSwarm","RobotSpaceExplorer:Comet"],"picked":"RobotSpaceExplorer:Autoloader","floor":18.0},{"not_picked":["RobotSpaceExplorer:ImprovisedAttack","RobotSpaceExplorer:SurgingStrike"],"picked":"RobotSpaceExplorer:MiniBoosters+1","floor":20.0},{"not_picked":["RobotSpaceExplorer:FranticSearch","RobotSpaceExplorer:Counterblock"],"picked":"RobotSpaceExplorer:PlasmaMissile","floor":21.0},{"not_picked":["RobotSpaceExplorer:ScrapToss+1","RobotSpaceExplorer:SwiftStep+1"],"picked":"RobotSpaceExplorer:PowerGlove+1","floor":25.0},{"not_picked":["RobotSpaceExplorer:Counterblock","RobotSpaceExplorer:MiniDrones","RobotSpaceExplorer:ImprovisedAttack"],"picked":"SKIP","floor":29.0},{"not_picked":["RobotSpaceExplorer:ScrapMissile","RobotSpaceExplorer:HighVoltage","RobotSpaceExplorer:Probe"],"picked":"SKIP","floor":30.0},{"not_picked":["RobotSpaceExplorer:MetalStrike","RobotSpaceExplorer:FranticSearch+1","RobotSpaceExplorer:SurgingShield"],"picked":"SKIP","floor":31.0},{"not_picked":["RobotSpaceExplorer:GlueSpray","RobotSpaceExplorer:SwiftStep+1"],"picked":"RobotSpaceExplorer:PowerCollector+1","floor":32.0},{"not_picked":["RobotSpaceExplorer:DroneSwarm","RobotSpaceExplorer:Arsenal"],"picked":"RobotSpaceExplorer:Exploration","floor":35.0},{"not_picked":["RobotSpaceExplorer:MetalStrike","RobotSpaceExplorer:Probe"],"picked":"RobotSpaceExplorer:StarLightning+1","floor":37},{"not_picked":["RobotSpaceExplorer:SwiftStep","RobotSpaceExplorer:ScrapToss+1"],"picked":"RobotSpaceExplorer:StarLightning+1","floor":38},{"not_picked":["RobotSpaceExplorer:ShockKick+1","RobotSpaceExplorer:MakeshiftVolley+1","RobotSpaceExplorer:SwiftStep"],"picked":"SKIP","floor":41},{"not_picked":["RobotSpaceExplorer:Probe+1","RobotSpaceExplorer:Counterblock+1","RobotSpaceExplorer:PowerGlove+1"],"picked":"SKIP","floor":43},{"not_picked":["RobotSpaceExplorer:GearShield","RobotSpaceExplorer:Probe","RobotSpaceExplorer:LuckyStrike"],"picked":"SKIP","floor":46},{"not_picked":["RobotSpaceExplorer:Probe+1","RobotSpaceExplorer:ShockKick+1"],"picked":"RobotSpaceExplorer:SlimeMissile+1","floor":48},{"not_picked":["RobotSpaceExplorer:Calculate+1","RobotSpaceExplorer:MetalStrike"],"picked":"RobotSpaceExplorer:Comet","floor":50},{"not_picked":["RobotSpaceExplorer:SlimeMissile","RobotSpaceExplorer:Ammunition+1","RobotSpaceExplorer:Smokescreen+1"],"picked":"SKIP","floor":56}],"player_experience":1369634,"relics_obtained":[{"floor":6.0,"key":"infinitespire:Satchel"},{"floor":9.0,"key":"ReplayTheSpireMod:Lightbulb"},{"floor":12.0,"key":"Replay:Mystery Machine"},{"floor":25.0,"key":"vexMod:FocusSash"},{"floor":31.0,"key":"aspiration:ChemicalBlood"},{"floor":43,"key":"RobotSpaceExplorer:BottledGravity"},{"floor":43,"key":"infinitespire:CheckeredPen"},{"floor":45,"key":"Happy Flower"},{"floor":46,"key":"vexMod:MemoryStick"},{"floor":49,"key":"conspire:DeflatedDodgeball"},{"floor":50,"key":"wanderingMiniBosses:LockLocket"},{"floor":56,"key":"conspire:BottledYoYo"}],"event_choices":[{"damage_healed":18.0,"max_hp_gain":0.0,"max_hp_loss":0.0,"gold_gain":0.0,"event_name":"The Cleric","player_choice":"Healed","floor":2.0,"gold_loss":35.0,"damage_taken":0.0},{"damage_healed":0.0,"max_hp_gain":0.0,"max_hp_loss":0.0,"gold_gain":0.0,"cards_transformed":["Tactician"],"event_name":"Transmorgrifier","player_choice":"Transformed","floor":11.0,"gold_loss":0.0,"damage_taken":0.0,"cards_obtained":["RobotSpaceExplorer:ShockMissile"]},{"damage_healed":0.0,"max_hp_gain":0.0,"max_hp_loss":0.0,"gold_gain":0.0,"event_name":"Elementarium:VoidShrine","player_choice":"Pray","floor":22.0,"gold_loss":0.0,"damage_taken":0.0,"cards_upgraded":["RobotSpaceExplorer:Scan"]},{"damage_healed":0.0,"max_hp_gain":0.0,"max_hp_loss":0.0,"gold_gain":0.0,"event_name":"Elementarium:TarCoveredCasket","player_choice":"Open","floor":24.0,"gold_loss":0.0,"damage_taken":0.0,"relics_obtained":["halation:PromiseList"],"cards_obtained":["Elementarium:StickyTar"]}],"is_beta":false,"boss_relics":[{"not_picked":["hubris:CrackedHourglass","halation:Risk"],"picked":"aspiration:FutureDiary"},{"not_picked":["vexMod:EndlessSickness","halation:PlatinumPhoenix"],"picked":"Tiny House"}],"items_purged_floors":[],"is_endless":false,"potions_floor_spawned":[4,18,29,31,32,37,41,56],"ascension_level":4}}