{"host":"i0avyit1s6jb1siw","time":1609511688,"event":{"mods":["BaseMod","DeckTracker","Dota2Spire","Highlight Path","Minty Spire (QoL Compilation)","Quick Restart","Replay The Spire","StSLib","SuperFastMode"],"gold_per_floor":[115,130,147,166,91,91,101,101,124,124,174,186,196,196,196],"floor_reached":14,"playtime":314,"items_purged":[],"score":168,"play_id":"0da8b492-9dd2-448a-8ea2-6f4dc7753f04","local_time":"20210101153448","is_ascension_mode":true,"campfire_choices":[{"data":"Skewer","floor":6,"key":"SMITH"},{"floor":10,"key":"REST"}],"circlet_count":0,"master_deck":["AscendersBane","Strike_G","Strike_G","Strike_G","Strike_G","Defend_G","Defend_G","Defend_G","Defend_G","Defend_G","Survivor","Neutralize","Skewer+1","Poisoned Stab","Deflect","Wraith Form v2","Leg Sweep","Blade Dance"],"relics":["Ring of the Snake","Pen Nib","MealTicket","Centennial Puzzle"],"acts_visited":["Exordium"],"potions_floor_usage":[4,13,14],"damage_taken":[{"damage":6,"enemies":"Cultist","floor":1,"turns":5},{"damage":2,"enemies":"Small Slimes","floor":2,"turns":3},{"damage":0,"enemies":"2 Louse","floor":3,"turns":2},{"damage":12,"enemies":"Exordium Thugs","floor":4,"turns":7},{"damage":4,"enemies":"3 Louse","floor":7,"turns":4},{"damage":1,"enemies":"Looter","floor":12,"turns":2},{"damage":7,"enemies":"Gremlin Gang","floor":13,"turns":9},{"damage":23,"enemies":"3 Sentries","floor":14,"turns":8}],"seed_played":"-4373370562735706876","potions_obtained":[{"floor":1,"key":"ColorlessPotion"},{"floor":4,"key":"SneckoOil"},{"floor":13,"key":"Fruit Juice"}],"is_trial":false,"path_per_floor":["M","M","M","M","?","R","M","?","T","R","?","M","M","E"],"character_chosen":"THE_SILENT","items_purchased":[],"campfire_rested":1,"item_purchase_floors":[],"current_hp_per_floor":[53,51,51,39,39,39,35,9,9,28,22,21,14,0,0],"gold":196,"neow_bonus":"RANDOM_COMMON_RELIC","is_daily":false,"chose_seed":false,"campfire_upgraded":1,"win_rate":0.0,"timestamp":1609511688,"path_taken":["M","M","M","?","?","R","M","?","T","R","?","?","M","E"],"items_purchased_type":[],"build_version":"2020-12-22","purchased_purges":0,"victory":false,"max_hp_per_floor":[66,66,66,66,66,66,66,66,66,66,66,66,66,71,71],"card_choices":[{"not_picked":["Toxin Wave","Catalyst"],"picked":"Skewer","floor":1},{"not_picked":["Sucker Punch","Dagger Throw"],"picked":"Poisoned Stab","floor":2},{"not_picked":["Bane","Slice","Setup"],"picked":"SKIP","floor":3},{"not_picked":["Dodge and Roll","Finisher"],"picked":"Deflect","floor":4},{"not_picked":["Backflip","Expertise"],"picked":"Wraith Form v2","floor":7},{"not_picked":["Outmaneuver","Escape Plan"],"picked":"Leg Sweep","floor":12},{"not_picked":["Deflect","Reflex"],"picked":"Blade Dance","floor":13}],"player_experience":2155743,"relics_obtained":[{"floor":9,"key":"Centennial Puzzle"}],"event_choices":[{"cards_removed":["Strike_G"],"damage_healed":0,"gold_gain":0,"player_choice":"Card Removal","damage_taken":0,"max_hp_gain":0,"max_hp_loss":0,"event_name":"The Cleric","floor":5,"gold_loss":75},{"damage_healed":0,"gold_gain":0,"player_choice":"Success","damage_taken":26,"relics_obtained":["MealTicket"],"max_hp_gain":0,"max_hp_loss":0,"event_name":"Scrap Ooze","floor":8,"gold_loss":0},{"damage_healed":0,"gold_gain":50,"player_choice":"Touch","damage_taken":6,"max_hp_gain":0,"max_hp_loss":0,"event_name":"FaceTrader","floor":11,"gold_loss":0}],"is_beta":false,"boss_relics":[],"items_purged_floors":[],"is_endless":false,"potions_floor_spawned":[1,4,13],"killed_by":"3 Sentries","ascension_level":20}}