{"host":"2n2g1vowfllvjtvi","time":1609500753,"event":{"mods":["AchievementEnabler","BaseMod","Custom Start","GifTheSpireLib","Keyboard Shortcuts","Minty Spire (QoL Compilation)","Quick Restart","Rare Cards Sparkle","StSLib","SuperFastMode"],"gold_per_floor":[119,52,52,67,67,102,102,137,137,212,212,230,230,230,230,307,307,320,370,390,82,92,92,126,126,126,126,126],"floor_reached":27,"playtime":413,"items_purged":[],"score":459,"play_id":"2ad4c6cc-9dd0-435c-8bbb-fe2ef156e4bc","local_time":"20210101203233","is_ascension_mode":true,"campfire_choices":[{"data":"Uppercut","floor":7.0,"key":"SMITH"},{"data":"Fire Breathing","floor":11.0,"key":"SMITH"},{"data":"Evolve","floor":13.0,"key":"SMITH"},{"data":"Carnage","floor":15.0,"key":"SMITH"},{"floor":23.0,"key":"REST"},{"data":"Bludgeon","floor":25.0,"key":"SMITH"}],"circlet_count":0,"master_deck":["AscendersBane","Strike_R","Strike_R","Strike_R","Strike_R","Defend_R","Defend_R","Defend_R","Defend_R","Bash","Uppercut+1","Evolve+1","Wild Strike","Fire Breathing+1","Carnage+1","Sever Soul","Bludgeon+1"],"relics":["Burning Blood","NeowsBlessing","WingedGreaves","InkBottle","Snecko Eye","Champion Belt","Ginger","Nunchaku"],"acts_visited":["Exordium","TheCity"],"potions_floor_usage":[27],"damage_taken":[{"damage":0.0,"enemies":"Jaw Worm","floor":1.0,"turns":1.0},{"damage":0.0,"enemies":"2 Louse","floor":4.0,"turns":1.0},{"damage":0.0,"enemies":"Lagavulin","floor":6.0,"turns":1.0},{"damage":18.0,"enemies":"Gremlin Nob","floor":8.0,"turns":4.0},{"damage":6.0,"enemies":"Small Slimes","floor":12.0,"turns":4.0},{"damage":41.0,"enemies":"The Guardian","floor":16.0,"turns":10.0},{"damage":0.0,"enemies":"Spheric Guardian","floor":18.0,"turns":1.0},{"damage":31.0,"enemies":"3 Byrds","floor":20.0,"turns":5.0},{"damage":5.0,"enemies":"Shelled Parasite and Fungi","floor":22.0,"turns":3.0},{"damage":19.0,"enemies":"Book of Stabbing","floor":24.0,"turns":3.0},{"damage":54,"enemies":"Slavers","floor":27,"turns":3}],"seed_played":"-8243709628525104368","potions_obtained":[{"floor":4.0,"key":"BlessingOfTheForge"},{"floor":6.0,"key":"AttackPotion"},{"floor":16.0,"key":"LiquidMemories"},{"floor":24.0,"key":"Dexterity Potion"}],"is_trial":false,"path_per_floor":["M","$","?","M","$","E","R","E","T","?","R","M","R","?","R","B",null,"M","?","M","$","M","R","E","R","T","E"],"character_chosen":"IRONCLAD","items_purchased":["Evolve","Champion Belt"],"campfire_rested":1,"item_purchase_floors":[2,21],"current_hp_per_floor":[74,74,74,75,75,75,75,63,63,52,52,52,52,52,52,17,61,67,67,42,42,43,65,52,52,52,0,0],"gold":126,"neow_bonus":"THREE_ENEMY_KILL","is_daily":false,"chose_seed":true,"campfire_upgraded":5,"win_rate":0.0,"timestamp":1609500753,"path_taken":["M","$","?","M","$","E","R","E","T","?","R","M","R","?","R","BOSS","M","?","?","$","M","R","E","R","T","E"],"items_purchased_type":["Card","Relic"],"build_version":"2020-12-22","purchased_purges":0,"victory":false,"max_hp_per_floor":[75,75,75,75,75,75,75,75,75,75,75,75,75,75,75,75,75,75,75,75,75,75,75,75,75,75,75,75],"card_choices":[{"not_picked":["Armaments","Bloodletting"],"picked":"Uppercut","floor":1.0},{"not_picked":["Sword Boomerang","Havoc"],"picked":"Wild Strike","floor":4.0},{"not_picked":["Body Slam","Iron Wave","Warcry"],"picked":"SKIP","floor":6.0},{"not_picked":["Second Wind","Feel No Pain"],"picked":"Fire Breathing","floor":8.0},{"not_picked":["Thunderclap","Body Slam"],"picked":"Carnage","floor":12.0},{"not_picked":["Double Tap","Feed"],"picked":"Bludgeon","floor":16.0},{"not_picked":["Rampage","Infernal Blade","Perfected Strike"],"picked":"SKIP","floor":18.0},{"not_picked":["Sentinel","Anger","True Grit"],"picked":"SKIP","floor":20.0},{"not_picked":["Carnage","Reckless Charge","Headbutt"],"picked":"SKIP","floor":22.0},{"not_picked":["Fire Breathing","Bloodletting","Rampage"],"picked":"SKIP","floor":24.0}],"player_experience":413699,"relics_obtained":[{"floor":6.0,"key":"WingedGreaves"},{"floor":8.0,"key":"InkBottle"},{"floor":24.0,"key":"Ginger"},{"floor":26.0,"key":"Nunchaku"}],"event_choices":[{"cards_removed":["Strike_R"],"damage_healed":0.0,"max_hp_gain":0.0,"max_hp_loss":0.0,"gold_gain":0.0,"event_name":"Living Wall","player_choice":"Forget","floor":3.0,"gold_loss":0.0,"damage_taken":0.0},{"damage_healed":0.0,"max_hp_gain":0.0,"max_hp_loss":0.0,"gold_gain":75.0,"event_name":"World of Goop","player_choice":"Gather Gold","floor":10.0,"gold_loss":0.0,"damage_taken":11.0},{"damage_healed":0.0,"max_hp_gain":0.0,"max_hp_loss":0.0,"gold_gain":0.0,"event_name":"Match and Keep!","player_choice":"1 cards matched","floor":14.0,"gold_loss":0.0,"damage_taken":0.0,"cards_obtained":["Sever Soul"]},{"damage_healed":0.0,"max_hp_gain":0.0,"max_hp_loss":0.0,"gold_gain":50.0,"event_name":"Golden Shrine","player_choice":"Pray","floor":19.0,"gold_loss":0.0,"damage_taken":0.0}],"is_beta":false,"boss_relics":[{"not_picked":["Ectoplasm","Sozu"],"picked":"Snecko Eye"}],"items_purged_floors":[],"is_endless":false,"potions_floor_spawned":[4,6,16,24],"killed_by":"Slavers","ascension_level":15}}