{"host":"6ilae7ewjeys3uzr","time":1609479476,"event":{"mods":["AchievementEnabler","BaseMod","Hermit","Marisa????????","Minty Spire (QoL Compilation)","Quick Restart","Replay The Spire","StSLib","The Cursed","The Servant 0.9.4"],"gold_per_floor":[218,218,218,218,233,233,254,269,269,269,269,285,285,3,28,49,49,169,169,160,160,160],"floor_reached":21,"playtime":634,"items_purged":[],"score":171,"play_id":"56301987-21e7-499b-9bd1-9d934bb84102","local_time":"20210101063756","is_ascension_mode":false,"campfire_choices":[{"floor":6,"key":"RECALL"},{"floor":13,"key":"REST"},{"floor":17,"key":"REST"}],"circlet_count":0,"master_deck":["Strike_MRS","Strike_MRS","Strike_MRS+1","Strike_MRS","Defend_MRS","Defend_MRS","Defend_MRS","Defend_MRS","MasterSpark","UpSweep","RefractionSpark","Injury","GalacticHalo","SporeBomb","LuminesStrike","RefractionSpark","EarthLightRay","AsteroidBelt","MaximisePower","CurseOfTheBell"],"relics":["MiniHakkero","Golden Idol","The Courier","PreservedInsect","Replay:Wax Seal","MealTicket","Calling Bell","Omamori","Frozen Egg 2","Ice Cream"],"acts_visited":["Exordium","TheCity"],"potions_floor_usage":[1,8,20,21,21],"damage_taken":[{"damage":1,"enemies":"Cultist","floor":1,"turns":3},{"damage":6,"enemies":"Jaw Worm","floor":5,"turns":3},{"damage":7,"enemies":"2 Louse","floor":7,"turns":3},{"damage":5,"enemies":"Gremlin Gang","floor":8,"turns":4},{"damage":13,"enemies":"Red Slaver","floor":12,"turns":3},{"damage":13,"enemies":"2 Fungi Beasts","floor":15,"turns":3},{"damage":16,"enemies":"Large Slime","floor":16,"turns":3},{"damage":23,"enemies":"Slime Boss","floor":18,"turns":5},{"damage":28,"enemies":"2 Thieves","floor":20,"turns":4},{"damage":68,"enemies":"Masked Bandits","floor":21,"turns":4}],"seed_played":"2409326616579194951","potions_obtained":[{"floor":1,"key":"Fruit Juice"},{"floor":7,"key":"DistilledChaos"},{"floor":12,"key":"SteroidPotion"},{"floor":15,"key":"Regen Potion"},{"floor":18,"key":"Strength Potion"},{"floor":20,"key":"LiquidMemories"}],"is_trial":false,"path_per_floor":["M","?","?","?","M","R","M","M","PTL","PTL","T","M","R","$","M","M","R","B",null,"M","?"],"character_chosen":"MARISA","items_purchased":["PreservedInsect","Replay:Wax Seal","MealTicket"],"campfire_rested":2,"item_purchase_floors":[14,14,14],"current_hp_per_floor":[79,79,79,79,73,73,66,61,61,61,61,48,72,72,59,47,71,52,80,64,0,0],"gold":160,"neow_bonus":"HUNDRED_GOLD","is_daily":false,"chose_seed":false,"campfire_upgraded":0,"win_rate":0.0,"timestamp":1609479476,"path_taken":["M","?","?","?","M","R","M","?","PTL","PTL","T","M","R","?","M","M","R","BOSS","M","?"],"items_purchased_type":["Relic","Relic","Relic"],"build_version":"2020-12-22","purchased_purges":0,"victory":false,"max_hp_per_floor":[80,80,80,80,80,80,80,80,80,80,80,80,80,80,80,80,80,80,80,80,80,80],"card_choices":[{"not_picked":["PowerUp","GravityBeat"],"picked":"RefractionSpark","floor":1},{"not_picked":["EnergyFlow","RefractionSpark"],"picked":"GalacticHalo","floor":5},{"not_picked":["EnergyRecoil","MeteoricShower"],"picked":"SporeBomb","floor":7},{"not_picked":["FairyDestructionRay","GalacticHalo"],"picked":"LuminesStrike","floor":8},{"not_picked":["DragonMeteor","DarkMatter"],"picked":"RefractionSpark","floor":12},{"not_picked":["IllusionStar","WitchLeyline"],"picked":"EarthLightRay","floor":15},{"not_picked":["6A","MysteriousBeam"],"picked":"AsteroidBelt","floor":16},{"not_picked":["EscapeVelocity","CollectingQuirk"],"picked":"MaximisePower","floor":18},{"not_picked":["MeteoricShower","MysteriousBeam+1","Orbital"],"picked":"SKIP","floor":20}],"player_experience":231758,"relics_obtained":[{"floor":11,"key":"The Courier"},{"floor":19,"key":"Omamori"},{"floor":19,"key":"Frozen Egg 2"},{"floor":19,"key":"Ice Cream"}],"event_choices":[{"damage_healed":0,"gold_gain":0,"player_choice":"Take Wound","damage_taken":0,"relics_obtained":["Golden Idol"],"max_hp_gain":0,"max_hp_loss":0,"event_name":"Golden Idol","floor":3,"gold_loss":0,"cards_obtained":["Injury"]},{"damage_healed":0,"gold_gain":0,"player_choice":"Ignored","damage_taken":0,"max_hp_gain":0,"max_hp_loss":0,"event_name":"Transmorgrifier","floor":4,"gold_loss":0},{"damage_healed":0,"gold_gain":0,"player_choice":"Fought Bandits","damage_taken":0,"max_hp_gain":0,"max_hp_loss":0,"event_name":"Masked Bandits","floor":21,"gold_loss":0}],"is_beta":false,"boss_relics":[{"not_picked":["Busted Crown","Snecko Eye"],"picked":"Calling Bell"}],"items_purged_floors":[],"is_endless":false,"potions_floor_spawned":[1,7,12,15,18,20],"killed_by":"Masked Bandits","ascension_level":0}}