{"host":"dzallfdpazhc6w9d","time":1609538609,"event":{"mods":["BaseMod","Colored Powertips","Highlight Path","Minty Spire (QoL Compilation)","StSLib","The Bug Knight","The Jungle","The Senshi","The Servant 0.9.4"],"gold_per_floor":[112,112,187,206,206,234,234,234,258,273,290,308,308,308,308,410,410,425,440,490,181,192,223,223,199,248,265,265,291,291,304,304,304,304],"floor_reached":33,"playtime":30741,"items_purged":[],"score":310,"play_id":"57f2231e-ab8b-42f5-91cd-9e5439b14499","local_time":"20210101160329","is_ascension_mode":false,"campfire_choices":[{"data":"Dash","floor":8,"key":"SMITH"},{"data":"Backflip","floor":13,"key":"SMITH"},{"data":"Dagger Spray","floor":15,"key":"SMITH"},{"floor":24,"key":"REST"},{"floor":28,"key":"REST"},{"floor":32,"key":"REST"}],"circlet_count":0,"master_deck":["Strike_G","Strike_G","Strike_G+1","Strike_G","Strike_G","Defend_G","Defend_G","Defend_G","Defend_G","Defend_G","Survivor","Neutralize","Eviscerate+1","Dash+1","Backflip+1","Dagger Spray+1","Masterful Stab","Adrenaline","Prepared+1","Dagger Spray+1","Well Laid Plans+1","Blade Dance","Prepared","Tactician","Riddle With Holes","Flying Knee+1","Cloak And Dagger","Finisher"],"relics":["Ring of the Snake","NeowsBlessing","Ornamental Fan","Dream Catcher","Whetstone","Black Star","Sling","Art of War","Vajra","Omamori","Smiling Mask","Meat on the Bone","Darkstone Periapt","MutagenicStrength"],"acts_visited":["Exordium","TheCity"],"potions_floor_usage":[16,16,18,33],"damage_taken":[{"damage":0,"enemies":"2 Louse","floor":1,"turns":1},{"damage":0,"enemies":"Small Slimes","floor":4,"turns":1},{"damage":0,"enemies":"3 Sentries","floor":6,"turns":1},{"damage":0,"enemies":"Cultist","floor":10,"turns":2},{"damage":3,"enemies":"Exordium Thugs","floor":11,"turns":6},{"damage":0,"enemies":"Exordium Wildlife","floor":12,"turns":3},{"damage":41,"enemies":"The Guardian","floor":16,"turns":17},{"damage":7,"enemies":"2 Thieves","floor":18,"turns":4},{"damage":21,"enemies":"Centurion and Healer","floor":19,"turns":7},{"damage":29,"enemies":"Snake Plant","floor":22,"turns":6},{"damage":2,"enemies":"Slavers","floor":23,"turns":4},{"damage":7,"enemies":"Shelled Parasite and Fungi","floor":27,"turns":4},{"damage":16,"enemies":"Book of Stabbing","floor":29,"turns":4},{"damage":0,"enemies":"Sentry and Sphere","floor":31,"turns":3},{"damage":69,"enemies":"Collector","floor":33,"turns":6}],"seed_played":"-6811133198287771788","potions_obtained":[{"floor":4,"key":"FearPotion"},{"floor":6,"key":"DuplicationPotion"},{"floor":12,"key":"Block Potion"},{"floor":19,"key":"BlessingOfTheForge"},{"floor":27,"key":"Fruit Juice"}],"is_trial":false,"path_per_floor":["M","$","?","M","?","E","?","R","T","M","M","M","R","$","R","B",null,"M","M","?","$","M","E","R","$","T","M","R","E","?","M","R","B"],"character_chosen":"THE_SILENT","items_purchased":["Sling","Art of War","Prepared"],"campfire_rested":3,"item_purchase_floors":[21,21,25],"current_hp_per_floor":[70,70,59,59,41,41,70,70,70,70,67,67,67,67,67,26,70,63,42,42,42,13,11,32,32,32,25,46,30,30,42,63,0,0],"gold":304,"neow_bonus":"THREE_ENEMY_KILL","is_daily":false,"chose_seed":false,"campfire_upgraded":3,"win_rate":0.0,"timestamp":1609538609,"path_taken":["M","$","?","M","?","E","?","R","T","M","M","?","R","?","R","BOSS","M","M","?","$","M","E","R","?","T","M","R","E","?","M","R","BOSS"],"items_purchased_type":["Relic","Relic","Card"],"build_version":"2020-12-22","purchased_purges":0,"victory":false,"max_hp_per_floor":[70,70,70,70,70,70,70,70,70,70,70,70,70,70,70,70,70,70,70,70,70,70,70,70,70,70,70,70,70,70,70,70,75,75],"card_choices":[{"not_picked":["Slice","Quick Slash"],"picked":"Eviscerate","floor":1},{"not_picked":["Deflect","Quick Slash"],"picked":"Dash","floor":4},{"not_picked":["Backflip","Dagger Spray"],"picked":"Crippling Poison","floor":6},{"not_picked":["Bouncing Flask","Storm of Steel"],"picked":"Backflip","floor":10},{"not_picked":["Dash","Well Laid Plans"],"picked":"Dagger Spray","floor":11},{"not_picked":["PiercingWail","Flying Knee"],"picked":"Masterful Stab","floor":12},{"not_picked":["Storm of Steel","Glass Knife"],"picked":"Adrenaline","floor":16},{"not_picked":["Slice","Blade Dance"],"picked":"Prepared+1","floor":18},{"not_picked":["Dash+1","Prepared"],"picked":"Dagger Spray+1","floor":19},{"not_picked":["Deflect","Infinite Blades"],"picked":"Well Laid Plans+1","floor":22},{"not_picked":["A Thousand Cuts","Terror"],"picked":"Blade Dance","floor":23},{"not_picked":["Noxious Fumes","Backflip"],"picked":"Tactician","floor":27},{"not_picked":["Backflip","Escape Plan"],"picked":"Riddle With Holes","floor":28},{"not_picked":["Leg Sweep+1","Slice"],"picked":"Flying Knee+1","floor":29},{"not_picked":["Dagger Spray","Distraction"],"picked":"Cloak And Dagger","floor":31},{"not_picked":["Heel Hook","Backflip"],"picked":"Finisher","floor":32}],"player_experience":396467,"relics_obtained":[{"floor":6,"key":"Dream Catcher"},{"floor":9,"key":"Whetstone"},{"floor":23,"key":"Vajra"},{"floor":23,"key":"Omamori"},{"floor":26,"key":"Smiling Mask"},{"floor":29,"key":"Meat on the Bone"},{"floor":29,"key":"Darkstone Periapt"}],"event_choices":[{"damage_healed":0,"gold_gain":75,"player_choice":"Gather Gold","damage_taken":11,"max_hp_gain":0,"max_hp_loss":0,"event_name":"World of Goop","floor":3,"gold_loss":0},{"damage_healed":0,"gold_gain":0,"player_choice":"Success","damage_taken":18,"relics_obtained":["Ornamental Fan"],"max_hp_gain":0,"max_hp_loss":0,"event_name":"Scrap Ooze","floor":5,"gold_loss":0},{"cards_removed":["Crippling Poison"],"damage_healed":29,"gold_gain":0,"player_choice":"Offered Uncommon","damage_taken":0,"max_hp_gain":0,"max_hp_loss":0,"event_name":"Bonfire Elementals","floor":7,"gold_loss":0},{"damage_healed":0,"gold_gain":100,"player_choice":"Bet on Murderer","damage_taken":0,"max_hp_gain":0,"max_hp_loss":0,"event_name":"The Joust","floor":20,"gold_loss":50},{"damage_healed":0,"gold_gain":0,"player_choice":"Inject Mutagens","damage_taken":0,"relics_obtained":["MutagenicStrength"],"max_hp_gain":0,"max_hp_loss":0,"event_name":"Drug Dealer","floor":30,"gold_loss":0}],"is_beta":false,"boss_relics":[{"not_picked":["Empty Cage","Calling Bell"],"picked":"Black Star"}],"items_purged_floors":[],"is_endless":false,"potions_floor_spawned":[4,6,12,19,27],"killed_by":"Collector","ascension_level":0}}