{"host":"yiit85oc4oi3nqs8","time":1609519718,"event":{"mods":["AchievementEnabler","BaseMod","Better Third Choice","Block Reminder","Card Forge","DeckTracker","Highlight Path","Keyboard Shortcuts","Minty Spire (QoL Compilation)","MonsterHotkey","Quick Restart","Random Character Button","Relic Stats","StSLib"],"gold_per_floor":[118,128,139,153,153,178,178],"floor_reached":6,"playtime":436,"items_purged":[],"score":75,"play_id":"e0d75cee-8ff6-4a30-9412-302d7197f2eb","local_time":"20210102014838","is_ascension_mode":true,"campfire_choices":[],"circlet_count":0,"master_deck":["Feed+1","Dropkick+1","Seeing Red+1","Thunderclap+1"],"relics":["Burning Blood","Hammer of Thor","Seething Fire","Anvil of the Gods","Happy Flower"],"acts_visited":["Exordium"],"potions_floor_usage":[],"damage_taken":[{"damage":0,"enemies":"Small Slimes","floor":1,"turns":1},{"damage":0,"enemies":"Jaw Worm","floor":2,"turns":1},{"damage":0,"enemies":"2 Louse","floor":3,"turns":1},{"damage":0,"enemies":"Exordium Wildlife","floor":4,"turns":1},{"damage":36,"enemies":"Lagavulin","floor":6,"turns":4}],"seed_played":"-5009894757336623472","potions_obtained":[{"floor":1,"key":"EntropicBrew"},{"floor":2,"key":"Dexterity Potion"},{"floor":4,"key":"Dexterity Potion"}],"is_trial":false,"path_per_floor":["M","M","M","M","?","E"],"character_chosen":"IRONCLAD","items_purchased":[],"campfire_rested":0,"item_purchase_floors":[],"current_hp_per_floor":[88,92,96,100,100,74,74],"gold":178,"neow_bonus":"TEN_PERCENT_HP_BONUS","is_daily":false,"chose_seed":false,"campfire_upgraded":0,"win_rate":0.0,"timestamp":1609519718,"path_taken":["M","M","M","M","?","E"],"items_purchased_type":[],"build_version":"2020-12-22","purchased_purges":0,"victory":false,"max_hp_per_floor":[88,92,96,100,100,104,104],"relic_stats":{"Happy Flower":[0],"counters":[5,8],"obtain_stats":[{"Happy Flower":6,"Anvil of the Gods":0,"Hammer of Thor":0,"Seething Fire":0,"Burning Blood":0},{"Happy Flower":5,"Anvil of the Gods":0,"Hammer of Thor":0,"Seething Fire":0,"Burning Blood":0},{"Happy Flower":8,"Anvil of the Gods":0,"Hammer of Thor":0,"Seething Fire":0,"Burning Blood":0}],"Burning Blood":6},"card_choices":[{"not_picked":["Dark Embrace","Sever Soul","Headbutt"],"picked":"SKIP","floor":1},{"not_picked":["Shockwave","Cleave","Reckless Charge"],"picked":"SKIP","floor":2},{"not_picked":["Clash","Pommel Strike","Cleave"],"picked":"SKIP","floor":3},{"not_picked":["Dark Embrace","Clash","Sword Boomerang"],"picked":"SKIP","floor":4},{"not_picked":["Heavy Blade","Anger","Sword Boomerang"],"picked":"SKIP","floor":6}],"player_experience":430250,"relics_obtained":[{"floor":6,"key":"Happy Flower"}],"event_choices":[{"cards_removed":["Double Tap"],"damage_healed":0,"gold_gain":0,"player_choice":"Forget","damage_taken":0,"max_hp_gain":0,"max_hp_loss":0,"event_name":"Living Wall","floor":5,"gold_loss":0}],"is_beta":false,"boss_relics":[],"items_purged_floors":[],"is_endless":false,"potions_floor_spawned":[1,2,4],"killed_by":"Lagavulin","ascension_level":1}}