{"host":"s41rn2jhghpwfrvz","time":1609521287,"event":{"mods":["BaseMod","Minty Spire (QoL Compilation)","Quick Restart","Relic Stats","SuperFastMode"],"gold_per_floor":[111,126,51,51,70,70,95,142,165,196,121,140,159,190,190,263,263,281,300,317,334,347,347,347,347],"floor_reached":24,"playtime":683,"items_purged":["Flame Barrier"],"score":540,"play_id":"c4ec6569-9b93-4793-afef-316a1e713f3a","local_time":"20210101191447","daily_mods":["SealedDeck","Vintage","Diverse"],"is_ascension_mode":true,"campfire_choices":[{"data":"Coolheaded","floor":6,"key":"SMITH"},{"data":"1","floor":15,"key":"LIFT"},{"data":"2","floor":23,"key":"LIFT"}],"circlet_count":0,"master_deck":["AscendersBane","Coolheaded+1","Evaluate","True Grit","WheelKick","Caltrops","Gash","Darkness+1","Bludgeon+1","Reaper+1"],"relics":["Burning Blood","Vajra","Ice Cream","Lantern","MealTicket","Potion Belt","Paper Frog","Darkstone Periapt","Girya","Mummified Hand","Astrolabe","Toxic Egg 2","Molten Egg 2","Bag of Marbles","StrikeDummy","Orichalcum"],"acts_visited":["Exordium","TheCity"],"potions_floor_usage":[16,19,19,19,24,24,24],"damage_taken":[{"damage":0,"enemies":"Small Slimes","floor":1,"turns":2},{"damage":1,"enemies":"Jaw Worm","floor":2,"turns":3},{"damage":0,"enemies":"2 Louse","floor":5,"turns":1},{"damage":0,"enemies":"Lagavulin","floor":7,"turns":5},{"damage":4,"enemies":"Gremlin Nob","floor":10,"turns":3},{"damage":1,"enemies":"2 Fungi Beasts","floor":12,"turns":2},{"damage":0,"enemies":"Red Slaver","floor":13,"turns":2},{"damage":0,"enemies":"Lagavulin","floor":14,"turns":4},{"damage":28,"enemies":"Hexaghost","floor":16,"turns":7},{"damage":25,"enemies":"Shell Parasite","floor":18,"turns":3},{"damage":5,"enemies":"2 Thieves","floor":19,"turns":3},{"damage":27,"enemies":"Cultist and Chosen","floor":20,"turns":5},{"damage":26,"enemies":"Centurion and Healer","floor":21,"turns":4},{"damage":19,"enemies":"Snake Plant","floor":22,"turns":4},{"damage":64,"enemies":"Book of Stabbing","floor":24,"turns":5}],"seed_played":"1246232005490848996","potions_obtained":[{"floor":2,"key":"DistilledChaos"},{"floor":5,"key":"DistilledChaos"},{"floor":12,"key":"BloodPotion"},{"floor":13,"key":"ElixirPotion"},{"floor":16,"key":"Fire Potion"},{"floor":20,"key":"Fruit Juice"},{"floor":22,"key":"LiquidMemories"}],"is_trial":true,"path_per_floor":["M","M","?","$","M","R","E","T","T","E","$","M","M","E","R","B",null,"M","M","M","M","M","R","E"],"character_chosen":"IRONCLAD","items_purchased":[],"campfire_rested":0,"item_purchase_floors":[],"current_hp_per_floor":[74,75,75,75,75,75,75,75,75,75,75,75,75,75,75,68,73,54,62,54,55,47,47,0,0],"gold":347,"neow_bonus":"","is_daily":false,"chose_seed":false,"campfire_upgraded":1,"win_rate":0.0,"timestamp":1609521287,"path_taken":["M","M","?","$","M","R","E","?","T","E","$","M","M","E","R","BOSS","M","M","M","M","M","R","E"],"items_purchased_type":[],"build_version":"2020-12-22","purchased_purges":1,"victory":false,"max_hp_per_floor":[75,75,75,75,75,75,75,75,75,75,75,75,75,75,75,75,75,75,75,75,75,75,75,80,80],"relic_stats":{"Darkstone Periapt":0,"counters":[15,53],"Mummified Hand":[8],"Astrolabe":["Darkness","Bludgeon","Reaper"],"MealTicket":0,"Orichalcum":[0],"obtain_stats":[{"Ice Cream":2,"Potion Belt":9,"Darkstone Periapt":12,"Girya":13,"Lantern":5,"Astrolabe":17,"Vajra":1,"Orichalcum":22,"Burning Blood":0,"Mummified Hand":14,"MealTicket":7,"Molten Egg 2":19,"Bag of Marbles":20,"Toxic Egg 2":18,"StrikeDummy":21,"Paper Frog":10},{"Ice Cream":2,"Potion Belt":4,"Darkstone Periapt":6,"Girya":7,"Lantern":3,"Astrolabe":9,"Vajra":1,"Orichalcum":14,"Burning Blood":0,"Mummified Hand":8,"MealTicket":4,"Molten Egg 2":11,"Bag of Marbles":12,"Toxic Egg 2":10,"StrikeDummy":13,"Paper Frog":5},{"Ice Cream":5,"Potion Belt":11,"Darkstone Periapt":16,"Girya":18,"Lantern":6,"Astrolabe":29,"Vajra":2,"Orichalcum":48,"Burning Blood":0,"Mummified Hand":22,"MealTicket":11,"Molten Egg 2":35,"Bag of Marbles":40,"Toxic Egg 2":32,"StrikeDummy":44,"Paper Frog":14}],"Burning Blood":49},"card_choices":[{"not_picked":["Stack","BootSequence","Hyperbeam"],"picked":"SKIP","floor":7},{"not_picked":["Armaments","Redo","Melter"],"picked":"SKIP","floor":10},{"not_picked":["Armaments","Redo","Melter"],"picked":"SKIP","floor":10},{"not_picked":["Intimidate","DeusExMachina","Sweeping Beam"],"picked":"SKIP","floor":14},{"not_picked":["Fiend Fire","Brilliance"],"picked":"Meteor Strike","floor":16}],"player_experience":1636009,"relics_obtained":[{"floor":1,"key":"Vajra"},{"floor":2,"key":"Ice Cream"},{"floor":5,"key":"Lantern"},{"floor":7,"key":"MealTicket"},{"floor":9,"key":"Potion Belt"},{"floor":10,"key":"Paper Frog"},{"floor":12,"key":"Darkstone Periapt"},{"floor":13,"key":"Girya"},{"floor":14,"key":"Mummified Hand"},{"floor":18,"key":"Toxic Egg 2"},{"floor":19,"key":"Molten Egg 2"},{"floor":20,"key":"Bag of Marbles"},{"floor":21,"key":"StrikeDummy"},{"floor":22,"key":"Orichalcum"}],"event_choices":[{"cards_removed":["Consecrate"],"damage_healed":0,"gold_gain":0,"player_choice":"Card Removal","damage_taken":0,"max_hp_gain":0,"max_hp_loss":0,"event_name":"The Cleric","floor":3,"gold_loss":75}],"is_beta":false,"boss_relics":[{"not_picked":["Tiny House","Busted Crown"],"picked":"Astrolabe"}],"items_purged_floors":[11],"is_endless":false,"potions_floor_spawned":[2,5,12,13,16,18,20,22],"killed_by":"Book of Stabbing","ascension_level":20}}