{"host":"54vghy6hfkyy1r39","time":1609496377,"event":{"mods":["AchievementEnabler","BaseMod","Minty Spire (QoL Compilation)","StSLib","SuperFastMode","everything is the same but u backflip on backflip"],"gold_per_floor":[114,114,124,124,137,163,88,88,88,88,107,140,154,8,8,8,8],"floor_reached":16,"playtime":262,"items_purged":["Defend_P"],"score":110,"play_id":"5dc482ba-15ee-4381-af28-9f38e161eb88","local_time":"20210101191937","is_ascension_mode":false,"campfire_choices":[{"floor":8,"key":"REST"},{"floor":10,"key":"DIG"},{"floor":15,"key":"REST"}],"circlet_count":0,"master_deck":["Strike_P","Strike_P","Strike_P","Strike_P","Defend_P","Defend_P","Defend_P","Eruption+1","Vigilance","Tantrum","FlurryOfBlows","Tantrum"],"relics":["PureWater","NeowsBlessing","Shovel","Mummified Hand","Juzu Bracelet","Mercury Hourglass","Anchor"],"acts_visited":["Exordium"],"potions_floor_usage":[12,13,16],"damage_taken":[{"damage":0.0,"enemies":"2 Louse","floor":1.0,"turns":1.0},{"damage":0.0,"enemies":"Cultist","floor":3.0,"turns":1.0},{"damage":0,"enemies":"Small Slimes","floor":5,"turns":1},{"damage":62,"enemies":"3 Sentries","floor":6,"turns":7},{"damage":7,"enemies":"Blue Slaver","floor":11,"turns":3},{"damage":44,"enemies":"Lagavulin","floor":12,"turns":4},{"damage":0,"enemies":"2 Fungi Beasts","floor":13,"turns":1},{"damage":41,"enemies":"The Guardian","floor":16,"turns":3}],"seed_played":"7518876628149075406","potions_obtained":[{"floor":1.0,"key":"DistilledChaos"},{"floor":2.0,"key":"EssenceOfSteel"},{"floor":2.0,"key":"Explosive Potion"},{"floor":2.0,"key":"Fruit Juice"},{"floor":3.0,"key":"StancePotion"},{"floor":11,"key":"FairyPotion"},{"floor":13,"key":"BlessingOfTheForge"}],"is_trial":false,"path_per_floor":["M","?","M","?","M","E","$","R","T","R","M","E","M","$","R","B"],"character_chosen":"WATCHER","items_purchased":["Anchor"],"campfire_rested":2,"item_purchase_floors":[14],"current_hp_per_floor":[72,77,77,77,77,15,15,38,38,38,31,10,10,10,33,0,0],"gold":8,"neow_bonus":"THREE_ENEMY_KILL","is_daily":false,"chose_seed":false,"campfire_upgraded":0,"win_rate":0.0,"timestamp":1609496377,"path_taken":["M","?","?","?","M","E","$","R","T","R","M","E","M","$","R","BOSS"],"items_purchased_type":["Relic"],"build_version":"2020-12-22","purchased_purges":1,"victory":false,"max_hp_per_floor":[72,77,77,77,77,77,77,77,77,77,77,77,77,77,77,77,77],"card_choices":[{"not_picked":["Swivel","ClearTheMind","JustLucky"],"picked":"SKIP","floor":1.0},{"not_picked":["ReachHeaven","ThirdEye","FlyingSleeves"],"picked":"SKIP","floor":3.0},{"not_picked":["SandsOfTime","FollowUp"],"picked":"Tantrum","floor":5},{"not_picked":["ForeignInfluence","WreathOfFlame","MentalFortress"],"picked":"SKIP","floor":6},{"not_picked":["CrushJoints","EmptyFist","ReachHeaven"],"picked":"SKIP","floor":11},{"not_picked":["ThirdEye","Collect"],"picked":"FlurryOfBlows","floor":12},{"not_picked":["SandsOfTime","SashWhip"],"picked":"Tantrum","floor":13}],"player_experience":168271,"relics_obtained":[{"floor":6,"key":"Shovel"},{"floor":9,"key":"Mummified Hand"},{"floor":10,"key":"Juzu Bracelet"},{"floor":12,"key":"Mercury Hourglass"}],"event_choices":[{"damage_healed":0.0,"max_hp_gain":0.0,"max_hp_loss":0.0,"gold_gain":0.0,"event_name":"Lab","player_choice":"Got Potions","floor":2.0,"gold_loss":0.0,"damage_taken":0.0},{"damage_healed":0,"gold_gain":0,"player_choice":"Grow","damage_taken":0,"max_hp_gain":0,"max_hp_loss":0,"event_name":"Living Wall","floor":4,"gold_loss":0,"cards_upgraded":["Eruption"]}],"is_beta":false,"boss_relics":[],"items_purged_floors":[7],"is_endless":false,"potions_floor_spawned":[1,3,11,13],"killed_by":"The Guardian","ascension_level":0}}