{"host":"982whgfapomb3lkp","time":1609471077,"event":{"mods":["AchievementEnabler","BaseMod","Colored Map","Minty Spire (QoL Compilation)","Relic Stats"],"gold_per_floor":[109,73,73,90,102,102,116,147,147,180,180,126,139,150,150,245,245,262,262,262,275,275,275,275,275],"floor_reached":24,"playtime":1521,"items_purged":[],"score":247,"play_id":"b101190f-9ba3-4685-abbc-2a3ac5e2bce2","local_time":"20201231221757","is_ascension_mode":true,"campfire_choices":[{"data":"Well Laid Plans","floor":6,"key":"SMITH"},{"floor":11,"key":"REST"},{"floor":15,"key":"REST"},{"floor":23,"key":"REST"}],"circlet_count":0,"master_deck":["Neutralize","Infinite Blades","Cloak And Dagger","Well Laid Plans+1","Heel Hook","Storm of Steel","Endless Agony","Corpse Explosion","PiercingWail","Flying Knee","Bouncing Flask","Bane","Dagger Spray","Deadly Poison","Noxious Fumes","Deadly Poison","Poisoned Stab","Acrobatics","Tools of the Trade","Prepared+1","Grand Finale+1","Choke+1","Dodge and Roll+1","Poisoned Stab","Noxious Fumes"],"relics":["Pandora\u0027s Box","Toy Ornithopter","Omamori","Darkstone Periapt","Astrolabe"],"acts_visited":["Exordium","TheCity"],"potions_floor_usage":[10,14,21],"damage_taken":[{"damage":0,"enemies":"Cultist","floor":1,"turns":3},{"damage":6,"enemies":"Jaw Worm","floor":4,"turns":3},{"damage":0,"enemies":"2 Louse","floor":5,"turns":1},{"damage":24,"enemies":"Large Slime","floor":7,"turns":4},{"damage":16,"enemies":"3 Sentries","floor":8,"turns":4},{"damage":20,"enemies":"Lagavulin","floor":10,"turns":6},{"damage":5,"enemies":"Looter","floor":13,"turns":2},{"damage":22,"enemies":"Exordium Thugs","floor":14,"turns":3},{"damage":22,"enemies":"Hexaghost","floor":16,"turns":7},{"damage":22,"enemies":"2 Thieves","floor":18,"turns":2},{"damage":27,"enemies":"Spheric Guardian","floor":21,"turns":4},{"damage":0,"enemies":"Cultist and Chosen","floor":24,"turns":1}],"seed_played":"-6623931817506225894","potions_obtained":[{"floor":4,"key":"PowerPotion"},{"floor":7,"key":"GamblersBrew"},{"floor":13,"key":"Explosive Potion"},{"floor":16,"key":"AttackPotion"},{"floor":18,"key":"BlessingOfTheForge"}],"is_trial":false,"path_per_floor":["M","$","?","M","M","R","M","E","T","E","R","$","M","M","R","B",null,"M","?","?","M","?","R","M"],"character_chosen":"THE_SILENT","items_purchased":["Bouncing Flask","Deadly Poison"],"campfire_rested":3,"item_purchase_floors":[2,12],"current_hp_per_floor":[70,70,70,64,64,64,40,24,24,9,30,30,25,8,29,7,70,48,48,48,26,26,47,47,47],"gold":275,"neow_bonus":"BOSS_RELIC","is_daily":false,"chose_seed":false,"campfire_upgraded":1,"win_rate":0.0,"timestamp":1609471077,"path_taken":["M","?","?","M","M","R","M","E","T","E","R","?","M","M","R","BOSS","M","?","?","M","?","R","M"],"items_purchased_type":["Card","Card"],"build_version":"2020-12-22","purchased_purges":0,"victory":false,"max_hp_per_floor":[70,70,70,70,70,70,70,70,70,70,70,70,70,70,70,70,70,70,70,70,70,70,70,70,70],"relic_stats":{"Darkstone Periapt":0,"counters":[12,40],"Astrolabe":["Prepared","Grand Finale","Choke"],"Pandora\u0027s Box":["Infinite Blades","Cloak And Dagger","Cloak And Dagger","Well Laid Plans","Heel Hook","Storm of Steel","Endless Agony","Corpse Explosion","PiercingWail","Endless Agony"],"obtain_stats":[{"Darkstone Periapt":10,"Astrolabe":17,"Pandora\u0027s Box":0,"Omamori":9,"Toy Ornithopter":8,"Ring of the Snake":0},{"Darkstone Periapt":6,"Astrolabe":9,"Pandora\u0027s Box":0,"Omamori":5,"Toy Ornithopter":5,"Ring of the Snake":0},{"Darkstone Periapt":21,"Astrolabe":33,"Pandora\u0027s Box":0,"Omamori":15,"Toy Ornithopter":15,"Ring of the Snake":0}],"Toy Ornithopter":15},"card_choices":[{"not_picked":["Underhanded Strike","Slice"],"picked":"Flying Knee","floor":1},{"not_picked":["Sucker Punch","Slice"],"picked":"Bane","floor":4},{"not_picked":["Masterful Stab","Skewer"],"picked":"Dagger Spray","floor":5},{"not_picked":["Dagger Spray","Infinite Blades"],"picked":"Deadly Poison","floor":7},{"not_picked":["PiercingWail","Predator"],"picked":"Noxious Fumes","floor":8},{"not_picked":["Flechettes","Grand Finale","Riddle With Holes"],"picked":"SKIP","floor":10},{"not_picked":["Underhanded Strike","Dagger Throw"],"picked":"Poisoned Stab","floor":13},{"not_picked":["Underhanded Strike","Bane"],"picked":"Acrobatics","floor":14},{"not_picked":["Bullet Time","Envenom"],"picked":"Tools of the Trade","floor":16},{"not_picked":["Sucker Punch","Dagger Spray"],"picked":"Dodge and Roll+1","floor":18},{"not_picked":["Dodge and Roll+1","Expertise"],"picked":"Poisoned Stab","floor":21}],"player_experience":426804,"relics_obtained":[{"floor":8,"key":"Toy Ornithopter"},{"floor":9,"key":"Omamori"},{"floor":10,"key":"Darkstone Periapt"}],"event_choices":[{"damage_healed":0,"gold_gain":0,"player_choice":"Ignored","damage_taken":0,"max_hp_gain":0,"max_hp_loss":0,"event_name":"Liars Game","floor":3,"gold_loss":0},{"damage_healed":0,"gold_gain":0,"player_choice":"Ignored","damage_taken":0,"max_hp_gain":0,"max_hp_loss":0,"event_name":"Ghosts","floor":19,"gold_loss":0},{"damage_healed":0,"gold_gain":0,"player_choice":"Ignored","damage_taken":0,"max_hp_gain":0,"max_hp_loss":0,"event_name":"Vampires","floor":20,"gold_loss":0},{"damage_healed":0,"gold_gain":0,"player_choice":"Copied","damage_taken":0,"max_hp_gain":0,"max_hp_loss":0,"event_name":"Duplicator","floor":22,"gold_loss":0,"cards_obtained":["Noxious Fumes"]}],"is_beta":false,"boss_relics":[{"not_picked":["Velvet Choker","SacredBark"],"picked":"Astrolabe"}],"items_purged_floors":[],"is_endless":false,"potions_floor_spawned":[4,7,13,16,18],"killed_by":"Cultist and Chosen","ascension_level":4}}