{"host":"e4hse1vg61zltgzv","time":1609465754,"event":{"mods":["AchievementEnabler","BaseMod","Block Reminder","Colored Map","DeckTracker","GifTheSpireLib","Minty Spire (QoL Compilation)","Rare Cards Sparkle","StSLib","SuperFastMode","everything is the same but u backflip on backflip"],"gold_per_floor":[110,110,35,46,61,61,61,61,61,61,79,91,91,126,126,199,199,213,245,261,161,161,189,64,84,84,115,115,148,73,101,101,178,178,193,193,206,221,231,257,270,290,315,315,340,360,391,408,408,408,408,408,408,70,101,101],"floor_reached":57,"playtime":1157,"items_purged":["Defend_R","Defend_R","Defend_R+1"],"score":3794,"play_id":"1e2a23f9-0d53-494d-a242-3dd5c8b7a7ed","local_time":"20210101104914","is_ascension_mode":true,"campfire_choices":[{"data":"Entrench","floor":6,"key":"SMITH"},{"data":"Barricade","floor":8,"key":"SMITH"},{"data":"Entrench","floor":13,"key":"SMITH"},{"data":"Evolve","floor":15,"key":"SMITH"},{"data":"Body Slam","floor":28,"key":"SMITH"},{"data":"Impervious","floor":32,"key":"SMITH"},{"floor":44,"key":"RECALL"}],"circlet_count":0,"master_deck":["AscendersBane","Barricade+1","Shrug It Off+1","Body Slam+1","Entrench+1","Offering+1","Evolve+1","Battle Trance+1","Impervious+1"],"relics":["Burning Blood","War Paint","HornCleat","Runic Dome","Red Mask","MealTicket","Meat on the Bone","Gremlin Horn","White Beast Statue","Akabeko","Coffee Dripper","Strawberry","Nunchaku","Bag of Preparation","Singing Bowl","Anchor","ClockworkSouvenir","Lantern"],"acts_visited":["Exordium","TheCity","TheBeyond","TheEnding"],"potions_floor_usage":[11,23],"damage_taken":[{"damage":6,"enemies":"Jaw Worm","floor":1,"turns":4},{"damage":6,"enemies":"Cultist","floor":4,"turns":3},{"damage":6,"enemies":"Small Slimes","floor":5,"turns":4},{"damage":0,"enemies":"Exordium Wildlife","floor":11,"turns":3},{"damage":6,"enemies":"2 Fungi Beasts","floor":12,"turns":3},{"damage":6,"enemies":"Gremlin Nob","floor":14,"turns":3},{"damage":6,"enemies":"Hexaghost","floor":16,"turns":3},{"damage":6,"enemies":"Chosen","floor":18,"turns":2},{"damage":6,"enemies":"Masked Bandits","floor":19,"turns":2},{"damage":6,"enemies":"2 Thieves","floor":20,"turns":2},{"damage":6,"enemies":"Book of Stabbing","floor":23,"turns":2},{"damage":6,"enemies":"Sentry and Sphere","floor":25,"turns":3},{"damage":6,"enemies":"Gremlin Leader","floor":27,"turns":2},{"damage":6,"enemies":"Book of Stabbing","floor":29,"turns":1},{"damage":6,"enemies":"Slavers","floor":31,"turns":1},{"damage":6,"enemies":"Collector","floor":33,"turns":2},{"damage":0,"enemies":"Orb Walker","floor":35,"turns":2},{"damage":6,"enemies":"3 Darklings","floor":37,"turns":1},{"damage":6,"enemies":"4 Shapes","floor":38,"turns":1},{"damage":6,"enemies":"Maw","floor":39,"turns":2},{"damage":6,"enemies":"Reptomancer","floor":40,"turns":2},{"damage":6,"enemies":"Transient","floor":41,"turns":2},{"damage":6,"enemies":"Writhing Mass","floor":42,"turns":1},{"damage":6,"enemies":"Nemesis","floor":45,"turns":1},{"damage":6,"enemies":"3 Darklings","floor":46,"turns":1},{"damage":6,"enemies":"Reptomancer","floor":47,"turns":1},{"damage":6,"enemies":"Sphere and 2 Shapes","floor":48,"turns":1},{"damage":0,"enemies":"Time Eater","floor":50,"turns":2},{"damage":6,"enemies":"Awakened One","floor":51,"turns":2},{"damage":6,"enemies":"Shield and Spear","floor":55,"turns":1},{"damage":6,"enemies":"The Heart","floor":56,"turns":4}],"seed_played":"3579355068880103091","potions_obtained":[{"floor":4,"key":"Explosive Potion"},{"floor":11,"key":"SteroidPotion"},{"floor":14,"key":"Fruit Juice"},{"floor":23,"key":"GamblersBrew"},{"floor":27,"key":"Dexterity Potion"},{"floor":31,"key":"LiquidMemories"},{"floor":33,"key":"Swift Potion"}],"is_trial":false,"path_per_floor":["M","?","$","M","M","R","T","R","T","$","M","M","R","E","R","B",null,"M","?","M","$","?","E","$","M","T","E","R","E","?","E","R","B",null,"M","$","M","M","M","E","M","M","T","R","E","M","E","M","R","B","B",null,"R","$","E","B",null],"character_chosen":"IRONCLAD","items_purchased":["Anchor","ClockworkSouvenir"],"campfire_rested":0,"item_purchase_floors":[54,54],"current_hp_per_floor":[68,45,45,45,45,45,45,45,45,45,51,51,51,51,51,51,69,69,69,69,69,69,74,80,80,80,80,80,80,80,80,80,80,80,80,80,80,80,80,87,87,87,87,87,87,87,89,91,91,91,91,91,91,91,93,93],"gold":101,"neow_bonus":"REMOVE_CARD","is_daily":false,"chose_seed":false,"campfire_upgraded":6,"win_rate":0.0,"timestamp":1609465754,"path_taken":["M","?","$","M","M","R","?","R","T","?","?","M","R","E","R","BOSS","M","?","M","$","?","E","$","M","T","E","R","E","?","E","R","BOSS","M","$","M","M","M","E","M","M","T","R","E","M","E","M","R","BOSS","BOSS","R","$","E","BOSS"],"items_purchased_type":["Relic","Relic"],"build_version":"2020-12-22","purchased_purges":3,"victory":true,"max_hp_per_floor":[75,75,75,75,75,75,75,75,75,75,75,75,75,75,75,75,75,75,75,75,75,75,80,80,80,80,80,80,80,80,80,80,80,80,80,80,80,80,80,87,87,87,87,87,87,87,89,91,91,91,91,91,91,91,93,93],"card_choices":[{"not_picked":["Heavy Blade","True Grit","Pommel Strike"],"picked":"SKIP","floor":1},{"not_picked":["Warcry","Clothesline","Inflame"],"picked":"SKIP","floor":4},{"not_picked":["Evolve","Shockwave","Body Slam"],"picked":"SKIP","floor":5},{"not_picked":["Double Tap","Body Slam","Shockwave"],"picked":"SKIP","floor":11},{"not_picked":["Disarm","Twin Strike","Perfected Strike"],"picked":"SKIP","floor":12},{"not_picked":["Combust","Perfected Strike","Rampage"],"picked":"SKIP","floor":14},{"not_picked":["Havoc","Sword Boomerang+1","Twin Strike"],"picked":"SKIP","floor":18},{"not_picked":["Headbutt","Flex","Armaments"],"picked":"SKIP","floor":20},{"not_picked":["Double Tap","Infernal Blade+1","Uppercut"],"picked":"SKIP","floor":23},{"not_picked":["Iron Wave","Fire Breathing","Seeing Red"],"picked":"SKIP","floor":25},{"not_picked":["Metallicize","Rage","Heavy Blade"],"picked":"SKIP","floor":27},{"not_picked":["Wild Strike","Demon Form","Headbutt"],"picked":"SKIP","floor":29},{"not_picked":["Headbutt","Body Slam+1","Havoc"],"picked":"SKIP","floor":31},{"not_picked":["Bloodletting","Thunderclap","Body Slam"],"picked":"SKIP","floor":35},{"not_picked":["Armaments","Warcry","Twin Strike+1"],"picked":"SKIP","floor":37},{"not_picked":["Thunderclap","Pommel Strike","Sever Soul+1"],"picked":"SKIP","floor":38},{"not_picked":["Pommel Strike","Exhume","Power Through"],"picked":"SKIP","floor":39},{"not_picked":["Iron Wave","Flex","Shrug It Off+1"],"picked":"SKIP","floor":40},{"not_picked":["Rage","Iron Wave","Wild Strike"],"picked":"SKIP","floor":41},{"not_picked":["Warcry","Headbutt","Double Tap"],"picked":"SKIP","floor":42},{"not_picked":["Inflame","Thunderclap","Clothesline+1"],"picked":"SKIP","floor":45},{"not_picked":["Iron Wave","Wild Strike+1","Heavy Blade"],"picked":"SKIP","floor":46},{"not_picked":["Warcry","Sever Soul+1","Intimidate"],"picked":"Singing Bowl","floor":47},{"not_picked":["Corruption","True Grit","Metallicize"],"picked":"Singing Bowl","floor":48},{"not_picked":["Perfected Strike","Iron Wave+1","Armaments"],"picked":"Singing Bowl","floor":55}],"player_experience":769923,"relics_obtained":[{"floor":7,"key":"War Paint"},{"floor":14,"key":"HornCleat"},{"floor":19,"key":"Red Mask"},{"floor":23,"key":"MealTicket"},{"floor":26,"key":"Meat on the Bone"},{"floor":27,"key":"Gremlin Horn"},{"floor":29,"key":"White Beast Statue"},{"floor":31,"key":"Akabeko"},{"floor":40,"key":"Strawberry"},{"floor":43,"key":"Nunchaku"},{"floor":45,"key":"Bag of Preparation"},{"floor":47,"key":"Singing Bowl"},{"floor":55,"key":"Lantern"}],"event_choices":[{"damage_healed":0,"gold_gain":0,"player_choice":"Entered Light","damage_taken":23,"max_hp_gain":0,"max_hp_loss":0,"event_name":"Shining Light","floor":2,"gold_loss":0,"cards_upgraded":["Shrug It Off","Defend_R"]},{"damage_healed":0,"gold_gain":0,"player_choice":"Fought Bandits","damage_taken":0,"max_hp_gain":0,"max_hp_loss":0,"event_name":"Masked Bandits","floor":19,"gold_loss":0},{"damage_healed":0,"gold_gain":0,"player_choice":"Read","damage_taken":0,"max_hp_gain":0,"max_hp_loss":0,"event_name":"The Library","floor":22,"gold_loss":0,"cards_obtained":["Impervious"]},{"cards_removed":["Entrench"],"damage_healed":0,"gold_gain":0,"player_choice":"Gave Gold","damage_taken":0,"max_hp_gain":0,"max_hp_loss":0,"event_name":"Beggar","floor":30,"gold_loss":75}],"is_beta":false,"boss_relics":[{"not_picked":["Ectoplasm","Snecko Eye"],"picked":"Runic Dome"},{"not_picked":["Runic Cube","SacredBark"],"picked":"Coffee Dripper"}],"items_purged_floors":[3,21,24],"is_endless":false,"potions_floor_spawned":[4,11,14,23,25,27,31,33,35,37,38,39,40,41,42,45,46,47,48,55],"ascension_level":20}}