{"host":"icrrc9b69c1a6188","time":1609484868,"event":{"mods":["Act Like it!","BaseMod","Bestiary","Better Altar","Better Match","Better Note","Better Sensory Stone","Better Skull","Better Third Choice","Block Reminder","Colored Map","Colored Powertips","Curses Come First","Displayed Cursed Tome","Faster Ascension Climbing","HexUI Lib","Jorbs\u0027s Wanderer Trilogy","Minty Spire (QoL Compilation)","Quick Restart","RNG Fix","Random Character Mod","Rare Cards Sparkle","Spicy Shops","StSLib","Unceasing Turn Reminder"],"gold_per_floor":[112,130,55,55,55,72,72,72,72,86,86,86,161,172,172,247,247,263,15,32,47,47,47],"floor_reached":22,"playtime":906,"items_purged":["Dark Embrace","Bash"],"score":352,"play_id":"e9eb69c4-ac57-4345-8247-bd9783043742","local_time":"20210101010748","is_ascension_mode":true,"campfire_choices":[{"data":"Disarm","floor":7,"key":"SMITH"},{"data":"Intimidate","floor":12,"key":"SMITH"},{"data":"Fire Breathing","floor":15,"key":"SMITH"}],"circlet_count":0,"master_deck":["AscendersBane","Fire Breathing+1","Shockwave","Immolate","Whirlwind","Rampage","Rampage","Disarm+1","Intimidate+1","Power Through","Headbutt","Shrug It Off+1","Spot Weakness+1","Demon Form","True Grit+1","Evolve","Warcry+1","Warcry+1"],"relics":["Pandora\u0027s Box","Toxic Egg 2","Busted Crown"],"acts_visited":["Exordium","TheCity"],"potions_floor_usage":[16,20,22,22],"damage_taken":[{"damage":6,"enemies":"Cultist","floor":1,"turns":3},{"damage":10,"enemies":"Small Slimes","floor":2,"turns":3},{"damage":0,"enemies":"Jaw Worm","floor":6,"turns":3},{"damage":4,"enemies":"2 Fungi Beasts","floor":10,"turns":2},{"damage":0,"enemies":"Looter","floor":14,"turns":4},{"damage":28,"enemies":"Slime Boss","floor":16,"turns":5},{"damage":15,"enemies":"Chosen","floor":18,"turns":5},{"damage":7,"enemies":"Spheric Guardian","floor":20,"turns":4},{"damage":23,"enemies":"Shelled Parasite and Fungi","floor":21,"turns":5},{"damage":19,"enemies":"Masked Bandits","floor":22,"turns":3}],"seed_played":"7261845425783278369","potions_obtained":[{"floor":2,"key":"ColorlessPotion"},{"floor":6,"key":"LiquidMemories"},{"floor":14,"key":"AttackPotion"},{"floor":18,"key":"GamblersBrew"},{"floor":20,"key":"ColorlessPotion"}],"is_trial":false,"path_per_floor":["M","M","$","?","?","M","R","?","T","M","?","R","?","M","R","B",null,"M","$","M","M","?"],"character_chosen":"IRONCLAD","items_purchased":["True Grit+1","Evolve","Warcry+1"],"campfire_rested":0,"item_purchase_floors":[19,19,19],"current_hp_per_floor":[62,52,52,57,57,57,57,57,57,53,55,55,44,44,44,16,64,49,49,42,19,0,0],"gold":47,"neow_bonus":"BOSS_RELIC","is_daily":false,"chose_seed":false,"campfire_upgraded":3,"win_rate":0.0,"timestamp":1609484868,"path_taken":["M","M","$","?","?","M","R","?","T","?","?","R","?","M","R","BOSS","M","$","M","M","?"],"items_purchased_type":["Card","Card","Card"],"build_version":"2020-12-22","purchased_purges":2,"victory":false,"max_hp_per_floor":[75,75,75,80,80,80,80,80,80,80,80,80,80,80,80,80,80,80,80,80,80,80,80],"card_choices":[{"not_picked":["Spot Weakness","Searing Blow"],"picked":"Power Through","floor":1},{"not_picked":["Perfected Strike","Havoc","Cleave"],"picked":"SKIP","floor":2},{"not_picked":["Carnage","True Grit"],"picked":"Headbutt","floor":6},{"not_picked":["Havoc+1","True Grit+1"],"picked":"Shrug It Off+1","floor":10},{"not_picked":["Warcry+1","Clothesline"],"picked":"Spot Weakness+1","floor":14},{"not_picked":["Brutality","Corruption"],"picked":"Demon Form","floor":16},{"not_picked":["Clash"],"picked":"SKIP","floor":18},{"not_picked":[],"picked":"Warcry+1","floor":20},{"not_picked":["Anger"],"picked":"SKIP","floor":21}],"player_experience":716575,"relics_obtained":[{"floor":9,"key":"Toxic Egg 2"}],"event_choices":[{"damage_healed":0,"gold_gain":0,"player_choice":"Donut","damage_taken":0,"max_hp_gain":5,"max_hp_loss":0,"event_name":"Big Fish","floor":4,"gold_loss":0},{"cards_removed":["Immolate"],"damage_healed":0,"gold_gain":0,"player_choice":"Give","damage_taken":0,"max_hp_gain":0,"max_hp_loss":0,"event_name":"betterNote:BetterNote","floor":5,"gold_loss":0,"cards_obtained":["None"]},{"damage_healed":0,"gold_gain":0,"player_choice":"Ignored","damage_taken":72,"max_hp_gain":0,"max_hp_loss":0,"event_name":"betterThird:BetterSerpent","floor":8,"gold_loss":0},{"damage_healed":2,"gold_gain":0,"player_choice":"LEAVE ","damage_taken":0,"relics_obtained":[],"max_hp_gain":0,"max_hp_loss":0,"event_name":"betterSkull:BetterSkull","floor":11,"gold_loss":0,"cards_upgraded":[]},{"damage_healed":0,"gold_gain":75,"player_choice":"Gold","damage_taken":11,"max_hp_gain":0,"max_hp_loss":0,"event_name":"betterThird:BetterGoop","floor":13,"gold_loss":0},{"damage_healed":0,"gold_gain":0,"player_choice":"Fought Bandits","damage_taken":0,"max_hp_gain":0,"max_hp_loss":0,"event_name":"Masked Bandits","floor":22,"gold_loss":0}],"is_beta":false,"boss_relics":[{"not_picked":["Ectoplasm","Astrolabe"],"picked":"Busted Crown"}],"items_purged_floors":[3,19],"is_endless":false,"potions_floor_spawned":[2,6,14,18,20,21],"killed_by":"Masked Bandits","ascension_level":20}}