{"host":"44cj7v9849ev3ii0","time":1609476930,"event":{"mods":["BaseMod","Colored Powertips","Marisa£®ÏF”Í°°ƒß¿Ì…≥£©","Minty Spire (QoL Compilation)","Replay The Spire","Shop Mod","StSLib","The Cursed"],"gold_per_floor":[112,112,127,127,146,146,190,260,260,299,324,324,324],"floor_reached":12,"playtime":746,"items_purged":[],"score":92,"play_id":"d18cc37b-59b0-4045-964f-26d80b767a27","local_time":"20210101125530","is_ascension_mode":true,"campfire_choices":[{"data":"Apotheosis","floor":6,"key":"SMITH"}],"circlet_count":0,"master_deck":["TheCursedMod:Strike_TheCursed","TheCursedMod:Strike_TheCursed","TheCursedMod:Strike_TheCursed","TheCursedMod:Strike_TheCursed","TheCursedMod:Defend_TheCursed","TheCursedMod:Defend_TheCursed","TheCursedMod:Defend_TheCursed","TheCursedMod:Defend_TheCursed","TheCursedMod:CursedWand","TheCursedMod:CleanUpWorkshop","TheCursedMod:Dregs","Apotheosis+1","TheCursedMod:SurpriseAttack","Injury","TheCursedMod:WearCloak","TheCursedMod:ManaBullet","TheCursedMod:Stretching","TheCursedMod:Hemoplague","TheCursedMod:FuryStrike","TheCursedMod:CursedBoomerang"],"relics":["TheCursedMod:BlackMagic101","Golden Idol","Replay:PocketPolymizer","Replay:Baseball","Kunai","MealTicket"],"acts_visited":["Exordium"],"potions_floor_usage":[],"damage_taken":[{"damage":7,"enemies":"Jaw Worm","floor":1,"turns":4},{"damage":0,"enemies":"Small Slimes","floor":3,"turns":4},{"damage":0,"enemies":"2 Louse","floor":5,"turns":3},{"damage":24,"enemies":"Gremlin Nob","floor":7,"turns":6},{"damage":0,"enemies":"Gremlin Nob","floor":8,"turns":4},{"damage":19,"enemies":"Lagavulin","floor":10,"turns":7},{"damage":0,"enemies":"Exordium Wildlife","floor":11,"turns":5},{"damage":22,"enemies":"Gremlin Nob","floor":12,"turns":3}],"seed_played":"-4197765061042064850","potions_obtained":[{"floor":1,"key":"SpeedPotion"},{"floor":7,"key":"Death Potion"},{"floor":8,"key":"BlessingOfTheForge"}],"is_trial":false,"path_per_floor":["M","?","M","$","M","R","E","?","T","E","M","E"],"character_chosen":"THE_CURSED","items_purchased":[],"campfire_rested":0,"item_purchase_floors":[],"current_hp_per_floor":[61,61,61,61,61,61,37,37,37,18,18,0,0],"gold":324,"neow_bonus":"RANDOM_COLORLESS_2","is_daily":false,"chose_seed":false,"campfire_upgraded":1,"win_rate":0.0,"timestamp":1609476930,"path_taken":["M","?","M","$","M","R","E","?","T","E","M","E"],"items_purchased_type":[],"build_version":"2020-12-22","purchased_purges":0,"victory":false,"max_hp_per_floor":[68,68,68,68,68,68,68,68,68,68,68,68,68],"card_choices":[{"not_picked":["HandOfGreed","Metamorphosis"],"picked":"Apotheosis","floor":0},{"not_picked":["TheCursedMod:RavingStaff","TheCursedMod:StingEye"],"picked":"TheCursedMod:SurpriseAttack","floor":1},{"not_picked":["TheCursedMod:CursedShiv","TheCursedMod:Wield"],"picked":"TheCursedMod:WearCloak","floor":3},{"not_picked":["TheCursedMod:CursedAmulet","TheCursedMod:FleshFromBone"],"picked":"TheCursedMod:ManaBullet","floor":5},{"not_picked":["TheCursedMod:Torture","TheCursedMod:SmokeScreen"],"picked":"TheCursedMod:Stretching","floor":7},{"not_picked":["TheCursedMod:ReleasedStrength","TheCursedMod:CursedArmor"],"picked":"TheCursedMod:Hemoplague","floor":8},{"not_picked":["TheCursedMod:UltimatePain","TheCursedMod:CursedArmor"],"picked":"TheCursedMod:FuryStrike","floor":10},{"not_picked":["TheCursedMod:CursedArmor","TheCursedMod:CursedMace"],"picked":"TheCursedMod:CursedBoomerang","floor":11}],"player_experience":22191,"relics_obtained":[{"floor":7,"key":"Replay:PocketPolymizer"},{"floor":9,"key":"Kunai"},{"floor":10,"key":"MealTicket"}],"event_choices":[{"damage_healed":0,"gold_gain":0,"player_choice":"Take Wound","damage_taken":0,"relics_obtained":["Golden Idol"],"max_hp_gain":0,"max_hp_loss":0,"event_name":"Golden Idol","floor":2,"gold_loss":0,"cards_obtained":["Injury"]},{"damage_healed":0,"gold_gain":0,"player_choice":"Searched \u00272\u0027 times","damage_taken":0,"relics_obtained":["Replay:Baseball"],"max_hp_gain":0,"max_hp_loss":0,"event_name":"Dead Adventurer","floor":8,"gold_loss":0}],"is_beta":false,"boss_relics":[],"items_purged_floors":[],"is_endless":false,"potions_floor_spawned":[1,7,8],"killed_by":"Gremlin Nob","ascension_level":1}}