{"host":"xj2wyr3bqqv4irjd","time":1609505685,"event":{"mods":["Act Like it!","BaseMod","Colored Map","Colored Powertips","Downfall","Hermit","Highlight Path","Jorbs\u0027s Wanderer Trilogy","Lobotomy","Marisa£®ÏF”Í°°ƒß¿Ì…≥£©","Minty Spire (QoL Compilation)","Quick Restart","Rare Cards Sparkle","Replay The Spire","StSLib"],"gold_per_floor":[110,125,125,141,156,189,189,222,249,249,281,299,329,92,92,189,189,189,189,189,104,104,104],"floor_reached":22,"playtime":1678,"items_purged":[],"score":278,"play_id":"802bfa10-8fb5-42fd-b7d1-841379c386e7","local_time":"20210101205445","is_ascension_mode":true,"campfire_choices":[{"data":"hermit:HeroicBravado","floor":7.0,"key":"SMITH"},{"data":"hermit:CalledShot","floor":10.0,"key":"SMITH"},{"data":"hermit:Showdown","floor":15.0,"key":"SMITH"}],"circlet_count":0,"master_deck":["hermit:Strike_Hermit","hermit:Strike_Hermit","hermit:Strike_Hermit","hermit:Strike_Hermit","hermit:Defend_Hermit","hermit:Defend_Hermit","hermit:Defend_Hermit","hermit:Defend_Hermit","hermit:Snapshot","hermit:Covet","hermit:Showdown+1","hermit:Cheat","hermit:HeroicBravado+1","hermit:Dive","hermit:Determination","hermit:CalledShot+1","hermit:EyeOfTheStorm","hermit:Gambit","Madness","hermit:Horror","hermit:Enervate","hermit:FlashPowder"],"relics":["ReplayTheSpireMod:DimensionalGlitch","ReplayTheSpireMod:Shallot","Dream Catcher","Bag of Marbles","Bronze Scales","ReplayTheSpireMod:TigerMarble","Ectoplasm","Golden Egg","Lantern"],"acts_visited":["Exordium","TheCity"],"potions_floor_usage":[],"damage_taken":[{"damage":3.0,"enemies":"Small Slimes","floor":1.0,"turns":4.0},{"damage":0.0,"enemies":"Cultist","floor":2.0,"turns":3.0},{"damage":2.0,"enemies":"Jaw Worm","floor":4.0,"turns":4.0},{"damage":1.0,"enemies":"Large Slime","floor":5.0,"turns":5.0},{"damage":28.0,"enemies":"Gremlin Nob","floor":6.0,"turns":5.0},{"damage":12.0,"enemies":"3 Sentries","floor":8.0,"turns":12.0},{"damage":2.0,"enemies":"Gremlin Nob","floor":11.0,"turns":4.0},{"damage":1.0,"enemies":"Blue Slaver","floor":12.0,"turns":2.0},{"damage":12.0,"enemies":"3 Sentries","floor":13.0,"turns":9.0},{"damage":10.0,"enemies":"Hexaghost","floor":16.0,"turns":10.0},{"damage":3.0,"enemies":"Spheric Guardian","floor":18.0,"turns":5.0},{"damage":13,"enemies":"3 Byrds","floor":20,"turns":4},{"damage":1,"enemies":"Snecko","floor":22,"turns":3}],"seed_played":"-5004423965794959989","potions_obtained":[{"floor":1.0,"key":"LiquidMemories"},{"floor":5.0,"key":"ColorlessPotion"},{"floor":6.0,"key":"Flashbang"},{"floor":11.0,"key":"Dexterity Potion"},{"floor":13.0,"key":"LiquidBronze"},{"floor":18.0,"key":"hermit:BlackBile"},{"floor":20,"key":"Toxic Potion"}],"is_trial":false,"path_per_floor":["M","M","?","M","M","E","R","E","T","R","E","M","E","$","R","B",null,"M","?","M","?","M"],"character_chosen":"HERMIT","items_purchased":["hermit:Gambit","Madness"],"campfire_rested":0,"item_purchase_floors":[14,14],"current_hp_per_floor":[65,65,65,63,62,34,34,22,22,22,20,19,11,11,11,1,57,54,36,25,25,24,24],"gold":104,"neow_bonus":"BOSS_RELIC","is_daily":false,"chose_seed":false,"campfire_upgraded":3,"win_rate":0.0,"timestamp":1609505685,"path_taken":["M","M","?","M","M","E","R","E","T","R","E","M","E","?","R","BOSS","M","?","M","?","M"],"items_purchased_type":["Card","Card"],"build_version":"2020-12-22","purchased_purges":0,"victory":false,"max_hp_per_floor":[75,75,75,75,75,75,75,75,75,75,75,75,75,75,75,75,75,75,75,75,75,75,75],"card_choices":[{"not_picked":["hermit:Spite","hermit:Vantage"],"picked":"hermit:Showdown","floor":1.0},{"not_picked":["hermit:Showdown","hermit:Enervate"],"picked":"hermit:Cheat","floor":2.0},{"not_picked":["hermit:Malice","hermit:Manifest"],"picked":"hermit:Dive","floor":4.0},{"not_picked":["hermit:LowProfile","hermit:LuckOfTheDraw"],"picked":"hermit:Determination","floor":5.0},{"not_picked":["hermit:Roulette","hermit:Horror","hermit:SprayPray"],"picked":"SKIP","floor":6.0},{"not_picked":["hermit:Feint","hermit:LoneWolf"],"picked":"hermit:CalledShot","floor":8.0},{"not_picked":["hermit:ShadowCloak","hermit:SprayPray","hermit:Horror"],"picked":"SKIP","floor":11.0},{"not_picked":["hermit:SprayPray","hermit:BodyArmor","hermit:Enervate"],"picked":"SKIP","floor":12.0},{"not_picked":["hermit:GhostlyPresence","hermit:Gestalt"],"picked":"hermit:EyeOfTheStorm","floor":13.0},{"not_picked":["hermit:ItchyTrigger","hermit:Roulette"],"picked":"hermit:Horror","floor":18.0},{"not_picked":["hermit:ItchyTrigger","hermit:HoleUp"],"picked":"hermit:Enervate","floor":19},{"not_picked":["hermit:HoleUp+1","hermit:ItchyTrigger"],"picked":"hermit:FlashPowder","floor":20}],"player_experience":445484,"relics_obtained":[{"floor":6.0,"key":"ReplayTheSpireMod:Shallot"},{"floor":8.0,"key":"Dream Catcher"},{"floor":9.0,"key":"Bag of Marbles"},{"floor":11.0,"key":"Bronze Scales"},{"floor":13.0,"key":"ReplayTheSpireMod:TigerMarble"},{"floor":19,"key":"Golden Egg"}],"event_choices":[{"damage_healed":0.0,"max_hp_gain":0.0,"max_hp_loss":0.0,"gold_gain":0.0,"event_name":"Match and Keep!","player_choice":"1 cards matched","floor":3.0,"gold_loss":0.0,"damage_taken":0.0,"cards_obtained":["hermit:HeroicBravado"]},{"damage_healed":0,"gold_gain":0,"player_choice":"Obtained Relic","damage_taken":0,"relics_obtained":["Lantern"],"max_hp_gain":0,"max_hp_loss":0,"event_name":"Addict","floor":21,"gold_loss":85}],"is_beta":false,"boss_relics":[{"not_picked":["hermit:DentedPlate","Replay:Wanted Poster"],"picked":"Ectoplasm"}],"items_purged_floors":[],"is_endless":false,"potions_floor_spawned":[1,5,6,11,13,18,20],"killed_by":"Snecko","ascension_level":6}}