{"host":"zm2copjc1o2b6hjv","time":1609535887,"event":{"mods":["AchievementEnabler","BaseMod","BetterRewards","Conspire","Downfall","Friendly Minions","Infinite Spire","Minty Spire (QoL Compilation)","Replay The Spire","StSLib"],"gold_per_floor":[119,119,119,394,414,414,432,432,457,457,457,476,492,511,511,640,640,658,658,658,658],"floor_reached":19,"playtime":852,"items_purged":[],"score":159,"play_id":"812069ef-5fee-4d26-a63f-8ab0e4c13e9b","local_time":"20210101161807","is_ascension_mode":false,"campfire_choices":[{"floor":6,"key":"REST"},{"data":"expansioncontent:QuickStudy","floor":8,"key":"SMITH"},{"data":"expansioncontent:QuickStudy","floor":10,"key":"SMITH"},{"floor":15,"key":"REST"}],"circlet_count":0,"master_deck":["champ:Strike","champ:Strike","champ:Strike","champ:Defend","champ:Defend","champ:Defend","champ:Defend","champ:Execute","champ:Taunt","expansioncontent:QuickStudy+1","expansioncontent:QuickStudy+1","Bandage Up","champ:BringItOn","champ:BringItOn","expansioncontent:FaceSlap","champ:BerserkerStyle","Injury","Regret","champ:FocusedGladiator","champ:FocusedGladiator","champ:FocusedGladiator","champ:PerfectForm","champ:Duel","champ:Control","champ:MurderStrike","champ:RecklessLeap"],"relics":["champ:ChampionCrown","DollysMirror","conspire:Dentures","Matryoshka","Golden Idol","Akabeko","Anchor","Replay:Bronze Core"],"acts_visited":["Exordium","TheCity"],"potions_floor_usage":[18],"damage_taken":[{"damage":0,"enemies":"Cultist","floor":1,"turns":4},{"damage":0,"enemies":"Small Slimes","floor":5,"turns":1},{"damage":3,"enemies":"2 Louse","floor":7,"turns":2},{"damage":29,"enemies":"Lots of Slimes","floor":12,"turns":7},{"damage":1,"enemies":"Looter","floor":13,"turns":2},{"damage":16,"enemies":"3 Louse","floor":14,"turns":5},{"damage":78,"enemies":"Hexaghost","floor":16,"turns":10},{"damage":47,"enemies":"Chosen","floor":18,"turns":9},{"damage":5,"enemies":"Shell Parasite","floor":19,"turns":2}],"seed_played":"-1548936983128860015","potions_obtained":[{"floor":7,"key":"EntropicBrew"},{"floor":13,"key":"SkillPotion"},{"floor":18,"key":"Elixir"}],"is_trial":false,"path_per_floor":["M","?","$","?","M","R","M","R","T","R","?","M","M","M","R","B",null,"M","M"],"character_chosen":"THE_CHAMP","items_purchased":["expansioncontent:QuickStudy","DollysMirror","conspire:Dentures","Matryoshka","Bandage Up","champ:BringItOn"],"campfire_rested":2,"item_purchase_floors":[0,0,0,0,0,0],"current_hp_per_floor":[53,53,53,53,53,80,79,79,79,79,79,59,58,50,77,30,90,58,53,53,53],"gold":658,"neow_bonus":"","is_daily":false,"chose_seed":false,"campfire_upgraded":2,"win_rate":0.0,"timestamp":1609535887,"path_taken":["M","?","$","?","?","R","M","R","T","R","?","M","M","?","R","BOSS","M","M"],"items_purchased_type":["Card","Relic","Relic","Relic","Card","Card"],"build_version":"2020-12-22","purchased_purges":0,"victory":false,"max_hp_per_floor":[90,90,90,90,90,90,90,90,90,90,90,90,90,90,90,90,90,90,90,90,90],"card_choices":[{"not_picked":["champ:BerserkersShout","champ:BringItOn"],"picked":"champ:BerserkerStyle","floor":1},{"not_picked":["champ:GladiatorsShout","champ:BladeFlurry"],"picked":"champ:FocusedGladiator","floor":5},{"not_picked":["champ:Encircle","champ:CrookedStrike"],"picked":"champ:FocusedGladiator","floor":7},{"not_picked":["champ:Haymaker","champ:ArenaPreparation"],"picked":"champ:PerfectForm","floor":12},{"not_picked":["champ:RecklessLeap","champ:TornadoPunch"],"picked":"champ:Duel","floor":13},{"not_picked":["champ:DefensiveShout","champ:TornadoPunch"],"picked":"champ:Control","floor":14},{"not_picked":["champ:CrownThrow","champ:SwordThrow"],"picked":"champ:MurderStrike","floor":16},{"not_picked":["champ:FightOn","champ:FanOfKnives"],"picked":"champ:RecklessLeap","floor":18}],"player_experience":242849,"relics_obtained":[{"floor":9,"key":"Akabeko"},{"floor":9,"key":"Anchor"}],"event_choices":[{"damage_healed":0,"gold_gain":0,"player_choice":"Take Wound","damage_taken":0,"relics_obtained":["Golden Idol"],"max_hp_gain":0,"max_hp_loss":0,"event_name":"Golden Idol","floor":2,"gold_loss":0,"cards_obtained":["Injury"]},{"damage_healed":0,"gold_gain":275,"player_choice":"Desecrate","damage_taken":0,"max_hp_gain":0,"max_hp_loss":0,"event_name":"Golden Shrine","floor":4,"gold_loss":0,"cards_obtained":["Regret"]},{"damage_healed":0,"gold_gain":0,"cards_transformed":["champ:Strike"],"player_choice":"Transformed","damage_taken":0,"max_hp_gain":0,"max_hp_loss":0,"event_name":"Transmorgrifier","floor":11,"gold_loss":0,"cards_obtained":["champ:FocusedGladiator"]}],"is_beta":false,"boss_relics":[{"not_picked":["Kintsugi","Fusion Hammer"],"picked":"Replay:Bronze Core"}],"items_purged_floors":[],"is_endless":false,"potions_floor_spawned":[7,13,18],"killed_by":"Shell Parasite","ascension_level":0}}