{"host":"p4yrwepmrl4g8pul","time":1609469754,"event":{"mods":["Act Like it!","BaseMod","BetterRewards","Colored Map","Custom Start","Gensokyo","Marisa£®ÏF”Í°°ƒß¿Ì…≥£©","Minty Spire (QoL Compilation)","Quick Restart","Rare Cards Sparkle","Reimu£®≤©¿ˆ¡È√Œ£©","Remilia£®¿Ÿ√◊¿Ú—«£©","Remove Card Discount Mod","Shop Mod","StSLib","The Jungle"],"gold_per_floor":[110,128,139,93,93,93,23,23,50,18,30,46,46,80,80,154,154,170,168,187,202,202,202,234,234,234,484,484,508,527,541,541,616,616,636,636,542,542,554,589,589,622,672,672,692,439,349,349,349,349,349],"floor_reached":52,"playtime":1593,"items_purged":["Strike_R","Strike_R","Defend_R","Strike_R","Strike_R","Defend_R","Defend_R","Bash","Defend_R","Strike_R","Iron Wave","Clash","Sword Boomerang+1","Juggernaut","Pommel Strike+1"],"score":2837,"play_id":"4b0d2aff-be56-42ed-a7e0-d725d7a4234d","local_time":"20210101105554","is_ascension_mode":true,"campfire_choices":[{"data":"Armaments","floor":6.0,"key":"SMITH"},{"data":"Sword Boomerang","floor":8.0,"key":"SMITH"},{"data":"Shrug It Off","floor":13.0,"key":"SMITH"},{"data":"Entrench","floor":15.0,"key":"SMITH"},{"data":"Body Slam","floor":23.0,"key":"SMITH"},{"data":"Body Slam","floor":28.0,"key":"SMITH"},{"data":"Barricade","floor":32.0,"key":"SMITH"},{"data":"PanicButton","floor":49.0,"key":"SMITH"}],"circlet_count":0,"master_deck":["AscendersBane","Shrug It Off+1","Entrench+1","Shrug It Off+1","Body Slam+1","Barricade+1","Body Slam+1","PanicButton+1","Gensokyo:CustomPotion"],"relics":["Black Blood","ClockworkSouvenir","Unceasing Top","HandDrill","Pantograph","Gensokyo:OccultBall","Mastiff:ReiMu","Bag of Preparation","Gensokyo:SongOfSouls","CaptainsWheel","Whetstone","Philosopher\u0027s Stone","Ornamental Fan","HornCleat","Nunchaku","Juzu Bracelet","Paper Frog"],"acts_visited":["Exordium","Gensokyo:Gensokyo","Gensokyo:Gensokyoer"],"potions_floor_usage":[51,51],"damage_taken":[{"damage":0.0,"enemies":"Gensokyo:Python","floor":1.0,"turns":3.0},{"damage":4.0,"enemies":"Gensokyo:Gryphon","floor":2.0,"turns":4.0},{"damage":0.0,"enemies":"Gensokyo:3_Fairies","floor":3.0,"turns":4.0},{"damage":2.0,"enemies":"Gensokyo:Python_and_Kodama","floor":11.0,"turns":5.0},{"damage":22.0,"enemies":"Gensokyo:3_Kodama","floor":12.0,"turns":5.0},{"damage":4.0,"enemies":"Gensokyo:Cirno","floor":14.0,"turns":6.0},{"damage":1.0,"enemies":"Gensokyo:Reimu","floor":16.0,"turns":9.0},{"damage":0.0,"enemies":"Gensokyo:AngelMirror","floor":18.0,"turns":2.0},{"damage":0.0,"enemies":"Gensokyo:3_Dogs","floor":20.0,"turns":3.0},{"damage":0.0,"enemies":"Gensokyo:Swordslinger","floor":21.0,"turns":3.0},{"damage":0.0,"enemies":"Gensokyo:Reisen","floor":24.0,"turns":4.0},{"damage":0.0,"enemies":"Gensokyo:Slime_Group","floor":30.0,"turns":3.0},{"damage":0.0,"enemies":"Gensokyo:Chomper_and_Gloop","floor":31.0,"turns":4.0},{"damage":0.0,"enemies":"Gensokyo:Eiki","floor":33.0,"turns":3.0},{"damage":0.0,"enemies":"Gensokyo:3_Boulders","floor":35.0,"turns":2.0},{"damage":0.0,"enemies":"Gensokyo:3_Bats","floor":39.0,"turns":2.0},{"damage":0.0,"enemies":"Gensokyo:Kasen","floor":40.0,"turns":2.0},{"damage":0.0,"enemies":"Gensokyo:Doremy","floor":42.0,"turns":2.0},{"damage":0.0,"enemies":"Gensokyo:Dusk_and_Dawn","floor":45.0,"turns":2.0},{"damage":0.0,"enemies":"Gensokyo:Yuyuko","floor":50.0,"turns":2.0},{"damage":0,"enemies":"Gensokyo:Scarlet_Devils","floor":51,"turns":2}],"seed_played":"-4345894562345232552","potions_obtained":[{"floor":11.0,"key":"LiquidBronze"},{"floor":12.0,"key":"EssenceOfSteel"},{"floor":16.0,"key":"DuplicationPotion"},{"floor":20.0,"key":"SpeedPotion"},{"floor":24.0,"key":"Block Potion"},{"floor":33.0,"key":"DuplicationPotion"},{"floor":40.0,"key":"Strength Potion"}],"is_trial":false,"path_per_floor":["M","M","M","COS","?","R","?","R","T","$","M","M","R","E","R","B",null,"M","$","M","M","?","R","E","?","T","?","R","T","M","M","R","B",null,"M","?","$","?","M","E","?","E","T","?","M","$","?","T","R","B","B",null],"character_chosen":"IRONCLAD","items_purchased":["ClockworkSouvenir","Iron Wave","Spot Weakness","Unceasing Top","Clash","HandDrill","Armaments","Shrug It Off","Pantograph","Pommel Strike","Shrug It Off","PanicButton","Juzu Bracelet","DuplicationPotion"],"campfire_rested":0,"item_purchase_floors":[0,0,0,0,0,0,0,0,0,0,10,37,46,46],"current_hp_per_floor":[26,28,34,34,34,34,34,34,34,34,38,22,22,24,24,54,70,75,75,75,75,75,75,75,75,75,75,75,75,75,75,75,75,75,75,75,75,75,75,75,60,72,72,72,75,75,75,75,75,75,75],"gold":349,"neow_bonus":"","is_daily":false,"chose_seed":false,"campfire_upgraded":8,"win_rate":0.0,"timestamp":1609469754,"path_taken":["M","M","?","COS","?","R","?","R","T","$","M","?","R","E","R","BOSS","M","$","M","M","?","R","E","?","T","?","R","?","M","?","R","BOSS","M","?","$","?","?","E","?","E","T","?","M","$","?","?","R","BOSS","BOSS"],"items_purchased_type":["Relic","Card","Card","Relic","Card","Relic","Card","Card","Relic","Card","Card","Card","Relic","Potion"],"build_version":"2020-12-22","purchased_purges":15,"victory":true,"max_hp_per_floor":[75,75,75,75,75,75,75,75,75,75,75,75,75,75,75,75,75,75,75,75,75,75,75,75,75,75,75,75,75,75,75,75,75,75,75,75,75,75,75,75,75,75,75,75,75,75,75,75,75,75,75],"card_choices":[{"not_picked":["True Grit","Headbutt"],"picked":"Entrench","floor":1.0},{"not_picked":["Pommel Strike","Reckless Charge","Warcry"],"picked":"SKIP","floor":2.0},{"not_picked":["Havoc","Burning Pact"],"picked":"Sword Boomerang","floor":3.0},{"not_picked":["Headbutt","Clothesline","Spot Weakness"],"picked":"SKIP","floor":11.0},{"not_picked":["Feel No Pain","Iron Wave","Dropkick"],"picked":"SKIP","floor":12.0},{"not_picked":["Thunderclap","Double Tap"],"picked":"Body Slam","floor":14.0},{"not_picked":["Impervious","Juggernaut"],"picked":"Barricade","floor":16.0},{"not_picked":["Heavy Blade","Warcry","Pommel Strike"],"picked":"SKIP","floor":18.0},{"not_picked":["Heavy Blade","Wild Strike","Cleave"],"picked":"SKIP","floor":20.0},{"not_picked":["Sentinel","Armaments+1","Twin Strike"],"picked":"SKIP","floor":21.0},{"not_picked":["Inflame","Perfected Strike"],"picked":"Body Slam","floor":24.0},{"not_picked":["Headbutt","Shrug It Off","Armaments+1"],"picked":"SKIP","floor":30.0},{"not_picked":["Headbutt","Warcry","Pommel Strike"],"picked":"SKIP","floor":31.0},{"not_picked":["Cleave","Rage","Clash+1"],"picked":"SKIP","floor":35.0},{"not_picked":["Iron Wave","Perfected Strike","Combust"],"picked":"SKIP","floor":39.0},{"not_picked":["Fiend Fire","Rampage","Armaments"],"picked":"SKIP","floor":40.0},{"not_picked":["Offering","Combust","Power Through+1"],"picked":"SKIP","floor":42.0},{"not_picked":["Thunderclap+1","Uppercut","Wild Strike+1"],"picked":"SKIP","floor":45.0}],"player_experience":742553,"relics_obtained":[{"floor":14.0,"key":"Bag of Preparation"},{"floor":16.0,"key":"Gensokyo:OccultBall"},{"floor":24.0,"key":"RuthlessExorcism:ReiMu"},{"floor":26.0,"key":"CaptainsWheel"},{"floor":29.0,"key":"Whetstone"},{"floor":33.0,"key":"Gensokyo:OccultBall"},{"floor":40.0,"key":"Ornamental Fan"},{"floor":42.0,"key":"Gensokyo:OccultBall"},{"floor":42.0,"key":"HornCleat"},{"floor":43.0,"key":"Nunchaku"},{"floor":48.0,"key":"Paper Frog"}],"event_choices":[],"is_beta":false,"boss_relics":[{"not_picked":["Empty Cage","Tiny House"],"picked":"Black Blood"},{"not_picked":["Astrolabe","Mark of Pain"],"picked":"Philosopher\u0027s Stone"}],"items_purged_floors":[0,0,0,0,0,0,0,0,0,0,0,10,19,37,37],"is_endless":false,"potions_floor_spawned":[11,12,16,20,24,33,40,42],"ascension_level":20}}