{"host":"newqdrzxfhh2im9e","time":1609469873,"event":{"mods":["AchievementEnabler","BaseMod","BetterRewards","Block Reminder","Colored Map","Jorbs\u0027s Wanderer Trilogy","Minty Spire (QoL Compilation)","Rare Cards Sparkle","Shop Mod","StSLib"],"gold_per_floor":[118,129,141,152,7,7,7,7,34,49,49,49,69,100,100,199,199,214,62,75,75,75,105,123,123,123,123,123,142,142,57,57,158,158,173,192,192,242,242,242,242,242,311,4,4,17,33,49,49,49],"floor_reached":51,"playtime":2157,"items_purged":[],"score":874,"play_id":"287530bf-c8f5-4e3a-9e02-e59982380c8e","local_time":"20201231185753","is_ascension_mode":true,"campfire_choices":[{"data":"Hello World","floor":6,"key":"SMITH"},{"floor":8,"key":"REST"},{"data":"Seek","floor":11,"key":"SMITH"},{"floor":15,"key":"REST"},{"floor":25,"key":"REST"},{"floor":27,"key":"REST"},{"floor":30,"key":"REST"},{"data":"Fission","floor":32,"key":"SMITH"},{"data":"Fission","floor":40,"key":"SMITH"},{"data":"Static Discharge","floor":42,"key":"SMITH"},{"data":"Buffer","floor":49,"key":"SMITH"}],"circlet_count":0,"master_deck":["Strike_B","Defend_B","Zap","Dualcast","Hello World+1","FTL","Darkness","Go for the Eyes","FTL","Seek+1","Blizzard","Static Discharge+1","Force Field","Auto Shields","Buffer+1","Thunder Strike+1","Electrodynamics+1","Sunder+1","Consume","Fission+1","Lockon","Ghostly","Ghostly","Ghostly","Ghostly","Ghostly","Reinforced Body","Reinforced Body","Fission+1","Heatsinks","Sweeping Beam+1","Conserve Battery","Hyperbeam","Hologram+1","Blizzard+1","Master of Strategy","Reprogram+1","Storm+1","Leap+1"],"relics":["Cracked Core","NeowsBlessing","Dream Catcher","Bag of Preparation","Omamori","Astrolabe","MutagenicStrength","Pen Nib","Cables","StoneCalendar","Empty Cage","Bird Faced Urn","Pantograph","Lantern","Centennial Puzzle"],"acts_visited":["Exordium","TheCity","TheBeyond"],"potions_floor_usage":[13,16,20,24,36,41,50,50,50,50,50,50,50,50],"damage_taken":[{"damage":0,"enemies":"Jaw Worm","floor":1,"turns":1},{"damage":0,"enemies":"Cultist","floor":2,"turns":1},{"damage":0,"enemies":"2 Louse","floor":3,"turns":1},{"damage":11,"enemies":"Looter","floor":4,"turns":4},{"damage":16,"enemies":"Large Slime","floor":10,"turns":5},{"damage":10,"enemies":"2 Fungi Beasts","floor":13,"turns":3},{"damage":27,"enemies":"Gremlin Nob","floor":14,"turns":4},{"damage":26,"enemies":"The Guardian","floor":16,"turns":11},{"damage":15,"enemies":"Shell Parasite","floor":18,"turns":5},{"damage":4,"enemies":"Chosen","floor":20,"turns":5},{"damage":25,"enemies":"Slavers","floor":23,"turns":7},{"damage":2,"enemies":"3 Cultists","floor":24,"turns":5},{"damage":4,"enemies":"Centurion and Healer","floor":29,"turns":5},{"damage":10,"enemies":"Collector","floor":33,"turns":9},{"damage":1,"enemies":"Orb Walker","floor":35,"turns":3},{"damage":2,"enemies":"3 Shapes","floor":36,"turns":3},{"damage":0,"enemies":"Mind Bloom Boss Battle","floor":38,"turns":5},{"damage":0,"enemies":"Giant Head","floor":41,"turns":1},{"damage":8,"enemies":"Spire Growth","floor":46,"turns":6},{"damage":11,"enemies":"Jaw Worm Horde","floor":47,"turns":2},{"damage":0,"enemies":"3 Darklings","floor":48,"turns":2},{"damage":28,"enemies":"Awakened One","floor":50,"turns":10}],"seed_played":"6747091062190242128","potions_obtained":[{"floor":10,"key":"Energy Potion"},{"floor":14,"key":"Dexterity Potion"},{"floor":16,"key":"SmokeBomb"},{"floor":18,"key":"AttackPotion"},{"floor":23,"key":"BlessingOfTheForge"},{"floor":29,"key":"SpeedPotion"},{"floor":35,"key":"PowerPotion"},{"floor":38,"key":"EntropicBrew"},{"floor":45,"key":"AttackPotion"},{"floor":45,"key":"Ancient Potion"},{"floor":46,"key":"EntropicBrew"}],"is_trial":false,"path_per_floor":["M","M","M","M","$","R","?","R","T","M","R","$","M","E","R","B",null,"M","$","M","?","?","E","M","R","T","R","?","M","R","?","R","B",null,"M","M","?","?","?","R","E","R","T","$","?","M","M","M","R","B",null],"character_chosen":"DEFECT","items_purchased":["Dream Catcher","Fission","Lantern","Centennial Puzzle"],"campfire_rested":5,"item_purchase_floors":[5,19,44,44],"current_hp_per_floor":[75,75,75,64,64,64,64,75,75,59,59,59,49,22,44,18,75,60,60,56,37,37,12,10,21,21,32,28,24,36,36,36,26,42,41,39,39,39,39,39,39,39,39,39,39,34,31,31,31,19],"gold":49,"neow_bonus":"THREE_ENEMY_KILL","is_daily":false,"chose_seed":false,"campfire_upgraded":6,"win_rate":0.0,"timestamp":1609469873,"path_taken":["M","M","M","M","$","R","?","R","T","M","R","?","?","E","R","BOSS","M","$","M","?","?","E","M","R","T","R","?","M","R","?","R","BOSS","M","M","?","?","?","R","E","R","T","$","?","M","M","M","R","BOSS"],"items_purchased_type":["Relic","Card","Relic","Relic"],"build_version":"2020-12-22","purchased_purges":0,"victory":true,"max_hp_per_floor":[75,75,75,75,75,75,75,75,75,75,75,75,75,75,75,75,75,75,75,75,37,37,37,37,37,37,37,42,42,42,42,42,42,42,42,42,42,42,42,42,42,42,42,42,42,42,42,42,42,42],"card_choices":[{"not_picked":["Streamline","Beam Cell"],"picked":"Hello World","floor":1},{"not_picked":["Go for the Eyes","Streamline"],"picked":"FTL","floor":2},{"not_picked":["Rip and Tear","Turbo"],"picked":"Darkness","floor":3},{"not_picked":["Glacier","Sweeping Beam"],"picked":"Go for the Eyes","floor":4},{"not_picked":["Blizzard","Lockon"],"picked":"Seek","floor":8},{"not_picked":["Gash","Turbo"],"picked":"Blizzard","floor":10},{"not_picked":["Compile Driver","Rebound"],"picked":"Static Discharge","floor":13},{"not_picked":["Meteor Strike","Go for the Eyes"],"picked":"Force Field","floor":14},{"not_picked":["Double Energy","Sweeping Beam"],"picked":"Auto Shields","floor":15},{"not_picked":["Seek","Reboot"],"picked":"Buffer","floor":16},{"not_picked":["Steam","Leap"],"picked":"Consume","floor":18},{"not_picked":["Streamline","Barrage"],"picked":"Lockon","floor":20},{"not_picked":["Steam","Cold Snap"],"picked":"Reinforced Body","floor":23},{"not_picked":["Compile Driver","Recycle"],"picked":"Reinforced Body","floor":24},{"not_picked":["Rip and Tear","Sweeping Beam"],"picked":"Fission","floor":25},{"not_picked":["Rebound","Recycle"],"picked":"Heatsinks","floor":27},{"not_picked":["Glacier","Hologram"],"picked":"Sweeping Beam+1","floor":29},{"not_picked":["Ball Lightning","Barrage"],"picked":"Conserve Battery","floor":30},{"not_picked":["Fission","Meteor Strike"],"picked":"Hyperbeam","floor":33},{"not_picked":["Ball Lightning","Stack"],"picked":"Hologram+1","floor":35},{"not_picked":["Fusion","Barrage+1"],"picked":"Blizzard+1","floor":36},{"not_picked":["Forethought","Jack Of All Trades"],"picked":"Master of Strategy","floor":37},{"not_picked":["Glacier","Turbo"],"picked":"Reprogram+1","floor":38},{"not_picked":["Sunder","Blizzard"],"picked":"Storm+1","floor":46},{"not_picked":["Genetic Algorithm","Barrage"],"picked":"Leap+1","floor":47},{"not_picked":["Ball Lightning","Coolheaded","Rip and Tear+1"],"picked":"SKIP","floor":48}],"player_experience":661338,"relics_obtained":[{"floor":9,"key":"Bag of Preparation"},{"floor":14,"key":"Omamori"},{"floor":23,"key":"Pen Nib"},{"floor":26,"key":"Cables"},{"floor":38,"key":"Bird Faced Urn"},{"floor":43,"key":"Pantograph"}],"event_choices":[{"damage_healed":0,"gold_gain":0,"cards_transformed":["Strike_B"],"player_choice":"Transformed","damage_taken":0,"max_hp_gain":0,"max_hp_loss":0,"event_name":"Transmorgrifier","floor":7,"gold_loss":0,"cards_obtained":["FTL"]},{"damage_healed":0,"gold_gain":0,"player_choice":"Became a Ghost","damage_taken":0,"max_hp_gain":0,"max_hp_loss":38,"event_name":"Ghosts","floor":21,"gold_loss":0,"cards_obtained":["Ghostly","Ghostly","Ghostly","Ghostly","Ghostly"]},{"damage_healed":0,"gold_gain":0,"player_choice":"Inject Mutagens","damage_taken":0,"relics_obtained":["MutagenicStrength"],"max_hp_gain":0,"max_hp_loss":0,"event_name":"Drug Dealer","floor":22,"gold_loss":0},{"damage_healed":0,"gold_gain":0,"player_choice":"Shed Blood","damage_taken":9,"max_hp_gain":5,"max_hp_loss":0,"event_name":"Forgotten Altar","floor":28,"gold_loss":0},{"damage_healed":0,"gold_gain":0,"player_choice":"Obtained Relic","damage_taken":0,"relics_obtained":["StoneCalendar"],"max_hp_gain":0,"max_hp_loss":0,"event_name":"Addict","floor":31,"gold_loss":85},{"damage_healed":0,"gold_gain":0,"player_choice":"Memory 1","damage_taken":0,"max_hp_gain":0,"max_hp_loss":0,"event_name":"SensoryStone","floor":37,"gold_loss":0},{"damage_healed":0,"gold_gain":0,"player_choice":"Fight","damage_taken":0,"max_hp_gain":0,"max_hp_loss":0,"event_name":"MindBloom","floor":38,"gold_loss":0},{"damage_healed":0,"gold_gain":0,"player_choice":"Ignored","damage_taken":0,"max_hp_gain":0,"max_hp_loss":0,"event_name":"Tomb of Lord Red Mask","floor":39,"gold_loss":0},{"damage_healed":0,"gold_gain":0,"player_choice":"Got Potions","damage_taken":0,"max_hp_gain":0,"max_hp_loss":0,"event_name":"Lab","floor":45,"gold_loss":0}],"is_beta":false,"boss_relics":[{"not_picked":["Fusion Hammer","Runic Dome"],"picked":"Astrolabe"},{"not_picked":["Snecko Eye","Philosopher\u0027s Stone"],"picked":"Empty Cage"}],"items_purged_floors":[],"is_endless":false,"potions_floor_spawned":[10,14,16,18,23,29,35,38,46,47],"ascension_level":4}}