{"host":"f14d6hm2349s9jse","time":1609532569,"event":{"mods":["2.2 Compatiblity","BaseMod","Minty Spire (QoL Compilation)","StSLib","The Saiyan"],"gold_per_floor":[13,13,23,33,33,33,67,67,122,154,165,165,183,183,183,286,286,306,306,306,80,90,422,52,52,52,52,84,99,124,136,136,233,233,251,297,310,310,324,324,350,350,377,125,125,180,180,180,180,200,200],"floor_reached":50,"playtime":5393,"items_purged":[],"score":761,"play_id":"517eec68-f3b2-404a-ba79-24091951f6c6","local_time":"20210101152249","is_ascension_mode":false,"campfire_choices":[{"data":"Saiyan:Afterimage","floor":6.0,"key":"SMITH"},{"floor":8.0,"key":"REST"},{"floor":15.0,"key":"REST"},{"data":"Saiyan:UltraInstinct","floor":25.0,"key":"SMITH"},{"floor":32.0,"key":"REST"},{"floor":40,"key":"RECALL"},{"data":"Saiyan:SenzuBean","floor":47,"key":"SMITH"},{"data":"Saiyan:GenkiDama","floor":49,"key":"SMITH"}],"circlet_count":0,"master_deck":["Saiyan:SAIYA_Defend+1","Saiyan:SAIYA_Defend+1","Saiyan:SAIYA_Defend+1","Saiyan:EnergyBlast","Saiyan:KaioKen+1","Saiyan:RuthlessBlow","Sadistic Nature","Saiyan:BigBangAttack","Saiyan:Afterimage+1","Saiyan:Makankosappo","Saiyan:Furor","Saiyan:KameHameHa","Saiyan:SoulSpice","Saiyan:GenkiDama+1","Saiyan:UltraInstinct+1","Saiyan:ExpandingShockwave+1","Saiyan:SenzuBean+1","Saiyan:DrainingStrike","Bite","Bite","Bite","Bite","Bite","Saiyan:DrainingStrike","Saiyan:DragonRadar","Saiyan:MonkeyTail","Saiyan:FingerParry","Saiyan:SuperSaiyanThree","Saiyan:FinalFlash+1","Saiyan:FingerParry+1","Mind Blast","HandOfGreed","HandOfGreed","Saiyan:SoulSpice"],"relics":["SaiyanSoul","SaiyanHeart","Bag of Preparation","PreservedInsect","Gremlin Horn","Snecko Eye","Bronze Scales","Old Coin","Lee\u0027s Waffle","Orichalcum","Mummified Hand","Strawberry","Nunchaku","Happy Flower","InkBottle","Sozu","Regal Pillow","StoneCalendar","Vajra","Juzu Bracelet","Pantograph","Eternal Feather","Oddly Smooth Stone"],"acts_visited":["Exordium","TheCity","TheBeyond"],"potions_floor_usage":[36],"damage_taken":[{"damage":0.0,"enemies":"2 Louse","floor":1.0,"turns":4.0},{"damage":0.0,"enemies":"Cultist","floor":3.0,"turns":3.0},{"damage":0.0,"enemies":"Small Slimes","floor":4.0,"turns":3.0},{"damage":20.0,"enemies":"Gremlin Nob","floor":7.0,"turns":5.0},{"damage":18.0,"enemies":"3 Sentries","floor":10.0,"turns":5.0},{"damage":3.0,"enemies":"Looter","floor":11.0,"turns":3.0},{"damage":0.0,"enemies":"Red Slaver","floor":13.0,"turns":3.0},{"damage":0.0,"enemies":"Slime Boss","floor":16.0,"turns":7.0},{"damage":11.0,"enemies":"3 Byrds","floor":18.0,"turns":8.0},{"damage":22.0,"enemies":"2 Thieves","floor":22.0,"turns":4.0},{"damage":32.0,"enemies":"Slavers","floor":23.0,"turns":4.0},{"damage":12.0,"enemies":"Gremlin Leader","floor":28.0,"turns":8.0},{"damage":29.0,"enemies":"Snecko","floor":29.0,"turns":10.0},{"damage":39.0,"enemies":"Book of Stabbing","floor":30.0,"turns":6.0},{"damage":10.0,"enemies":"Sentry and Sphere","floor":31.0,"turns":4.0},{"damage":75,"enemies":"Collector","floor":33,"turns":13},{"damage":15,"enemies":"Orb Walker","floor":35,"turns":8},{"damage":32,"enemies":"2 Orb Walkers","floor":36,"turns":6},{"damage":0,"enemies":"3 Shapes","floor":37,"turns":3},{"damage":6,"enemies":"Writhing Mass","floor":39,"turns":6},{"damage":0,"enemies":"Reptomancer","floor":41,"turns":7},{"damage":0,"enemies":"Jaw Worm Horde","floor":46,"turns":6},{"damage":125,"enemies":"Awakened One","floor":50,"turns":10}],"seed_played":"-5113260429416896617","potions_obtained":[{"floor":4.0,"key":"Dexterity Potion"},{"floor":13.0,"key":"CultistPotion"},{"floor":16.0,"key":"SkillPotion"},{"floor":23.0,"key":"Strength Potion"},{"floor":28.0,"key":"Explosive Potion"},{"floor":33,"key":"GamblersBrew"}],"is_trial":false,"path_per_floor":["M","?","M","M","$","R","E","R","T","E","M","?","M","?","R","B",null,"M","?","?","$","M","E","$","R","T","?","E","M","E","M","R","B",null,"M","?","M","?","M","R","E","?","T","$","?","M","R","?","R","B"],"character_chosen":"SAIYAJIN","items_purchased":["Saiyan:UltraInstinct","Bronze Scales","Lee\u0027s Waffle","Saiyan:DrainingStrike","Orichalcum","Eternal Feather"],"campfire_rested":3,"item_purchase_floors":[21,21,24,24,24,44],"current_hp_per_floor":[62,56,57,59,59,59,41,61,61,43,41,29,32,32,52,55,70,60,60,60,60,42,15,83,83,83,83,91,68,37,41,68,18,94,82,66,78,68,68,68,92,92,92,92,92,102,102,102,102,0,0],"gold":200,"neow_bonus":"RANDOM_COLORLESS_2","is_daily":false,"chose_seed":false,"campfire_upgraded":4,"win_rate":0.0,"timestamp":1609532569,"path_taken":["M","?","?","M","$","R","E","R","T","E","?","?","M","?","R","BOSS","M","?","?","?","M","E","$","R","T","?","E","M","E","?","R","BOSS","M","?","M","?","M","R","E","?","T","$","?","M","R","?","R","BOSS"],"items_purchased_type":["Card","Relic","Relic","Card","Relic","Relic"],"build_version":"2020-12-22","purchased_purges":0,"victory":false,"max_hp_per_floor":[62,62,63,65,65,65,67,67,67,67,68,68,69,69,69,70,70,71,71,71,71,73,76,83,83,83,83,91,91,91,93,93,94,94,95,99,103,103,103,103,105,100,100,100,100,102,102,102,102,103,103],"card_choices":[{"not_picked":["Violence","The Bomb"],"picked":"Sadistic Nature","floor":0.0},{"not_picked":["Saiyan:Taunt","Saiyan:ReverberatingForce"],"picked":"Saiyan:BigBangAttack","floor":1.0},{"not_picked":["Saiyan:Flurry","Saiyan:BigBangAttack"],"picked":"Saiyan:Afterimage","floor":3.0},{"not_picked":["Saiyan:Flurry","Saiyan:ReverberatingForce","Saiyan:BigBangAttack"],"picked":"SKIP","floor":4.0},{"not_picked":["Saiyan:Flurry","Saiyan:Planning"],"picked":"Saiyan:Makankosappo","floor":7.0},{"not_picked":["Saiyan:TurtleShell","Saiyan:CCCapsule"],"picked":"Saiyan:Furor","floor":10.0},{"not_picked":["Saiyan:PressOn","Saiyan:BackAttack"],"picked":"Saiyan:KameHameHa","floor":11.0},{"not_picked":["Saiyan:PlotArmor","Saiyan:Planning"],"picked":"Saiyan:SoulSpice","floor":13.0},{"not_picked":["Saiyan:MajinSeal","Saiyan:Rekindle"],"picked":"Saiyan:GenkiDama","floor":16.0},{"not_picked":["Saiyan:BigBangAttack","Saiyan:RemoveWeights","Saiyan:SaiyanHubris"],"picked":"SKIP","floor":18.0},{"not_picked":["Saiyan:PlotArmor","Saiyan:DrainingStrike+1"],"picked":"Saiyan:ExpandingShockwave+1","floor":22.0},{"not_picked":["Saiyan:FinalFlash+1","Saiyan:Twize"],"picked":"Saiyan:SenzuBean","floor":23.0},{"not_picked":["Saiyan:SaiyanHubris+1","Saiyan:AugmentedBlast+1"],"picked":"Saiyan:DrainingStrike","floor":28.0},{"not_picked":["Saiyan:Flurry","Saiyan:BigBangAttack"],"picked":"Saiyan:DragonRadar","floor":29.0},{"not_picked":["Saiyan:MeteorDash","Saiyan:BurningSoul"],"picked":"Saiyan:MonkeyTail","floor":30.0},{"not_picked":["Saiyan:DoubleMasenko","Saiyan:BigBangAttack+1"],"picked":"Saiyan:FingerParry","floor":31.0},{"not_picked":["Saiyan:MonkeyTail","Saiyan:Rekindle"],"picked":"Saiyan:SuperSaiyanThree","floor":33},{"not_picked":["Saiyan:TurtleShell","Saiyan:Pacing+1"],"picked":"Saiyan:FinalFlash+1","floor":35},{"not_picked":["Saiyan:Medicine+1","Saiyan:RemoveWeights"],"picked":"Saiyan:FingerParry+1","floor":37},{"not_picked":["Swift Strike","Dark Shackles"],"picked":"Mind Blast","floor":38},{"not_picked":["The Bomb","Madness"],"picked":"HandOfGreed","floor":38},{"not_picked":["Mind Blast","Purity"],"picked":"HandOfGreed","floor":38},{"not_picked":["Saiyan:KameHameHa+1","Saiyan:Scouter+1","Saiyan:Planning+1"],"picked":"SKIP","floor":39},{"not_picked":["Saiyan:KiExplosion+1","Saiyan:Honing+1"],"picked":"Saiyan:SoulSpice","floor":41},{"not_picked":["Saiyan:Teleport","Saiyan:KameHameHa","Saiyan:MeteorDash"],"picked":"SKIP","floor":46}],"player_experience":2465304,"relics_obtained":[{"floor":7.0,"key":"Bag of Preparation"},{"floor":9.0,"key":"PreservedInsect"},{"floor":10.0,"key":"Gremlin Horn"},{"floor":23.0,"key":"Old Coin"},{"floor":26.0,"key":"Mummified Hand"},{"floor":28.0,"key":"Strawberry"},{"floor":28.0,"key":"Nunchaku"},{"floor":29.0,"key":"Happy Flower"},{"floor":30.0,"key":"InkBottle"},{"floor":35,"key":"Regal Pillow"},{"floor":36,"key":"StoneCalendar"},{"floor":36,"key":"Vajra"},{"floor":41,"key":"Juzu Bracelet"},{"floor":41,"key":"Pantograph"},{"floor":46,"key":"Oddly Smooth Stone"}],"event_choices":[{"damage_healed":0.0,"max_hp_gain":0.0,"max_hp_loss":0.0,"gold_gain":0.0,"event_name":"Wheel of Change","player_choice":"Damaged","floor":2.0,"gold_loss":0.0,"damage_taken":6.0},{"damage_healed":0.0,"max_hp_gain":0.0,"max_hp_loss":0.0,"gold_gain":0.0,"event_name":"Scrap Ooze","player_choice":"Success","floor":12.0,"gold_loss":0.0,"damage_taken":12.0,"relics_obtained":["Blood Vial"]},{"damage_healed":0.0,"max_hp_gain":0.0,"max_hp_loss":0.0,"gold_gain":0.0,"event_name":"Accursed Blacksmith","player_choice":"Forge","floor":14.0,"gold_loss":0.0,"damage_taken":0.0,"cards_upgraded":["Saiyan:KaioKen"]},{"damage_healed":0.0,"max_hp_gain":0.0,"max_hp_loss":0.0,"gold_gain":0.0,"event_name":"Beggar","player_choice":"Ignored","floor":19.0,"gold_loss":0.0,"damage_taken":0.0},{"damage_healed":0.0,"max_hp_gain":0.0,"max_hp_loss":0.0,"gold_gain":0.0,"event_name":"Back to Basics","player_choice":"Simplicity","floor":20.0,"gold_loss":0.0,"damage_taken":0.0,"cards_upgraded":["Saiyan:SAIYA_Strike","Saiyan:SAIYA_Strike","Saiyan:SAIYA_Strike","Saiyan:SAIYA_Strike","Saiyan:SAIYA_Defend","Saiyan:SAIYA_Defend","Saiyan:SAIYA_Defend","Saiyan:SAIYA_Defend"]},{"damage_healed":0.0,"max_hp_gain":0.0,"max_hp_loss":0.0,"gold_gain":0.0,"event_name":"Vampires","player_choice":"Became a vampire (Vial)","floor":27.0,"relics_lost":["Blood Vial"],"gold_loss":0.0,"damage_taken":0.0,"cards_obtained":["Bite","Bite","Bite","Bite","Bite"]},{"damage_healed":0,"gold_gain":0,"player_choice":"Fight","damage_taken":0,"max_hp_gain":0,"max_hp_loss":0,"event_name":"Mysterious Sphere","floor":36,"gold_loss":0},{"damage_healed":0,"gold_gain":0,"player_choice":"Memory 3","damage_taken":10,"max_hp_gain":0,"max_hp_loss":0,"event_name":"SensoryStone","floor":38,"gold_loss":0},{"damage_healed":0,"gold_gain":0,"player_choice":"Max HP","damage_taken":0,"max_hp_gain":0,"max_hp_loss":5,"event_name":"Winding Halls","floor":42,"gold_loss":0},{"cards_removed":["Saiyan:SAIYA_Defend"],"damage_healed":0,"gold_gain":0,"player_choice":"Removed Skill","damage_taken":0,"max_hp_gain":0,"max_hp_loss":0,"event_name":"Falling","floor":45,"gold_loss":0},{"damage_healed":0,"gold_gain":0,"player_choice":"Got Potions","damage_taken":0,"max_hp_gain":0,"max_hp_loss":0,"event_name":"Lab","floor":48,"gold_loss":0}],"is_beta":false,"boss_relics":[{"not_picked":["SlaversCollar","Runic Dome"],"picked":"Snecko Eye"},{"not_picked":["Fusion Hammer","Cursed Key"],"picked":"Sozu"}],"items_purged_floors":[],"is_endless":false,"potions_floor_spawned":[4,13,16,23,28,33,35,37,39,41],"killed_by":"Awakened One","ascension_level":0}}