{"host":"y7sd46uq4xlni546","time":1609531820,"event":{"mods":["AchievementEnabler","BaseMod","Colored Map","Colored Powertips","Curses Come First","Filter the Spire","Minty Spire (QoL Compilation)","Quick Restart","Random Character Button","Rare Cards Sparkle","StSLib"],"gold_per_floor":[119,135,210,210,220,248,248,283,309,309,324,324,324,351,351,450,450,463,463,478,23,23,23,53,13,13,13,13,26,26,59,59,154,204,223,223,223,223,238,238,251,251,251,251,266,4,4,24,24,24],"floor_reached":51,"playtime":2592,"items_purged":[],"score":821,"play_id":"9e4b6753-446c-4bcf-86a6-c65f24d7f7e9","local_time":"20210101211020","is_ascension_mode":true,"campfire_choices":[{"floor":7.0,"key":"REST"},{"floor":10.0,"key":"REST"},{"floor":12.0,"key":"REST"},{"data":"Dualcast","floor":15.0,"key":"SMITH"},{"floor":23.0,"key":"REST"},{"data":"Echo Form","floor":27.0,"key":"SMITH"},{"floor":30.0,"key":"REST"},{"floor":32.0,"key":"REST"},{"floor":40.0,"key":"REST"},{"floor":42,"key":"REST"},{"data":"Writhe","floor":44,"key":"PURGE"},{"data":"Doubt","floor":49,"key":"PURGE"}],"circlet_count":0,"master_deck":["Strike_B","Strike_B+1","Strike_B","Defend_B","Defend_B","Defend_B","Defend_B","Zap","Dualcast+1","Beam Cell","Sweeping Beam+1","Conserve Battery","Streamline","Meteor Strike","Conserve Battery","Sunder","Buffer","CurseOfTheBell","Go for the Eyes","Cold Snap","Capacitor","Rainbow","All For One","Echo Form+1","Scrape","Turbo","Ball Lightning+1","Meteor Strike+1","Hologram","Hologram+1","Jack Of All Trades","Streamline+1","Steam+1","Double Energy+1","Defragment","Apotheosis","Gash+1"],"relics":["Black Star","Bag of Marbles","Regal Pillow","Peace Pipe","Ginger","Bag of Preparation","Blood Vial","Art of War","Calling Bell","Nunchaku","Shuriken","Calipers","Oddly Smooth Stone","Sundial","Potion Belt","Letter Opener","Torii","Symbiotic Virus","Tiny House","Happy Flower"],"acts_visited":["Exordium","TheCity","TheBeyond"],"potions_floor_usage":[41,50],"damage_taken":[{"damage":13.0,"enemies":"Small Slimes","floor":1.0,"turns":4.0},{"damage":3.0,"enemies":"2 Louse","floor":2.0,"turns":3.0},{"damage":1.0,"enemies":"Cultist","floor":5.0,"turns":3.0},{"damage":10.0,"enemies":"3 Sentries","floor":6.0,"turns":6.0},{"damage":35.0,"enemies":"Lagavulin","floor":8.0,"turns":6.0},{"damage":15.0,"enemies":"Lots of Slimes","floor":11.0,"turns":3.0},{"damage":8.0,"enemies":"Gremlin Nob","floor":14.0,"turns":3.0},{"damage":58.0,"enemies":"The Guardian","floor":16.0,"turns":14.0},{"damage":16.0,"enemies":"Shell Parasite","floor":18.0,"turns":5.0},{"damage":33.0,"enemies":"2 Thieves","floor":20.0,"turns":5.0},{"damage":13.0,"enemies":"Slavers","floor":24.0,"turns":2.0},{"damage":34.0,"enemies":"Centurion and Healer","floor":29.0,"turns":5.0},{"damage":44.0,"enemies":"Book of Stabbing","floor":31.0,"turns":8.0},{"damage":8.0,"enemies":"Automaton","floor":33.0,"turns":9.0},{"damage":52.0,"enemies":"3 Darklings","floor":35.0,"turns":7.0},{"damage":12.0,"enemies":"3 Shapes","floor":39.0,"turns":6.0},{"damage":65,"enemies":"Writhing Mass","floor":41,"turns":7},{"damage":39,"enemies":"4 Shapes","floor":45,"turns":4},{"damage":0,"enemies":"Transient","floor":48,"turns":5},{"damage":112,"enemies":"Time Eater","floor":50,"turns":11}],"seed_played":"642296724272963277","potions_obtained":[{"floor":5.0,"key":"Fire Potion"},{"floor":11.0,"key":"Energy Potion"},{"floor":14.0,"key":"FairyPotion"},{"floor":20.0,"key":"Energy Potion"},{"floor":29.0,"key":"PowerPotion"},{"floor":34.0,"key":"Ancient Potion"},{"floor":39.0,"key":"FearPotion"}],"is_trial":false,"path_per_floor":["M","M","?","?","M","E","R","E","T","R","M","R","?","E","R","B",null,"M","?","M","$","?","R","E","$","T","R","$","M","R","E","R","B",null,"M","?","?","?","M","R","M","R","T","R","M","$","?","M","R","B",null],"character_chosen":"DEFECT","items_purchased":["Capacitor","Rainbow","All For One","Oddly Smooth Stone","Scrape","Defragment","Apotheosis"],"campfire_rested":8,"item_purchase_floors":[21,21,21,21,25,46,46],"current_hp_per_floor":[62,59,48,33,32,22,59,24,24,61,46,75,80,72,72,16,80,64,64,33,33,33,72,61,61,61,61,61,29,68,26,65,59,85,33,33,54,54,44,84,20,60,60,60,23,23,85,85,85,2],"gold":24,"neow_bonus":"BOSS_RELIC","is_daily":false,"chose_seed":false,"campfire_upgraded":2,"win_rate":0.0,"timestamp":1609531820,"path_taken":["M","M","?","?","M","E","R","E","T","R","M","R","?","E","R","BOSS","M","?","?","?","?","R","E","$","T","R","$","M","R","E","R","BOSS","M","?","?","?","M","R","M","R","T","R","M","?","?","?","R","BOSS"],"items_purchased_type":["Card","Card","Card","Relic","Card","Card","Card"],"build_version":"2020-12-22","purchased_purges":0,"victory":true,"max_hp_per_floor":[75,75,75,75,75,75,75,75,75,75,75,75,80,80,80,80,80,80,80,80,80,80,80,80,80,80,80,80,80,80,80,80,80,85,85,85,85,85,85,85,85,85,85,85,85,85,85,85,85,85],"card_choices":[{"not_picked":["Leap","Rip and Tear"],"picked":"Beam Cell","floor":1.0},{"not_picked":["Barrage","Leap"],"picked":"Sweeping Beam","floor":2.0},{"not_picked":["Go for the Eyes","Consume"],"picked":"Conserve Battery","floor":5.0},{"not_picked":["Auto Shields","Sweeping Beam"],"picked":"Streamline","floor":6.0},{"not_picked":["Beam Cell","Heatsinks"],"picked":"Meteor Strike","floor":8.0},{"not_picked":["Cold Snap","Ball Lightning"],"picked":"Conserve Battery","floor":11.0},{"not_picked":["Steam Power","Leap"],"picked":"Sunder","floor":14.0},{"not_picked":["Reboot","All For One"],"picked":"Buffer","floor":16.0},{"not_picked":["Cold Snap+1","Heatsinks"],"picked":"Go for the Eyes","floor":18.0},{"not_picked":["Force Field","Auto Shields"],"picked":"Cold Snap","floor":20.0},{"not_picked":["Ball Lightning","Multi-Cast"],"picked":"Echo Form","floor":24.0},{"not_picked":["Rebound","Stack"],"picked":"Turbo","floor":29.0},{"not_picked":["Streamline","Compile Driver"],"picked":"Ball Lightning+1","floor":31.0},{"not_picked":["Buffer","Fission"],"picked":"Meteor Strike","floor":33.0},{"not_picked":["Barrage","Gash"],"picked":"Hologram","floor":34.0},{"not_picked":["Heatsinks+1","Steam"],"picked":"Hologram+1","floor":35.0},{"not_picked":["Good Instincts","Blind"],"picked":"Jack Of All Trades","floor":38.0},{"not_picked":["Sweeping Beam","Hologram"],"picked":"Streamline+1","floor":39.0},{"not_picked":["Genetic Algorithm","Go for the Eyes+1"],"picked":"Steam+1","floor":41},{"not_picked":["Compile Driver+1","Sweeping Beam"],"picked":"Double Energy+1","floor":45},{"not_picked":["Auto Shields+1","Scrape"],"picked":"Gash+1","floor":48}],"player_experience":585218,"relics_obtained":[{"floor":6.0,"key":"Bag of Marbles"},{"floor":6.0,"key":"Regal Pillow"},{"floor":8.0,"key":"Peace Pipe"},{"floor":8.0,"key":"Ginger"},{"floor":9.0,"key":"Bag of Preparation"},{"floor":14.0,"key":"Blood Vial"},{"floor":14.0,"key":"Art of War"},{"floor":17.0,"key":"Nunchaku"},{"floor":17.0,"key":"Shuriken"},{"floor":17.0,"key":"Calipers"},{"floor":24.0,"key":"Sundial"},{"floor":24.0,"key":"Potion Belt"},{"floor":26.0,"key":"Letter Opener"},{"floor":31.0,"key":"Torii"},{"floor":31.0,"key":"Symbiotic Virus"},{"floor":43,"key":"Happy Flower"}],"event_choices":[{"damage_healed":0.0,"max_hp_gain":0.0,"max_hp_loss":0.0,"gold_gain":75.0,"event_name":"World of Goop","player_choice":"Gather Gold","floor":3.0,"gold_loss":0.0,"damage_taken":11.0},{"damage_healed":0.0,"max_hp_gain":0.0,"max_hp_loss":0.0,"gold_gain":0.0,"event_name":"Shining Light","player_choice":"Entered Light","floor":4.0,"gold_loss":0.0,"damage_taken":15.0,"cards_upgraded":["Sweeping Beam","Strike_B"]},{"damage_healed":0.0,"max_hp_gain":5.0,"max_hp_loss":0.0,"gold_gain":0.0,"event_name":"Big Fish","player_choice":"Donut","floor":13.0,"gold_loss":0.0,"damage_taken":0.0},{"cards_removed":["Strike_B"],"damage_healed":0.0,"max_hp_gain":0.0,"max_hp_loss":0.0,"gold_gain":0.0,"event_name":"Bonfire Elementals","player_choice":"Offered Basic","floor":19.0,"gold_loss":0.0,"damage_taken":0.0},{"damage_healed":0.0,"max_hp_gain":0.0,"max_hp_loss":0.0,"gold_gain":0.0,"event_name":"Ghosts","player_choice":"Ignored","floor":22.0,"gold_loss":0.0,"damage_taken":0.0},{"damage_healed":0.0,"max_hp_gain":0.0,"max_hp_loss":0.0,"gold_gain":0.0,"event_name":"Mysterious Sphere","player_choice":"Ignored","floor":36.0,"gold_loss":0.0,"damage_taken":0.0},{"damage_healed":21.0,"max_hp_gain":0.0,"max_hp_loss":0.0,"gold_gain":0.0,"event_name":"Winding Halls","player_choice":"Writhe","floor":37.0,"gold_loss":0.0,"damage_taken":0.0,"cards_obtained":["Writhe"]},{"damage_healed":0.0,"max_hp_gain":0.0,"max_hp_loss":0.0,"gold_gain":0.0,"event_name":"SensoryStone","player_choice":"Memory 1","floor":38.0,"gold_loss":0.0,"damage_taken":0.0},{"damage_healed":62,"gold_gain":0,"player_choice":"Heal","damage_taken":0,"max_hp_gain":0,"max_hp_loss":0,"event_name":"MindBloom","floor":47,"gold_loss":0,"cards_obtained":["Doubt"]}],"is_beta":false,"boss_relics":[{"not_picked":["Runic Pyramid","Fusion Hammer"],"picked":"Calling Bell"},{"not_picked":["Philosopher\u0027s Stone","Sozu"],"picked":"Tiny House"}],"items_purged_floors":[],"is_endless":false,"potions_floor_spawned":[5,11,14,20,29,39],"ascension_level":3}}