{"host":"i0m9g0siyue4991n","time":1609466531,"event":{"mods":["ATMod(阿瑾Mod)","Act Like it!","BaseMod","BetterRewards","CapriCore","Challenge The Spire","Custom Start","Decade(王小明)","Friendly Minions","Gensokyo","Marisa（F雨　魔理沙）","Minty Spire (QoL Compilation)","Prisma Mod","Quick Restart","Reimu（博丽灵梦）","Remilia（蕾米莉亚）","RumiaBox-露米娅的神秘盒子","StSLib","The Immortal","The Servant 0.9.4","TheWitcher"],"gold_per_floor":[113,113,129,129,129,129,159,172,172,190,22,48,58,90,90,165,165,181,195,145,165,5,31,31,65,65,65,90,90,100,110,110,189,189,209,53,64,64,83,118,145,190,225,257,281,318,330,110,110,110,110,110,110,143,143],"floor_reached":56,"playtime":3704,"items_purged":["Strike_Lin:ReiMu","Strike_Lin:ReiMu","DependentForm:ReiMu"],"score":3207,"play_id":"93374d64-7ba1-4bb7-ab3c-eccc5db00244","local_time":"20210101100211","is_ascension_mode":true,"campfire_choices":[{"data":"LovePray:ReiMu","floor":6,"key":"SMITH"},{"data":"MikOfLucky:ReiMu","floor":15,"key":"SMITH"},{"data":"NB:ReiMu","floor":24,"key":"SMITH"},{"floor":27,"key":"RECALL"},{"data":"RainPray2:ReiMu","floor":32,"key":"SMITH"},{"data":"RainPray2:ReiMu","floor":47,"key":"SMITH"},{"data":"LearningPray:ReiMu","floor":49,"key":"SMITH"},{"data":"Dreaming:ReiMu","floor":52,"key":"SMITH"}],"circlet_count":0,"master_deck":["AscendersBane","AT_FamilyPortrait","LearningPray:ReiMu+1","RainPray2:ReiMu+1","ManaGlint:ReiMu+1","LovePray:ReiMu+1","RainPray2:ReiMu+1","PassingAway:ReiMu+1","FantasyBorder:ReiMu+1","MikOfLucky:ReiMu+1","HakureiPhantom:ReiMu+1","FineLineFantasy:ReiMu+1","DependentForm:ReiMu+1","CleanRite:ReiMu+1","DependentForm:ReiMu+1","OctopathSalyBorderN:ReiMu","SubcavityFantasy:ReiMu+1","CardOfSanctity:ReiMu+1","Dreaming:ReiMu+1","RainPray2:ReiMu+1"],"relics":["FlyPower:ReiMu","AT_ATBox","AT_Manta","Blue Candle","Calipers","Turnip","Orrery","MagicDraw1","AT_EbonyIvory","Whetstone","Toxic Egg 2","CheatingSign:ReiMu","Mercury Hourglass","GodSword4","Runic Pyramid","AT_BellDemon","Mango","Ancient Tea Set","War Paint","Shuriken","Tiny Chest","SumBook","Gensokyo:MosesMiracle","Dream Catcher","MagicDraw3","GodSword5","Sozu","Pear","Frozen Eye","The Courier","Unceasing Top","Lizard Tail","MawBank","AT_RedNoBalance","Sundial","FossilizedHelix","Regal Pillow","FadedRune:ReiMu","Ornamental Fan","Mastiff:ReiMu","AT_Kusabimaru","ClockworkSouvenir","Happy Flower","Pantograph"],"acts_visited":["Exordium","Gensokyo:Gensokyo","Gensokyo:Gensokyoer","TheEnding"],"potions_floor_usage":[7,7,55,55],"damage_taken":[{"damage":0,"enemies":"Gensokyo:2_Kodama","floor":1,"turns":2},{"damage":0,"enemies":"Gensokyo:Python","floor":3,"turns":1},{"damage":0,"enemies":"Gensokyo:Aya","floor":7,"turns":1},{"damage":0,"enemies":"Gensokyo:3_Fairies","floor":8,"turns":2},{"damage":0,"enemies":"Gensokyo:Gryphon_and_Rabbit","floor":10,"turns":1},{"damage":1,"enemies":"Gensokyo:Cirno","floor":12,"turns":4},{"damage":0,"enemies":"Gensokyo:LivingMonolith","floor":13,"turns":1},{"damage":8,"enemies":"Gensokyo:Aya","floor":14,"turns":3},{"damage":0,"enemies":"Gensokyo:Yukari","floor":16,"turns":2},{"damage":0,"enemies":"Gensokyo:Chomper","floor":18,"turns":2},{"damage":0,"enemies":"Gensokyo:AngelMirror","floor":19,"turns":2},{"damage":0,"enemies":"Gensokyo:Chomper_and_Gloop","floor":21,"turns":2},{"damage":0,"enemies":"Gensokyo:Tenshi","floor":23,"turns":1},{"damage":0,"enemies":"Gensokyo:Koishi","floor":25,"turns":2},{"damage":50,"enemies":"Gensokyo:Reisen","floor":28,"turns":3},{"damage":44,"enemies":"Gensokyo:Wraith","floor":30,"turns":3},{"damage":0,"enemies":"Gensokyo:Monolith_and_Dog","floor":31,"turns":2},{"damage":0,"enemies":"Gensokyo:Eternal_Rivals","floor":33,"turns":3},{"damage":0,"enemies":"Gensokyo:3_Boulders","floor":35,"turns":1},{"damage":10,"enemies":"Gensokyo:3_Bats","floor":37,"turns":2},{"damage":0,"enemies":"Gensokyo:AtlasGolem","floor":39,"turns":2},{"damage":18,"enemies":"Gensokyo:Marisa","floor":40,"turns":3},{"damage":0,"enemies":"Gensokyo:4_Bats","floor":41,"turns":2},{"damage":0,"enemies":"Gensokyo:Kasen","floor":42,"turns":2},{"damage":0,"enemies":"Gensokyo:3_Boulders","floor":44,"turns":2},{"damage":0,"enemies":"Gensokyo:SeedOfUnknown","floor":45,"turns":2},{"damage":0,"enemies":"Gensokyo:Doremy","floor":46,"turns":2},{"damage":0,"enemies":"Gensokyo:Scarlet_Devils","floor":50,"turns":1},{"damage":0,"enemies":"Shield and Spear","floor":54,"turns":1},{"damage":176,"enemies":"The Heart","floor":55,"turns":4}],"seed_played":"2895536065305729003","potions_obtained":[],"is_trial":false,"path_per_floor":["M","?","M","T","?","R","E","M","T","M","$","E","M","E","R","B",null,"M","M","?","M","$","E","R","E","T","R","E","?","M","M","R","B",null,"M","COS","M","?","M","E","M","E","T","M","M","E","R","$","R","B",null,"R","$","E","B",null],"character_chosen":"REIMU","items_purchased":["Blue Candle","Turnip","Orrery","MagicDraw1","DistilledChaos","Ancient Potion","CheatingSign:ReiMu","AT_BellDemon","ClockworkSouvenir"],"campfire_rested":0,"item_purchase_floors":[0,0,0,0,0,0,11,22,48],"current_hp_per_floor":[18,18,18,18,18,18,18,50,50,57,57,67,67,59,59,59,65,65,67,74,74,74,88,88,88,88,88,38,38,44,44,44,88,88,98,98,98,98,98,98,98,49,49,98,49,98,98,98,98,98,98,98,98,98,98],"gold":143,"neow_bonus":"","is_daily":false,"chose_seed":false,"campfire_upgraded":7,"win_rate":0.0,"timestamp":1609466531,"path_taken":["M","?","?","?","?","R","E","M","T","?","?","E","M","E","R","BOSS","M","M","?","?","$","E","R","E","T","R","E","?","M","M","R","BOSS","M","COS","M","?","M","E","M","E","T","?","M","E","R","$","R","BOSS","R","$","E","BOSS"],"items_purchased_type":["Relic","Relic","Relic","Relic","Potion","Potion","Relic","Relic","Relic"],"build_version":"2020-12-22","purchased_purges":3,"victory":true,"max_hp_per_floor":[60,60,60,60,60,60,60,60,60,67,67,67,67,67,67,67,67,67,67,74,74,74,88,88,88,88,88,88,88,88,88,88,88,88,98,98,98,98,98,98,98,98,98,98,98,98,98,98,98,98,98,98,98,98,98],"card_choices":[{"not_picked":["CareerPray:ReiMu","SafetyPray:ReiMu"],"picked":"LearningPray:ReiMu","floor":0},{"not_picked":["CareerPray:ReiMu","TakeOff:ReiMu"],"picked":"RainPray2:ReiMu","floor":0},{"not_picked":["WonderfulDomain:ReiMu","SpringWay:ReiMu"],"picked":"ManaGlint:ReiMu","floor":0},{"not_picked":["SubAcupoint:ReiMu","FantasyBorder:ReiMu"],"picked":"LovePray:ReiMu","floor":0},{"not_picked":["CareerPray:ReiMu","Intuition:ReiMu"],"picked":"RainPray2:ReiMu","floor":0},{"not_picked":["SubcavityInstant:ReiMu","SubAcupoint:ReiMu","ForcedLanding:ReiMu"],"picked":"SKIP","floor":1},{"not_picked":["DoubleButterfly:ReiMu","SafetyPray:ReiMu"],"picked":"Mountainwind:ReiMu","floor":3},{"not_picked":["SpreadBorder2:ReiMu+1","KamiSacrifice:ReiMu+1"],"picked":"FantasyBorder:ReiMu+1","floor":7},{"not_picked":["Meditation:ReiMu+1","Intuition:ReiMu+1","EmergencyTakeOff:ReiMu+1"],"picked":"SKIP","floor":8},{"not_picked":["ForcedLanding:ReiMu","Enchanting:ReiMu+1","Intuition:ReiMu+1"],"picked":"SKIP","floor":10},{"not_picked":["AirStrike:ReiMu","CollectionFlower2:ReiMu+1","Gathering:ReiMu"],"picked":"SKIP","floor":12},{"not_picked":["Dreaming2:ReiMu","PhosphorusFlame:ReiMu+1","InherentArray:ReiMu"],"picked":"SKIP","floor":13},{"not_picked":["YinYangSange:ReiMu","KyokaiOfKami:ReiMu"],"picked":"MikOfLucky:ReiMu","floor":14},{"not_picked":["Shading:ReiMu+1","KyokaiOfKami:ReiMu"],"picked":"HakureiPhantom:ReiMu+1","floor":16},{"not_picked":["SpreadBorder2:ReiMu+1","Enchanting:ReiMu+1"],"picked":"RainPray2:ReiMu+1","floor":18},{"not_picked":["ManaGlint:ReiMu","Amulet:ReiMu+1","Conquer:ReiMu"],"picked":"SKIP","floor":19},{"not_picked":["AlertArray:ReiMu+1","MountainWay:ReiMu+1","TightArray:ReiMu"],"picked":"SKIP","floor":21},{"not_picked":["TightArray:ReiMu","AirStrike:ReiMu","DoubleButterfly:ReiMu"],"picked":"SKIP","floor":23},{"not_picked":["SubcavityInstant:ReiMu+1","FantasyMoon:ReiMu+1"],"picked":"FineLineFantasy:ReiMu+1","floor":25},{"not_picked":["RunawayExorcism:ReiMu+1","WonderfulDomain:ReiMu+1","Meditation:ReiMu+1"],"picked":"SKIP","floor":28},{"not_picked":["CareerPray:ReiMu+1","Amulet:ReiMu+1","LearningPray:ReiMu+1"],"picked":"SKIP","floor":30},{"not_picked":["Meditation:ReiMu+1","OrbThrow:ReiMu","ForcedLanding:ReiMu"],"picked":"SKIP","floor":31},{"not_picked":["Shading:ReiMu+1","CleanRite:ReiMu+1"],"picked":"CardOfSanctity:ReiMu+1","floor":33},{"not_picked":["SubAcupoint:ReiMu","Conquer:ReiMu","AlertArray:ReiMu+1"],"picked":"SKIP","floor":35},{"not_picked":["OctopathSalyBorderN:ReiMu","SpreadBorder2:ReiMu+1","KamiSacrifice:ReiMu+1"],"picked":"SKIP","floor":37},{"not_picked":["SafetyPray:ReiMu+1","AirManeuver:ReiMu+1","Meditation:ReiMu+1"],"picked":"SKIP","floor":39},{"not_picked":["UniversalSpiritual:ReiMu","SubcavityInstant:ReiMu+1","EmergencyTakeOff:ReiMu+1"],"picked":"SKIP","floor":40},{"not_picked":["Conquer:ReiMu","UpKicking:ReiMu+1","SubcavityInstant:ReiMu+1"],"picked":"SKIP","floor":41},{"not_picked":["TightArray:ReiMu","AlertArray:ReiMu+1","SubAcupoint:ReiMu"],"picked":"SKIP","floor":42},{"not_picked":["CareerPray:ReiMu+1","SpreadBorder2:ReiMu+1","OrbThrow:ReiMu"],"picked":"SKIP","floor":44},{"not_picked":["DoubleButterfly:ReiMu","CollectionFlower2:ReiMu+1","Dreaming:ReiMu"],"picked":"SKIP","floor":45},{"not_picked":["DoubleButterfly:ReiMu","CollectionFlower2:ReiMu+1"],"picked":"Dreaming:ReiMu","floor":45},{"not_picked":["SpringWay:ReiMu+1","KamiSacrifice:ReiMu+1"],"picked":"RainPray2:ReiMu+1","floor":46},{"not_picked":["CareerPray:ReiMu+1","Enchanting:ReiMu+1","Intuition:ReiMu+1"],"picked":"SKIP","floor":54}],"player_experience":680559,"relics_obtained":[{"floor":4,"key":"Whetstone"},{"floor":7,"key":"Toxic Egg 2"},{"floor":12,"key":"Mercury Hourglass"},{"floor":14,"key":"GodSword4"},{"floor":23,"key":"Mango"},{"floor":25,"key":"Ancient Tea Set"},{"floor":25,"key":"War Paint"},{"floor":26,"key":"Shuriken"},{"floor":28,"key":"Tiny Chest"},{"floor":28,"key":"SumBook"},{"floor":30,"key":"Dream Catcher"},{"floor":31,"key":"MagicDraw3"},{"floor":33,"key":"GodSword5"},{"floor":33,"key":"Gensokyo:MosesMiracle"},{"floor":35,"key":"Pear"},{"floor":37,"key":"The Courier"},{"floor":39,"key":"Unceasing Top"},{"floor":40,"key":"Lizard Tail"},{"floor":40,"key":"MawBank"},{"floor":41,"key":"AT_SilverBalance"},{"floor":42,"key":"Sundial"},{"floor":42,"key":"FossilizedHelix"},{"floor":43,"key":"Regal Pillow"},{"floor":44,"key":"FadedRune:ReiMu"},{"floor":45,"key":"Ornamental Fan"},{"floor":46,"key":"Mastiff:ReiMu"},{"floor":46,"key":"AT_Kusabimaru"},{"floor":54,"key":"Happy Flower"},{"floor":54,"key":"Pantograph"}],"event_choices":[],"is_beta":false,"boss_relics":[{"not_picked":["AddBug","SacredBark"],"picked":"Runic Pyramid"},{"not_picked":["ShineYinYang:ReiMu","Fusion Hammer"],"picked":"Sozu"}],"items_purged_floors":[0,0,48],"is_endless":false,"potions_floor_spawned":[8,10,12,18,23,25,37,39,42,44],"ascension_level":16}}