{"host":"s0ikvqhe10eopvjn","time":1609526912,"event":{"mods":["Act Like it!","Bard","BaseMod","Better Third Choice","Block Reminder","Colored Map","Colored Powertips","DeckTracker","Downfall","GifTheSpireLib","Halation","Hallownest","Hermit","Highlight Path","Hubris","Infinite Spire","Mad Scientist","Minty Spire (QoL Compilation)","Permanent Neow","Random Character Button","Replay The Spire","StSLib","The Blackbeard","The Blue Laboratory","The Bug Knight","The Construct","The Cursed","The Disciple","The Hierophant","The Marked","The Mystic","The Necromancer","The Poker Player","The Runesmith","The Servant 0.9.4"],"gold_per_floor":[112,130,146,71,0,25,25,25,52,69,69,69,69,81,81,183,183,193,69,89,89,89,89,109,109,135,163,12,23,23,23],"floor_reached":30,"playtime":1676,"items_purged":["Writhe","HollowMod:QuickDashStart"],"score":273,"play_id":"3a3b3ef2-2fcd-4690-bc95-41c1f4da9816","local_time":"20210101184832","is_ascension_mode":false,"campfire_choices":[{"floor":8.0,"key":"REST"},{"floor":12.0,"key":"RECALL"},{"floor":15.0,"key":"REST"},{"data":"HollowMod:FocusHealStart","floor":23,"key":"SMITH"}],"circlet_count":0,"master_deck":["HollowMod:NailStrikeStart","HollowMod:NailStrikeStart+1","HollowMod:NailStrikeStart","HollowMod:QuickDashStart","HollowMod:QuickDashStart+1","HollowMod:QuickDashStart","HollowMod:FocusHealStart+1","HollowMod:PogoStrike","HollowMod:DungDefenderAura","HollowMod:SharpenedNail","HollowMod:Grubsong","HollowMod:CornifersMapStart","HollowMod:GreatSlash","HollowMod:SoulVessel+1","HollowMod:ElderbugsWisdom","HollowMod:DashSlash+1","HollowMod:CycloneSlash","HollowMod:HuntersJournal+1","infinitespire:FinalStrike","HollowMod:HowlingWraiths","Hallownest:pwrSporeShroom","HollowMod:BaldurShell+1"],"relics":["HollowMod:VesselMask","NeowsBlessing","Regal Pillow","hubris:CuriousFeather","halation:PinkSoulGem","hubris:TerracottaHorce","halation:HeavySnake","infinitespire:PuzzleCube","infinitespire:Satchel","Question Card","Bag of Marbles"],"acts_visited":["Exordium","Hallownest:Greenpath"],"potions_floor_usage":[],"damage_taken":[{"damage":0.0,"enemies":"Hallownest:monsterHuskGuard","floor":1.0,"turns":1.0},{"damage":0.0,"enemies":"2_ Uuma","floor":2.0,"turns":1.0},{"damage":0.0,"enemies":"Hallownest:monsterHuskWarrior","floor":3.0,"turns":1.0},{"damage":41.0,"enemies":"Hallownest:eliteCrystalGuardian","floor":6.0,"turns":11.0},{"damage":0.0,"enemies":"Hallownest:Wandering_and_Horned","floor":10.0,"turns":7.0},{"damage":24.0,"enemies":"Hallownest:monsterFoolEater","floor":14.0,"turns":3.0},{"damage":93.0,"enemies":"Hallownest:BossFalseKnight","floor":16.0,"turns":12.0},{"damage":0,"enemies":"Hallownest:3_Youths","floor":18,"turns":6},{"damage":17,"enemies":"Hallownest:Guard_and_Sentry","floor":20,"turns":7},{"damage":19,"enemies":"Hallownest:2_Husk_Sentries","floor":24,"turns":6},{"damage":46,"enemies":"Hallownest:eliteSoulWarrior","floor":27,"turns":6},{"damage":8,"enemies":"Hallownest:2_Flukemon","floor":29,"turns":4},{"damage":37,"enemies":"Hallownest:2_Flukemon","floor":30,"turns":3}],"seed_played":"-6848925187711350738","potions_obtained":[{"floor":2.0,"key":"blueLaboratory:FrostheartPotion"},{"floor":6.0,"key":"Elixir"},{"floor":20,"key":"blueLaboratory:AbyssPotion"},{"floor":29,"key":"EssenceOfSteel"}],"is_trial":false,"path_per_floor":["M","M","M","?","?","E","?","R","T","M","?","R","?","M","R","B",null,"M","$","M","?","AVR","R","M","?","T","E","$","M","?"],"character_chosen":"THE_BUGKNIGHT","items_purchased":["HollowMod:CycloneSlash","Bag of Marbles"],"campfire_rested":2,"item_purchase_floors":[19,28],"current_hp_per_floor":[75,75,75,80,80,45,55,90,90,90,90,90,90,66,90,3,68,78,78,67,81,81,81,72,72,72,34,34,26,0,0],"gold":23,"neow_bonus":"THREE_ENEMY_KILL","is_daily":false,"chose_seed":false,"campfire_upgraded":1,"win_rate":0.0,"timestamp":1609526912,"path_taken":["M","?","M","?","?","E","?","R","T","M","?","R","?","M","R","BOSS","M","$","M","?","AVR","R","M","?","T","E","$","M","?"],"items_purchased_type":["Card","Relic"],"build_version":"2020-12-22","purchased_purges":2,"victory":false,"max_hp_per_floor":[75,75,75,80,80,80,90,90,90,90,90,90,90,90,90,90,90,90,90,90,90,90,90,90,90,90,90,90,90,90,90],"card_choices":[{"not_picked":["HollowMod:NewGlowingWomb","HollowMod:BaldurShell"],"picked":"HollowMod:DungDefenderAura","floor":1.0},{"not_picked":["HollowMod:NewGlowingWomb","HollowMod:CoiledNail"],"picked":"HollowMod:SharpenedNail","floor":2.0},{"not_picked":["HollowMod:NewGlowingWomb","HollowMod:SharpenedNail"],"picked":"HollowMod:Grubsong","floor":3.0},{"not_picked":["HollowMod:VoidDash","HollowMod:MawleksShell"],"picked":"HollowMod:CornifersMapStart","floor":6.0},{"not_picked":["HollowMod:DungDefenderAura","HollowMod:MothsMistake"],"picked":"HollowMod:GreatSlash","floor":10.0},{"not_picked":["HollowMod:SiblingsSouls","HollowMod:WraithStrike","HollowMod:TaintedHusks"],"picked":"SKIP","floor":14.0},{"not_picked":["HollowMod:VoidDash","HollowMod:theNailsmith"],"picked":"HollowMod:ElderbugsWisdom","floor":16.0},{"not_picked":["HollowMod:VengefulVoid+1","HollowMod:InfectedCysts"],"picked":"HollowMod:DashSlash+1","floor":18},{"not_picked":["HollowMod:NewLittleFool","HollowMod:HeavyBlow"],"picked":"HollowMod:HuntersJournal+1","floor":20},{"not_picked":["HollowMod:HuntersJournal","HollowMod:VengefulVoid"],"picked":"HollowMod:HowlingWraiths","floor":24},{"not_picked":["HollowMod:DesolateDive","HollowMod:MawleksShell","HollowMod:SiblingsShadow+1"],"picked":"SKIP","floor":27},{"not_picked":["HollowMod:CornifersMapStart","HollowMod:InfectedCysts+1","HollowMod:VengefulVoid"],"picked":"HollowMod:BaldurShell+1","floor":29}],"player_experience":118753,"relics_obtained":[{"floor":6.0,"key":"hubris:CuriousFeather"},{"floor":26,"key":"infinitespire:Satchel"},{"floor":27,"key":"Question Card"}],"event_choices":[],"is_beta":false,"boss_relics":[{"not_picked":["hubris:HollowSoul","Sozu"],"picked":"hubris:TerracottaHorce"}],"items_purged_floors":[19,22],"is_endless":false,"potions_floor_spawned":[2,3,6,20,24,29],"killed_by":"Hallownest:2_Flukemon","ascension_level":0}}