{"host":"lkyw40t68mxhwfjf","time":1609517331,"event":{"mods":["2.2 Compatiblity","Act Like it!","Arknights The Spire","BaseMod","Hallownest","HololiveMod","Hubris","Koishi","Lobotomy","Marisa¡]Ãú«B¡@Å]²z¨F¡^","Minty Spire (QoL Compilation)","Prisma Mod","Reimu¡]³Õ???¡^","Remilia¡]Á¢¦Ì²ú?¡^","Replay The Spire","RumiaBox-ÅS¦Ì?ªº¯«¯µ²°¤l","StSLib","The Animator","The Servant 0.9.4","TheSwordswoman","WarShipGirlsR/??¤Ö¤kR mod","Youmu¡]»î¾z§¯?¡^","Yuyuko"],"gold_per_floor":[110,110,40,40,40,272,272,283,283,317,20,23,33,63,63,160,160,178,178,188,63,78,78,78,78],"floor_reached":24,"playtime":918,"items_purged":["ats:Defend"],"score":239,"play_id":"7b30be98-787a-4463-ad8f-71ab8a31df48","local_time":"20210102000851","is_ascension_mode":false,"campfire_choices":[{"data":"ats:Healing Strengthening","floor":7,"key":"SMITH"},{"data":"ats:Healing Strengthening","floor":15,"key":"SMITH"},{"data":"ats:Healing Strengthening","floor":23,"key":"SMITH"}],"circlet_count":0,"master_deck":["ats:Strike C","ats:Strike G","ats:Strike S","ats:Strike V","ats:Armor Crushing Shot","ats:Defend","ats:Defend","ats:Defend+1","ats:Emotion Absorption+1","ats:Leaping Hammer","ats:Healing Strengthening+1","ats:Flexible Camouflage","ats:True Silver Slash","ats:Shell Defense","ats:Apocalypse","ats:Healing Strengthening+1","ats:Explosion Area Strengthen","ats:Explosion Area Strengthen","ats:Flexible Camouflage","ats:Sword Rain","ats:Flexible Camouflage","ats:Shadow Assault","ats:Assault Order","ats:Healing Strengthening+1","ats:Apocalypse","ats:Revitalization"],"relics":["ats:Sanity","NeowsBlessing","AddBug","SecretRecord","SecretRecord","SecretRecord","SecretRecord","Baka2"],"acts_visited":["Exordium","TheCity"],"potions_floor_usage":[10,10,16,16,24,24],"damage_taken":[{"damage":0,"enemies":"Cultist","floor":1,"turns":1},{"damage":0,"enemies":"Gremlin Nob","floor":6,"turns":1},{"damage":0,"enemies":"Small Slimes","floor":8,"turns":1},{"damage":28,"enemies":"Lagavulin","floor":10,"turns":5},{"damage":0,"enemies":"Jaw Worm","floor":12,"turns":4},{"damage":10,"enemies":"2 Fungi Beasts","floor":13,"turns":2},{"damage":7,"enemies":"3 Sentries","floor":14,"turns":4},{"damage":133,"enemies":"Hexaghost","floor":16,"turns":13},{"damage":91,"enemies":"2 Thieves","floor":18,"turns":4},{"damage":68,"enemies":"Shell Parasite","floor":20,"turns":4},{"damage":11,"enemies":"Cultist and Chosen","floor":22,"turns":3},{"damage":629,"enemies":"Book of Stabbing","floor":24,"turns":17}],"seed_played":"-5471213392588478231","potions_obtained":[{"floor":6,"key":"GrandPatriotsElixir:ReiMu"},{"floor":8,"key":"EssenceOfSteel"},{"floor":12,"key":"EntropicBrew"},{"floor":14,"key":"Strength Potion"}],"is_trial":false,"path_per_floor":["M","?","$","?","?","E","R","M","T","E","$","M","M","E","R","B",null,"M","?","M","$","M","R","E"],"character_chosen":"DOCTOR_CLASS","items_purchased":["ats:Healing Strengthening","ats:Apocalypse","ats:Healing Strengthening","ats:Cure","ats:Explosion Area Strengthen","ats:Apocalypse"],"campfire_rested":0,"item_purchase_floors":[3,11,11,11,11,21],"current_hp_per_floor":[72,72,72,72,72,72,72,72,72,44,44,63,53,71,71,30,72,72,59,74,74,71,71,0,0],"gold":78,"neow_bonus":"THREE_ENEMY_KILL","is_daily":false,"chose_seed":false,"campfire_upgraded":3,"win_rate":0.0,"timestamp":1609517331,"path_taken":["M","?","$","?","?","E","R","?","T","E","$","M","M","E","R","BOSS","M","?","M","$","M","R","E"],"items_purchased_type":["Card","Card","Card","Relic","Card","Card"],"build_version":"2020-12-22","purchased_purges":1,"victory":false,"max_hp_per_floor":[72,72,72,72,72,72,72,72,72,72,72,72,72,72,72,72,72,72,77,77,77,77,77,77,77],"card_choices":[{"not_picked":["ats:Thermite Blade","ats:Powerful Strike"],"picked":"ats:Leaping Hammer","floor":1},{"not_picked":["ats:Leaping Hammer","ats:Childhood Dance"],"picked":"ats:Flexible Camouflage","floor":6},{"not_picked":["ats:Support Order","ats:Burning Ground"],"picked":"ats:True Silver Slash","floor":8},{"not_picked":["ats:Powerful Strike","ats:Leaping Hammer"],"picked":"ats:Shell Defense","floor":10},{"not_picked":["ats:Leaping Hammer","ats:Cat Scratch"],"picked":"ats:Flexible Camouflage","floor":12},{"not_picked":["ats:Consecutive Shot Auto","ats:Shell Defense"],"picked":"ats:Sword Rain","floor":13},{"not_picked":["ats:Very Hot Blade","ats:Hammer On"],"picked":"ats:Flexible Camouflage","floor":14},{"not_picked":["ats:Fractured Body","ats:Echo Reverb"],"picked":"ats:Shadow Assault","floor":16},{"not_picked":["ats:Blood Oath","ats:Cat Scratch+1"],"picked":"ats:Assault Order","floor":18},{"not_picked":["ats:Leaping Hammer","ats:Curse Doll"],"picked":"ats:Healing Strengthening","floor":20},{"not_picked":["ats:Ignite+1","ats:Part Time Job"],"picked":"ats:Revitalization","floor":22}],"player_experience":400258,"relics_obtained":[{"floor":1,"key":"Baka"},{"floor":1,"key":"AddBug"},{"floor":6,"key":"ats:Originium"},{"floor":6,"key":"hubris:SlimyHat"},{"floor":8,"key":"SecretRecord"},{"floor":9,"key":"SumBook"},{"floor":10,"key":"SecretRecord"},{"floor":10,"key":"ats:Originium"},{"floor":10,"key":"Smiling Mask"},{"floor":14,"key":"ats:Originium"},{"floor":14,"key":"Replay:WaspNest"},{"floor":18,"key":"SecretRecord"},{"floor":22,"key":"Baka2"}],"event_choices":[{"damage_healed":0,"gold_gain":0,"player_choice":"Grow","damage_taken":0,"max_hp_gain":0,"max_hp_loss":0,"event_name":"Living Wall","floor":2,"gold_loss":0,"cards_upgraded":["ats:Emotion Absorption"]},{"damage_healed":0,"gold_gain":0,"player_choice":"Trade","damage_taken":0,"relics_obtained":["CultistMask"],"max_hp_gain":0,"max_hp_loss":0,"event_name":"FaceTrader","floor":5,"gold_loss":0},{"damage_healed":0,"gold_gain":0,"player_choice":"Shed Blood","damage_taken":18,"max_hp_gain":5,"max_hp_loss":0,"event_name":"Forgotten Altar","floor":19,"gold_loss":0}],"is_beta":false,"boss_relics":[{"not_picked":["hubris:CrackedHourglass","hubris:RunicObelisk"],"picked":"SlaversCollar"}],"items_purged_floors":[21],"is_endless":false,"potions_floor_spawned":[6,8,12,14,22],"killed_by":"Book of Stabbing","ascension_level":0}}