{"host":"k0kjm4m87pwj4phr","time":1609489661,"event":{"mods":["BaseMod","Colored Map","Colored Powertips","Minty Spire (QoL Compilation)","Permanent Neow","Quick Restart","Relic Stats","Replay The Spire","StSLib","The Marked","óô»ðÖ¸ÄÏ"],"gold_per_floor":[14,14,14,33,47,47,62,90,90,100,100,119,139,25,25,122,122,141,141,161,91462,91512,91512,91568,91568,91568,91627,91667,77621,77655,77580,77589,77717,77717,77749,77812,77575,77575,77599,77599,77650,77650,77673,76865,76930,76770,76770,76770,76770,76806],"floor_reached":51,"playtime":2506,"items_purged":["theMarked:Strike","theMarked:Strike","theMarked:CreepingChasm","theMarked:Defend","theMarked:Defend","theMarked:SuspiciousRaven+1"],"score":943,"play_id":"d9b165ab-c9c6-4d89-98f1-6c83525e6624","local_time":"20210101162741","is_ascension_mode":false,"campfire_choices":[{"data":"theMarked:Seal","floor":6.0,"key":"SMITH"},{"floor":11,"key":"REST"},{"data":"theMarked:BanishingWave","floor":15,"key":"SMITH"},{"data":"theMarked:SoldierForm","floor":23,"key":"SMITH"},{"data":"theMarked:MysticalArsenal","floor":23,"key":"SMITH"},{"data":"theMarked:SoldierOfQuellstein","floor":25,"key":"SMITH"},{"data":"theMarked:TurnInvisible","floor":25,"key":"SMITH"},{"data":"theMarked:Strike","floor":32,"key":"SMITH"},{"data":"theMarked:Strike","floor":32,"key":"SMITH"},{"floor":40,"key":"DIG"},{"data":"theMarked:Strike","floor":42,"key":"SMITH"},{"data":"theMarked:Strike","floor":42,"key":"SMITH"},{"data":"1","floor":47,"key":"LIFT"},{"data":"2","floor":49,"key":"LIFT"}],"circlet_count":13,"master_deck":["theMarked:Strike","theMarked:Strike","theMarked:SoldierOfQuellstein+1","theMarked:TurnInvisible+1","theMarked:BanishingWave+1","theMarked:MysticalArsenal+1","theMarked:SoldierForm+1","theMarked:ComboAttacks+1","theMarked:ComboAttacks+1","theMarked:ChannelForce+1","theMarked:ChannelForce+1","theMarked:Parry+1"],"relics":["theMarked:ArtifactOfAir","ReplayTheSpireMod:TigerMarble","The Courier","theMarked:SpiritSword","ReplayFunnel","Pear","Molten Egg 2","War Paint","Vajra","Bottled Tornado","MealTicket","Replay:Bandana","Oddly Smooth Stone","PreservedInsect","Centennial Puzzle","Toy Ornithopter","Orichalcum","Nunchaku","Replay:Mystery Machine","Simple Rune","Anchor","Replay:Baseball","Frozen Egg 2","Pet Ghost","Durian","Replay:WaspNest","Regal Pillow","Blood Vial","ReplayTheSpireMod:Lightbulb","Replay:Wax Seal","Strawberry","theMarked:DemonDagger","Lizard Tail","Potion Belt","Du-Vu Doll","CeramicFish","Omamori","Boot","Blue Candle","Happy Flower","Incense Burner","Dream Catcher","Replay:Rubber Ducky","Bag of Marbles","Replay:Arrowhead","Snack Pack","Pantograph","Art of War","Juzu Bracelet","Blue Doll","Bronze Scales","Strange Spoon","Lantern","Gremlin Food","Singing Bowl","Prayer Wheel","Akabeko","Tiny Chest","CaptainsWheel","Bag of Preparation","Ancient Tea Set","Eternal Feather","Bird Faced Urn","Replay:Ringing Soul","Iron Hammer","Letter Opener","Quantum Egg","Question Card","White Beast Statue","Guide Book","Meat on the Bone","Gremlin Horn","Ornamental Fan","Mango","theMarked:Gun","Mirror","ReplayTheSpireMod:Ninjato","Sundial","Matryoshka","ReplayTheSpireMod:Shallot","theMarked:KettuFlask","InkBottle","Toxic Egg 2","Replay:Bottled Eggs","Shuriken","Garlic","Onion Ring","Bottled Flame","Bottled Lightning","Divine Protection","Mercury Hourglass","Thread and Needle","StrikeDummy","Golden Egg","HornCleat","Kunai","Mummified Hand","Shovel","Turnip","Replay:Bottled Steam","theMarked:NailFile","Darkstone Periapt","Counterbalance","Ginger","Girya","TungstenRod","Replay:Accelerometer","theMarked:VonisonLock","StoneCalendar","Replay:Towering Pillar of Hats","Ice Cream","Torii","Replay:Multitool","Replay:PocketPolymizer","theMarked:SecretDocuments","Unceasing Top","WingedGreaves","FossilizedHelix","Pocketwatch","Calipers","Pondfish Scales","Dead Branch","Circlet","Replay:Kaleidoscope","Gambling Chip","Red Mask","Kintsugi","PrismaticShard"],"acts_visited":["Exordium","TheCity","TheBeyond"],"potions_floor_usage":[16],"damage_taken":[{"damage":0.0,"enemies":"Small Slimes","floor":1.0,"turns":3.0},{"damage":3.0,"enemies":"Jaw Worm","floor":4.0,"turns":3.0},{"damage":1.0,"enemies":"Cultist","floor":5.0,"turns":3.0},{"damage":1.0,"enemies":"3 Louse","floor":7.0,"turns":2.0},{"damage":31.0,"enemies":"Replay:BlueRogue","floor":8.0,"turns":5.0},{"damage":10,"enemies":"Lots of Slimes","floor":10,"turns":4},{"damage":0,"enemies":"2 Fungi Beasts","floor":12,"turns":2},{"damage":1,"enemies":"Large Slime","floor":13,"turns":6},{"damage":18,"enemies":"Fading Forest","floor":16,"turns":11},{"damage":7,"enemies":"Spheric Guardian","floor":18,"turns":4},{"damage":22,"enemies":"3 Byrds","floor":20,"turns":5},{"damage":0,"enemies":"Snecko","floor":22,"turns":1},{"damage":0,"enemies":"Slavers","floor":24,"turns":2},{"damage":0,"enemies":"Chosen and Byrds","floor":27,"turns":1},{"damage":0,"enemies":"Sentry and Sphere","floor":28,"turns":2},{"damage":0,"enemies":"Masked Bandits","floor":30,"turns":1},{"damage":0,"enemies":"Champ","floor":33,"turns":1},{"damage":0,"enemies":"Orb Walker","floor":35,"turns":1},{"damage":0,"enemies":"2 Orb Walkers","floor":36,"turns":1},{"damage":0,"enemies":"3 Shapes","floor":39,"turns":1},{"damage":0,"enemies":"R_Hoarder","floor":41,"turns":2},{"damage":0,"enemies":"Mind Bloom Boss Battle","floor":45,"turns":1},{"damage":0,"enemies":"Donu and Deca","floor":50,"turns":1}],"seed_played":"-4732449650017970015","potions_obtained":[{"floor":1.0,"key":"BlessingOfTheForge"},{"floor":7.0,"key":"SkillPotion"},{"floor":12,"key":"Adrenaline Potion"},{"floor":16,"key":"Fruit Juice"},{"floor":18,"key":"Dexterity Potion"},{"floor":20,"key":"Elixir"},{"floor":24,"key":"Milkshake"},{"floor":30,"key":"Dexterity Potion"}],"is_trial":false,"path_per_floor":["M","?","T","M","M","R","M","E","T","M","R","M","M","$","R","B",null,"M","?","M","$","M","R","E","R","T","M","M","$","?","?","R","B",null,"M","?","$","T","M","R","E","R","T","$","?","$","R","?","R_BF","B",null],"character_chosen":"THE_DEFAULT","items_purchased":["theMarked:MysticalArsenal","theMarked:Improvise","Pear","Molten Egg 2","War Paint","Vajra","Bottled Tornado","MealTicket","Replay:Bandana","Oddly Smooth Stone","PreservedInsect","Centennial Puzzle","Toy Ornithopter","Orichalcum","Nunchaku","Replay:Mystery Machine","Simple Rune","Anchor","Replay:Baseball","Frozen Egg 2","Pet Ghost","Durian","Replay:WaspNest","Regal Pillow","Blood Vial","ReplayTheSpireMod:Lightbulb","Replay:Wax Seal","Strawberry","theMarked:DemonDagger","Lizard Tail","Potion Belt","Du-Vu Doll","CeramicFish","Omamori","Boot","Blue Candle","Happy Flower","Incense Burner","Dream Catcher","Replay:Rubber Ducky","Bag of Marbles","Replay:Arrowhead","Snack Pack","Pantograph","Art of War","Juzu Bracelet","Blue Doll","Bronze Scales","Strange Spoon","Lantern","Gremlin Food","Singing Bowl","Prayer Wheel","Akabeko","Tiny Chest","CaptainsWheel","Bag of Preparation","Ancient Tea Set","Eternal Feather","Iron Hammer","Letter Opener","Quantum Egg","Question Card","White Beast Statue","Guide Book","Meat on the Bone","Gremlin Horn","Ornamental Fan","Mango","theMarked:Gun","Mirror","ReplayTheSpireMod:Ninjato","Sundial","Matryoshka","ReplayTheSpireMod:Shallot","theMarked:KettuFlask","InkBottle","Toxic Egg 2","Replay:Bottled Eggs","Shuriken","Garlic","Onion Ring","Bottled Flame","Bottled Lightning","Divine Protection","Mercury Hourglass","Thread and Needle","StrikeDummy","Golden Egg","HornCleat","Kunai","Mummified Hand","Shovel","Turnip","Replay:Bottled Steam","theMarked:NailFile","Darkstone Periapt","Counterbalance","Ginger","Girya","TungstenRod","Replay:Accelerometer","theMarked:VonisonLock","StoneCalendar","Replay:Towering Pillar of Hats","Ice Cream","Torii","Replay:Multitool","Replay:PocketPolymizer","theMarked:SecretDocuments","Unceasing Top","WingedGreaves","FossilizedHelix","Pocketwatch","Calipers","Pondfish Scales","Dead Branch","Circlet","Circlet","Circlet","Replay:Kaleidoscope","Gambling Chip","PrismaticShard","Circlet","Circlet"],"campfire_rested":1,"item_purchase_floors":[14,21,21,21,21,21,21,21,21,21,21,21,21,21,21,21,21,21,21,21,21,21,21,21,21,21,21,21,21,21,21,21,21,21,21,21,21,21,21,21,21,21,21,21,21,21,21,21,21,21,21,21,21,21,21,21,21,21,21,29,29,29,29,29,29,29,29,29,29,29,29,29,29,29,29,29,29,29,29,29,29,29,29,29,29,29,29,29,29,29,29,29,29,29,29,29,29,29,29,29,29,29,29,29,29,29,29,29,29,29,29,29,29,29,29,29,29,29,29,29,29,29,37,44,44],"current_hp_per_floor":[70,70,70,67,66,66,65,34,34,24,45,45,44,44,44,41,75,68,68,46,68,76,85,95,101,101,104,108,122,124,124,127,130,130,135,137,137,137,141,141,143,143,143,143,145,145,145,145,145,145],"gold":76806,"neow_bonus":"REMOVE_TWO","is_daily":false,"chose_seed":false,"campfire_upgraded":10,"win_rate":0.0,"timestamp":1609489661,"path_taken":["M","?","?","M","M","R","M","E","T","M","R","M","?","$","R","BOSS","M","?","M","$","M","R","E","R","T","M","M","$","?","?","R","BOSS","M","?","$","?","M","R","E","R","T","$","?","$","R","?","R_BF","BOSS"],"items_purchased_type":["Card","Card","Relic","Relic","Relic","Relic","Relic","Relic","Relic","Relic","Relic","Relic","Relic","Relic","Relic","Relic","Relic","Relic","Relic","Relic","Relic","Relic","Relic","Relic","Relic","Relic","Relic","Relic","Relic","Relic","Relic","Relic","Relic","Relic","Relic","Relic","Relic","Relic","Relic","Relic","Relic","Relic","Relic","Relic","Relic","Relic","Relic","Relic","Relic","Relic","Relic","Relic","Relic","Relic","Relic","Relic","Relic","Relic","Relic","Relic","Relic","Relic","Relic","Relic","Relic","Relic","Relic","Relic","Relic","Relic","Relic","Relic","Relic","Relic","Relic","Relic","Relic","Relic","Relic","Relic","Relic","Relic","Relic","Relic","Relic","Relic","Relic","Relic","Relic","Relic","Relic","Relic","Relic","Relic","Relic","Relic","Relic","Relic","Relic","Relic","Relic","Relic","Relic","Relic","Relic","Relic","Relic","Relic","Relic","Relic","Relic","Relic","Relic","Relic","Relic","Relic","Relic","Undefined","Undefined","Undefined","Relic","Relic","Relic","Undefined","Undefined"],"build_version":"2020-12-22","purchased_purges":6,"victory":true,"max_hp_per_floor":[70,70,70,70,70,70,70,70,70,70,70,70,70,70,70,75,75,75,75,75,97,99,99,101,101,101,104,108,122,124,124,127,130,130,135,137,137,137,141,141,143,143,143,143,145,145,145,145,145,145],"relic_stats":{"Gremlin Horn":[4,4],"CeramicFish":54,"Ginger":[0],"Boot":[0],"Blood Vial":4,"Centennial Puzzle":[0],"Lizard Tail":0,"Sundial":[4],"MealTicket":0,"Prayer Wheel":5,"Kunai":[10],"Happy Flower":[5],"counters":[23,62],"Blue Candle":[0],"Dead Branch":[25],"Eternal Feather":15,"Letter Opener":[25],"War Paint":["theMarked:Improvise","theMarked:Defend"],"Question Card":9,"Shuriken":[10],"Bronze Scales":[6],"Bird Faced Urn":[0],"obtain_stats":[{"Golden Egg":29,"Replay:Accelerometer":29,"Ginger":29,"Bottled Tornado":21,"Boot":21,"Blood Vial":21,"Replay:Ringing Soul":26,"Sundial":29,"MealTicket":21,"Kunai":29,"Replay:Wax Seal":21,"Replay:Bottled Steam":29,"theMarked:DemonDagger":21,"Pear":21,"Blue Candle":21,"Counterbalance":29,"Eternal Feather":21,"Akabeko":21,"Bird Faced Urn":24,"Kintsugi":34,"StrikeDummy":29,"Unceasing Top":29,"Regal Pillow":21,"Lantern":21,"Singing Bowl":21,"Torii":29,"Blue Doll":21,"StoneCalendar":29,"Bag of Preparation":21,"Replay:Multitool":29,"Ancient Tea Set":21,"Pet Ghost":21,"Replay:Rubber Ducky":21,"theMarked:KettuFlask":29,"Matryoshka":29,"Shovel":29,"theMarked:SecretDocuments":29,"WingedGreaves":29,"Replay:Bottled Eggs":29,"InkBottle":29,"Potion Belt":21,"theMarked:NailFile":29,"theMarked:Gun":29,"Circlet":29,"Thread and Needle":29,"The Courier":9,"PreservedInsect":21,"Omamori":21,"Frozen Egg 2":21,"Replay:Arrowhead":21,"theMarked:ArtifactOfAir":0,"Ornamental Fan":29,"Turnip":29,"Durian":21,"Art of War":21,"Garlic":29,"Bottled Lightning":29,"ReplayTheSpireMod:Lightbulb":21,"Toy Ornithopter":21,"Ice Cream":29,"Divine Protection":29,"Calipers":29,"Gremlin Horn":29,"CeramicFish":21,"Vajra":21,"theMarked:SpiritSword":17,"Centennial Puzzle":21,"Lizard Tail":21,"HornCleat":29,"Strawberry":21,"Prayer Wheel":21,"Iron Hammer":29,"theMarked:VonisonLock":29,"Toxic Egg 2":29,"Girya":29,"Happy Flower":21,"Dead Branch":29,"Oddly Smooth Stone":21,"Letter Opener":29,"Replay:Kaleidoscope":29,"War Paint":21,"Question Card":29,"Du-Vu Doll":21,"Replay:Baseball":21,"Bottled Flame":29,"ReplayTheSpireMod:Shallot":29,"Shuriken":29,"Bronze Scales":21,"Molten Egg 2":21,"Simple Rune":21,"Onion Ring":29,"ReplayTheSpireMod:TigerMarble":8,"Mirror":29,"Meat on the Bone":29,"Pocketwatch":29,"ReplayFunnel":19,"Darkstone Periapt":29,"Replay:PocketPolymizer":29,"Mango":29,"Incense Burner":21,"Juzu Bracelet":21,"Replay:Mystery Machine":21,"PrismaticShard":37,"Replay:Bandana":21,"Nunchaku":21,"Dream Catcher":21,"Mummified Hand":29,"Pantograph":21,"Gambling Chip":29,"Tiny Chest":21,"Red Mask":30,"Gremlin Food":21,"ReplayTheSpireMod:Ninjato":29,"Replay:Towering Pillar of Hats":29,"Quantum Egg":29,"Guide Book":29,"Replay:WaspNest":21,"Orichalcum":21,"White Beast Statue":29,"Mercury Hourglass":29,"Strange Spoon":21,"Anchor":21,"CaptainsWheel":21,"Pondfish Scales":29,"Bag of Marbles":21,"Snack Pack":21,"TungstenRod":29,"FossilizedHelix":29},{"Golden Egg":15,"Replay:Accelerometer":15,"Ginger":15,"Bottled Tornado":11,"Boot":11,"Blood Vial":11,"Replay:Ringing Soul":13,"Sundial":15,"MealTicket":11,"Kunai":15,"Replay:Wax Seal":11,"Replay:Bottled Steam":15,"theMarked:DemonDagger":11,"Pear":11,"Blue Candle":11,"Counterbalance":15,"Eternal Feather":11,"Akabeko":11,"Bird Faced Urn":13,"Kintsugi":17,"StrikeDummy":15,"Unceasing Top":15,"Regal Pillow":11,"Lantern":11,"Singing Bowl":11,"Torii":15,"Blue Doll":11,"StoneCalendar":15,"Bag of Preparation":11,"Replay:Multitool":15,"Ancient Tea Set":11,"Pet Ghost":11,"Replay:Rubber Ducky":11,"theMarked:KettuFlask":15,"Matryoshka":15,"Shovel":15,"theMarked:SecretDocuments":15,"WingedGreaves":15,"Replay:Bottled Eggs":15,"InkBottle":15,"Potion Belt":11,"theMarked:NailFile":15,"theMarked:Gun":15,"Circlet":15,"Thread and Needle":15,"The Courier":5,"PreservedInsect":11,"Omamori":11,"Frozen Egg 2":11,"Replay:Arrowhead":11,"theMarked:ArtifactOfAir":0,"Ornamental Fan":15,"Turnip":15,"Durian":11,"Art of War":11,"Garlic":15,"Bottled Lightning":15,"ReplayTheSpireMod:Lightbulb":11,"Toy Ornithopter":11,"Ice Cream":15,"Divine Protection":15,"Calipers":15,"Gremlin Horn":15,"CeramicFish":11,"Vajra":11,"theMarked:SpiritSword":9,"Centennial Puzzle":11,"Lizard Tail":11,"HornCleat":15,"Strawberry":11,"Prayer Wheel":11,"Iron Hammer":15,"theMarked:VonisonLock":15,"Toxic Egg 2":15,"Girya":15,"Happy Flower":11,"Dead Branch":15,"Oddly Smooth Stone":11,"Letter Opener":15,"Replay:Kaleidoscope":15,"War Paint":11,"Question Card":15,"Du-Vu Doll":11,"Replay:Baseball":11,"Bottled Flame":15,"ReplayTheSpireMod:Shallot":15,"Shuriken":15,"Bronze Scales":11,"Molten Egg 2":11,"Simple Rune":11,"Onion Ring":15,"ReplayTheSpireMod:TigerMarble":5,"Mirror":15,"Meat on the Bone":15,"Pocketwatch":15,"ReplayFunnel":10,"Darkstone Periapt":15,"Replay:PocketPolymizer":15,"Mango":15,"Incense Burner":11,"Juzu Bracelet":11,"Replay:Mystery Machine":11,"PrismaticShard":19,"Replay:Bandana":11,"Nunchaku":11,"Dream Catcher":11,"Mummified Hand":15,"Pantograph":11,"Gambling Chip":15,"Tiny Chest":11,"Red Mask":16,"Gremlin Food":11,"ReplayTheSpireMod:Ninjato":15,"Replay:Towering Pillar of Hats":15,"Quantum Egg":15,"Guide Book":15,"Replay:WaspNest":11,"Orichalcum":11,"White Beast Statue":15,"Mercury Hourglass":15,"Strange Spoon":11,"Anchor":11,"CaptainsWheel":11,"Pondfish Scales":15,"Bag of Marbles":11,"Snack Pack":11,"TungstenRod":15,"FossilizedHelix":15},{"Golden Egg":53,"Replay:Accelerometer":53,"Ginger":53,"Bottled Tornado":47,"Boot":47,"Blood Vial":47,"Replay:Ringing Soul":50,"Sundial":53,"MealTicket":47,"Kunai":53,"Replay:Wax Seal":47,"Replay:Bottled Steam":53,"theMarked:DemonDagger":47,"Pear":47,"Blue Candle":47,"Counterbalance":53,"Eternal Feather":47,"Akabeko":47,"Bird Faced Urn":50,"Kintsugi":55,"StrikeDummy":53,"Unceasing Top":53,"Regal Pillow":47,"Lantern":47,"Singing Bowl":47,"Torii":53,"Blue Doll":47,"StoneCalendar":53,"Bag of Preparation":47,"Replay:Multitool":53,"Ancient Tea Set":47,"Pet Ghost":47,"Replay:Rubber Ducky":47,"theMarked:KettuFlask":53,"Matryoshka":53,"Shovel":53,"theMarked:SecretDocuments":53,"WingedGreaves":53,"Replay:Bottled Eggs":53,"InkBottle":53,"Potion Belt":47,"theMarked:NailFile":53,"theMarked:Gun":53,"Circlet":53,"Thread and Needle":53,"The Courier":16,"PreservedInsect":47,"Omamori":47,"Frozen Egg 2":47,"Replay:Arrowhead":47,"theMarked:ArtifactOfAir":0,"Ornamental Fan":53,"Turnip":53,"Durian":47,"Art of War":47,"Garlic":53,"Bottled Lightning":53,"ReplayTheSpireMod:Lightbulb":47,"Toy Ornithopter":47,"Ice Cream":53,"Divine Protection":53,"Calipers":53,"Gremlin Horn":53,"CeramicFish":47,"Vajra":47,"theMarked:SpiritSword":38,"Centennial Puzzle":47,"Lizard Tail":47,"HornCleat":53,"Strawberry":47,"Prayer Wheel":47,"Iron Hammer":53,"theMarked:VonisonLock":53,"Toxic Egg 2":53,"Girya":53,"Happy Flower":47,"Dead Branch":53,"Oddly Smooth Stone":47,"Letter Opener":53,"Replay:Kaleidoscope":53,"War Paint":47,"Question Card":53,"Du-Vu Doll":47,"Replay:Baseball":47,"Bottled Flame":53,"ReplayTheSpireMod:Shallot":53,"Shuriken":53,"Bronze Scales":47,"Molten Egg 2":47,"Simple Rune":47,"Onion Ring":53,"ReplayTheSpireMod:TigerMarble":16,"Mirror":53,"Meat on the Bone":53,"Pocketwatch":53,"ReplayFunnel":42,"Darkstone Periapt":53,"Replay:PocketPolymizer":53,"Mango":53,"Incense Burner":47,"Juzu Bracelet":47,"Replay:Mystery Machine":47,"PrismaticShard":57,"Replay:Bandana":47,"Nunchaku":47,"Dream Catcher":47,"Mummified Hand":53,"Pantograph":47,"Gambling Chip":53,"Tiny Chest":47,"Red Mask":54,"Gremlin Food":47,"ReplayTheSpireMod:Ninjato":53,"Replay:Towering Pillar of Hats":53,"Quantum Egg":53,"Guide Book":53,"Replay:WaspNest":47,"Orichalcum":47,"White Beast Statue":53,"Mercury Hourglass":53,"Strange Spoon":47,"Anchor":47,"CaptainsWheel":47,"Pondfish Scales":53,"Bag of Marbles":47,"Snack Pack":47,"TungstenRod":53,"FossilizedHelix":53}],"Unceasing Top":[0],"Meat on the Bone":0,"Pocketwatch":[0],"Darkstone Periapt":0,"Regal Pillow":0,"Singing Bowl":22,"Torii":0,"StoneCalendar":[0],"Juzu Bracelet":1,"Bag of Preparation":[24],"Nunchaku":[7],"Dream Catcher":0,"Shovel":1,"Mummified Hand":[34],"Pantograph":0,"Gambling Chip":[0],"Tiny Chest":1,"InkBottle":[8],"PreservedInsect":116,"Orichalcum":[6],"Mercury Hourglass":[45],"Strange Spoon":[11],"Ornamental Fan":[40],"Turnip":[0],"Art of War":[0],"Toy Ornithopter":0,"TungstenRod":0},"card_choices":[{"not_picked":["theMarked:WastefulDefense","theMarked:Parry"],"picked":"theMarked:CreepingChasm","floor":1.0},{"not_picked":["theMarked:Frustration","theMarked:StartUp"],"picked":"theMarked:Seal","floor":4.0},{"not_picked":["theMarked:HeightenedSenses","theMarked:ResourceFulStrike"],"picked":"theMarked:Opportunist","floor":5.0},{"not_picked":["theMarked:Frustration","theMarked:WastefulAttack"],"picked":"theMarked:SuspiciousRaven","floor":7.0},{"not_picked":["theMarked:BindingBlade","theMarked:WardOff"],"picked":"theMarked:TurnInvisible","floor":8.0},{"not_picked":["theMarked:Static","theMarked:WastefulDefense"],"picked":"theMarked:BanishingStrike","floor":10},{"not_picked":["theMarked:Reabsorb","theMarked:Frustration"],"picked":"theMarked:WardOff","floor":12},{"not_picked":["theMarked:EnhancedHearing","theMarked:Aftermath"],"picked":"theMarked:BanishingWave","floor":13},{"not_picked":["theMarked:Levitate","theMarked:ChannelForce"],"picked":"theMarked:SoldierForm","floor":16},{"not_picked":["theMarked:RepellingDischarge","theMarked:ChainLightning","theMarked:Frustration"],"picked":"SKIP","floor":18},{"not_picked":["theMarked:ChainLightning","theMarked:Electrocute+1","theMarked:Polarize"],"picked":"SKIP","floor":20},{"not_picked":["theMarked:Frustration+1","theMarked:ResourceFulStrike+1","theMarked:Static"],"picked":"Singing Bowl","floor":22},{"not_picked":["theMarked:TakeCover","theMarked:Overcharge+1"],"picked":"theMarked:ComboAttacks+1","floor":22},{"not_picked":["theMarked:TwofoldDefense","theMarked:Aftermath+1","theMarked:Static"],"picked":"Singing Bowl","floor":24},{"not_picked":["theMarked:MaelstromOfLightning","theMarked:Improvise"],"picked":"theMarked:ComboAttacks+1","floor":27},{"not_picked":["theMarked:AttractMetal","theMarked:Electrocute+1"],"picked":"theMarked:ChannelForce","floor":27},{"not_picked":["theMarked:AttractMetal","theMarked:WastefulDefense","theMarked:Parkour+1"],"picked":"Singing Bowl","floor":28},{"not_picked":["theMarked:Opportunist+1","theMarked:ElectricStrings+1","theMarked:ContemptForTheProud+1"],"picked":"Singing Bowl","floor":28},{"not_picked":["theMarked:WardOff+1","theMarked:Standoff+1","theMarked:Generate+1","theMarked:Aftermath+1"],"picked":"Singing Bowl","floor":30},{"not_picked":["theMarked:SuspiciousRaven+1","theMarked:ThrowWeapon+1","theMarked:Levitate+1"],"picked":"theMarked:ChannelForce+1","floor":33},{"not_picked":["theMarked:Reabsorb+1","theMarked:EnhanceMovement+1","theMarked:HeightenedSenses+1"],"picked":"theMarked:Parry+1","floor":35},{"not_picked":["theMarked:Standoff+1","theMarked:Aftermath+1","theMarked:LightningStrikesTwice+1","theMarked:TakeCover+1"],"picked":"Singing Bowl","floor":35},{"not_picked":["theMarked:Panic+1","theMarked:Improvise+1","theMarked:Parry+1","theMarked:PowerFlow+1"],"picked":"Singing Bowl","floor":36},{"not_picked":["Clothesline+1","Compile Driver+1","Blade Dance+1","theMarked:EmpowerWeapon+1"],"picked":"Singing Bowl","floor":39},{"not_picked":["Conserve Battery+1","Uppercut+1","Envenom+1","Leap+1"],"picked":"Singing Bowl","floor":39},{"not_picked":["theMarked:Parkour+1","Fasting2+1","FearNoEvil+1","Mirror Shield+1"],"picked":"Singing Bowl","floor":41},{"not_picked":["PiercingWail+1","Worship+1","Gash+1","theMarked:Opportunist+1"],"picked":"Singing Bowl","floor":45}],"player_experience":436084,"relics_obtained":[{"floor":8.0,"key":"ReplayTheSpireMod:TigerMarble"},{"floor":9.0,"key":"The Courier"},{"floor":19,"key":"ReplayFunnel"},{"floor":24,"key":"Bird Faced Urn"},{"floor":26,"key":"Replay:Ringing Soul"},{"floor":30,"key":"Red Mask"},{"floor":36,"key":"Circlet"},{"floor":38,"key":"Circlet"},{"floor":38,"key":"Circlet"},{"floor":40,"key":"Circlet"},{"floor":41,"key":"Circlet"},{"floor":43,"key":"Circlet"},{"floor":43,"key":"Circlet"},{"floor":45,"key":"Circlet"}],"event_choices":[{"damage_healed":0,"gold_gain":0,"player_choice":"Relic","damage_taken":0,"max_hp_gain":0,"max_hp_loss":0,"event_name":"Wheel of Change","floor":19,"gold_loss":0},{"damage_healed":0,"gold_gain":0,"player_choice":"Fought Bandits","damage_taken":0,"max_hp_gain":0,"max_hp_loss":0,"event_name":"Masked Bandits","floor":30,"gold_loss":0},{"cards_removed":["theMarked:BanishingStrike"],"damage_healed":0,"gold_gain":0,"player_choice":"Gave Gold","damage_taken":0,"max_hp_gain":0,"max_hp_loss":0,"event_name":"Beggar","floor":31,"gold_loss":75},{"damage_healed":0,"gold_gain":0,"player_choice":"Fight","damage_taken":0,"max_hp_gain":0,"max_hp_loss":0,"event_name":"Mysterious Sphere","floor":36,"gold_loss":0},{"damage_healed":0,"gold_gain":0,"player_choice":"Fight","damage_taken":0,"max_hp_gain":0,"max_hp_loss":0,"event_name":"MindBloom","floor":45,"gold_loss":0}],"is_beta":false,"boss_relics":[{"not_picked":["theMarked:BronzeBlade","Replay:Drink Me"],"picked":"theMarked:SpiritSword"},{"not_picked":["Abe\u0027s Treasure","Replay:Bronze Core"],"picked":"Kintsugi"}],"items_purged_floors":[14,21,29,37,44,46],"is_endless":false,"potions_floor_spawned":[1,7,12,13,16,18,20,24,30,33,35,36,39,41,45],"ascension_level":0}}