{"host":"sc0o2qwpf9j16a4i","time":1609510888,"event":{"mods":["AchievementEnabler","BaseMod","BetterRewards","Block Reminder","Colored Map","Colored Powertips","Custom Start","Highlight Path","Minty Spire (QoL Compilation)","Relic Stats"],"gold_per_floor":[116,136,136,136,149,149,164,164,190,211,254,254,278,318,318,412,412,436,37,37,37,37,37,57,92,115,135,150,150,181,200,200,291,291,315,315,12,12,32,32,0,21,21,56,125,125,164,189,189,189,189,189,189,9,45,45],"floor_reached":57,"playtime":3368,"items_purged":["Strike_B","Pain","Shame"],"score":2895,"play_id":"2756eefc-bfdd-442e-9570-5f3c19661ad5","local_time":"20210101162128","is_ascension_mode":true,"campfire_choices":[{"data":"Lockon","floor":6.0,"key":"SMITH"},{"floor":8.0,"key":"REST"},{"data":"Defragment","floor":15.0,"key":"SMITH"},{"data":"Fission","floor":23.0,"key":"SMITH"},{"data":"Creative AI","floor":29.0,"key":"SMITH"},{"data":"Genetic Algorithm","floor":32.0,"key":"SMITH"},{"floor":40.0,"key":"RECALL"},{"data":"Hologram","floor":46.0,"key":"SMITH"},{"data":"Fission","floor":49.0,"key":"SMITH"},{"data":"Defragment","floor":53.0,"key":"SMITH"}],"circlet_count":0,"master_deck":["AscendersBane","Strike_B","Strike_B","Strike_B","Defend_B","Defend_B","Defend_B","Defend_B","Zap","Dualcast","FTL","Lockon+1","Genetic Algorithm+1","BootSequence","Rainbow","Leap","Defragment+1","Fission+1","Loop","Self Repair","Undo","Ghostly","Ghostly","Ghostly","Coolheaded","Creative AI+1","Reinforced Body","Ball Lightning","Echo Form","Capacitor","Fission+1","Defragment+1","Ghostly","Static Discharge+1","Coolheaded","Defragment","Hologram+1","Go for the Eyes+1","Fission"],"relics":["FrozenCore","Golden Idol","Strawberry","Akabeko","Potion Belt","Eternal Feather","OrangePellets","Nilry\u0027s Codex","Bag of Marbles","Gambling Chip","Cursed Key","WarpedTongs","Lee\u0027s Waffle","Red Mask","Ginger","Pantograph","Torii","Happy Flower","Kunai"],"acts_visited":["Exordium","TheCity","TheBeyond","TheEnding"],"potions_floor_usage":[],"damage_taken":[{"damage":2.0,"enemies":"Jaw Worm","floor":1.0,"turns":3.0},{"damage":4.0,"enemies":"2 Louse","floor":2.0,"turns":2.0},{"damage":0.0,"enemies":"Small Slimes","floor":5.0,"turns":2.0},{"damage":15.0,"enemies":"Blue Slaver","floor":7.0,"turns":3.0},{"damage":0.0,"enemies":"2 Fungi Beasts","floor":10.0,"turns":2.0},{"damage":11.0,"enemies":"Gremlin Nob","floor":11.0,"turns":3.0},{"damage":6.0,"enemies":"Large Slime","floor":13.0,"turns":5.0},{"damage":9.0,"enemies":"3 Sentries","floor":14.0,"turns":9.0},{"damage":11.0,"enemies":"The Guardian","floor":16.0,"turns":8.0},{"damage":6.0,"enemies":"Chosen","floor":18.0,"turns":6.0},{"damage":0.0,"enemies":"Spheric Guardian","floor":24.0,"turns":4.0},{"damage":17.0,"enemies":"Slavers","floor":25.0,"turns":9.0},{"damage":5.0,"enemies":"Cultist and Chosen","floor":27.0,"turns":8.0},{"damage":0.0,"enemies":"Snake Plant","floor":28.0,"turns":10.0},{"damage":0.0,"enemies":"Gremlin Leader","floor":30.0,"turns":9.0},{"damage":4.0,"enemies":"Snecko","floor":31.0,"turns":6.0},{"damage":0.0,"enemies":"Champ","floor":33.0,"turns":11.0},{"damage":0.0,"enemies":"3 Darklings","floor":35.0,"turns":11.0},{"damage":0.0,"enemies":"Orb Walker","floor":39.0,"turns":7.0},{"damage":1.0,"enemies":"4 Shapes","floor":42.0,"turns":8.0},{"damage":21.0,"enemies":"Giant Head","floor":44.0,"turns":11.0},{"damage":26.0,"enemies":"2 Orb Walkers","floor":45.0,"turns":8.0},{"damage":0.0,"enemies":"Reptomancer","floor":47.0,"turns":8.0},{"damage":0.0,"enemies":"Transient","floor":48.0,"turns":6.0},{"damage":1.0,"enemies":"Time Eater","floor":50.0,"turns":13.0},{"damage":22.0,"enemies":"Donu and Deca","floor":51.0,"turns":14.0},{"damage":2.0,"enemies":"Shield and Spear","floor":55.0,"turns":15.0},{"damage":36,"enemies":"The Heart","floor":56,"turns":12}],"seed_played":"1316572436739650815","potions_obtained":[{"floor":2.0,"key":"DuplicationPotion"},{"floor":5.0,"key":"Fire Potion"},{"floor":13.0,"key":"SkillPotion"},{"floor":16.0,"key":"CultistPotion"},{"floor":24.0,"key":"FocusPotion"},{"floor":27.0,"key":"Ancient Potion"},{"floor":30.0,"key":"Weak Potion"},{"floor":31.0,"key":"Ancient Potion"},{"floor":39.0,"key":"PowerPotion"},{"floor":45.0,"key":"Dexterity Potion"}],"is_trial":false,"path_per_floor":["M","M","?","?","M","R","M","R","T","M","E","?","M","E","R","B",null,"M","$","?","?","?","R","M","E","T","M","M","R","E","M","R","B",null,"M","?","$","?","M","R","?","M","T","E","?","R","E","M","R","B","B",null,"R","$","E","B",null],"character_chosen":"DEFECT","items_purchased":["OrangePellets","Self Repair","Undo","Lee\u0027s Waffle","Defragment","PowerPotion"],"campfire_rested":1,"item_purchase_floors":[19,19,19,37,37,54],"current_hp_per_floor":[69,65,65,46,46,46,31,54,54,54,43,48,42,33,42,31,70,64,64,43,43,41,41,41,31,31,33,40,41,41,41,41,41,41,41,41,48,48,48,48,48,48,48,41,22,43,48,48,48,48,26,43,48,48,48,12],"gold":45,"neow_bonus":"TEN_PERCENT_HP_BONUS","is_daily":false,"chose_seed":false,"campfire_upgraded":8,"win_rate":0.0,"timestamp":1609510888,"path_taken":["M","M","?","?","M","R","M","R","T","M","E","?","M","E","R","BOSS","M","$","?","?","?","R","M","E","T","M","M","R","E","M","R","BOSS","M","?","?","?","?","R","?","M","T","E","?","R","E","M","R","BOSS","BOSS","R","$","E","BOSS"],"items_purchased_type":["Relic","Card","Card","Relic","Card","Potion"],"build_version":"2020-12-22","purchased_purges":3,"victory":true,"max_hp_per_floor":[78,78,71,78,78,78,78,78,78,78,78,83,83,83,83,83,83,83,83,83,83,41,41,41,41,41,41,41,41,41,41,41,41,41,41,41,48,48,48,48,48,48,48,48,48,48,48,48,48,48,48,48,48,48,48,48],"relic_stats":{"Lee\u0027s Waffle":7,"Torii":4,"Happy Flower":[20],"counters":[28,209],"Golden Idol":214,"Eternal Feather":36,"Ginger":[8],"Cursed Key":1,"FrozenCore":[78],"WarpedTongs":[97],"OrangePellets":[40],"Gambling Chip":[38],"Pantograph":0,"Kunai":[0],"obtain_stats":[{"Potion Belt":11,"Lee\u0027s Waffle":37,"Torii":45,"Happy Flower":47,"Golden Idol":3,"Nilry\u0027s Codex":20,"Eternal Feather":14,"Ginger":43,"Cursed Key":34,"Akabeko":9,"FrozenCore":17,"WarpedTongs":36,"OrangePellets":19,"Strawberry":4,"Gambling Chip":30,"Pantograph":44,"Bag of Marbles":25,"Red Mask":41,"Kunai":55,"Cracked Core":0},{"Potion Belt":6,"Lee\u0027s Waffle":18,"Torii":22,"Happy Flower":23,"Golden Idol":2,"Nilry\u0027s Codex":10,"Eternal Feather":8,"Ginger":20,"Cursed Key":17,"Akabeko":4,"FrozenCore":9,"WarpedTongs":18,"OrangePellets":10,"Strawberry":2,"Gambling Chip":15,"Pantograph":21,"Bag of Marbles":12,"Red Mask":19,"Kunai":27,"Cracked Core":0},{"Potion Belt":15,"Lee\u0027s Waffle":111,"Torii":144,"Happy Flower":151,"Golden Idol":5,"Nilry\u0027s Codex":43,"Eternal Feather":29,"Ginger":126,"Cursed Key":100,"Akabeko":10,"FrozenCore":37,"WarpedTongs":111,"OrangePellets":43,"Strawberry":5,"Gambling Chip":83,"Pantograph":136,"Bag of Marbles":56,"Red Mask":118,"Kunai":198,"Cracked Core":0}]},"card_choices":[{"not_picked":["Beam Cell","Go for the Eyes"],"picked":"FTL","floor":1.0},{"not_picked":["Barrage","Conserve Battery"],"picked":"Lockon","floor":2.0},{"not_picked":["Double Energy","Leap"],"picked":"Genetic Algorithm","floor":5.0},{"not_picked":["Barrage","Turbo"],"picked":"BootSequence","floor":7.0},{"not_picked":["BootSequence","Barrage","Melter"],"picked":"SKIP","floor":10.0},{"not_picked":["Lockon","Beam Cell"],"picked":"Rainbow","floor":11.0},{"not_picked":["Compile Driver","Hologram"],"picked":"Leap","floor":13.0},{"not_picked":["Sweeping Beam","Gash"],"picked":"Defragment","floor":14.0},{"not_picked":["Meteor Strike","Buffer"],"picked":"Fission","floor":16.0},{"not_picked":["Self Repair","Undo"],"picked":"Loop","floor":18.0},{"not_picked":["Rip and Tear","Stack+1"],"picked":"Coolheaded","floor":24.0},{"not_picked":["Barrage","Gash"],"picked":"Creative AI","floor":25.0},{"not_picked":["Turbo","Cold Snap"],"picked":"Reinforced Body","floor":27.0},{"not_picked":["Reprogram","Scrape"],"picked":"Ball Lightning","floor":28.0},{"not_picked":["Hello World","Defragment"],"picked":"Echo Form","floor":30.0},{"not_picked":["Redo","Turbo"],"picked":"Capacitor","floor":31.0},{"not_picked":["Thunder Strike","Multi-Cast"],"picked":"Fission","floor":33.0},{"not_picked":["Streamline","Gash","Rebound"],"picked":"SKIP","floor":35.0},{"not_picked":["Go for the Eyes","Hologram"],"picked":"Static Discharge+1","floor":39.0},{"not_picked":["Streamline","BootSequence+1"],"picked":"Coolheaded","floor":42.0},{"not_picked":["Scrape+1","Loop"],"picked":"Defragment","floor":44.0},{"not_picked":["Aggregate","Hello World"],"picked":"Hologram","floor":45.0},{"not_picked":["Redo","Leap","FTL"],"picked":"SKIP","floor":47.0},{"not_picked":["Leap+1","Conserve Battery+1"],"picked":"Go for the Eyes+1","floor":48.0},{"not_picked":["Self Repair","Streamline"],"picked":"Fission","floor":55.0}],"player_experience":470960,"relics_obtained":[{"floor":9.0,"key":"Akabeko"},{"floor":11.0,"key":"Potion Belt"},{"floor":14.0,"key":"Eternal Feather"},{"floor":20.0,"key":"Nilry\u0027s Codex"},{"floor":25.0,"key":"Bag of Marbles"},{"floor":30.0,"key":"Gambling Chip"},{"floor":43.0,"key":"Ginger"},{"floor":44.0,"key":"Pantograph"},{"floor":45.0,"key":"Torii"},{"floor":47.0,"key":"Happy Flower"},{"floor":55.0,"key":"Kunai"}],"event_choices":[{"damage_healed":0.0,"max_hp_gain":0.0,"max_hp_loss":7.0,"gold_gain":0.0,"event_name":"Golden Idol","player_choice":"Lose Max HP","floor":3.0,"gold_loss":0.0,"damage_taken":0.0,"relics_obtained":["Golden Idol"]},{"damage_healed":0.0,"max_hp_gain":0.0,"max_hp_loss":0.0,"gold_gain":0.0,"event_name":"Scrap Ooze","player_choice":"Success","floor":4.0,"gold_loss":0.0,"damage_taken":26.0,"relics_obtained":["Strawberry"]},{"damage_healed":0.0,"max_hp_gain":5.0,"max_hp_loss":0.0,"gold_gain":0.0,"event_name":"Big Fish","player_choice":"Donut","floor":12.0,"gold_loss":0.0,"damage_taken":0.0},{"damage_healed":0.0,"max_hp_gain":0.0,"max_hp_loss":0.0,"gold_gain":0.0,"event_name":"Cursed Tome","player_choice":"Obtained Book","floor":20.0,"gold_loss":0.0,"damage_taken":21.0},{"damage_healed":0.0,"max_hp_gain":0.0,"max_hp_loss":0.0,"gold_gain":0.0,"event_name":"The Mausoleum","player_choice":"Ignored","floor":21.0,"gold_loss":0.0,"damage_taken":0.0},{"damage_healed":0.0,"max_hp_gain":0.0,"max_hp_loss":42.0,"gold_gain":0.0,"event_name":"Ghosts","player_choice":"Became a Ghost","floor":22.0,"gold_loss":0.0,"damage_taken":0.0,"cards_obtained":["Ghostly","Ghostly","Ghostly"]},{"damage_healed":0.0,"max_hp_gain":0.0,"max_hp_loss":0.0,"gold_gain":0.0,"event_name":"Accursed Blacksmith","player_choice":"Rummage","floor":36.0,"gold_loss":0.0,"damage_taken":0.0,"relics_obtained":["WarpedTongs"],"cards_obtained":["Pain"]},{"damage_healed":0.0,"max_hp_gain":0.0,"max_hp_loss":0.0,"gold_gain":0.0,"event_name":"Duplicator","player_choice":"Copied","floor":38.0,"gold_loss":0.0,"damage_taken":0.0,"cards_obtained":["Ghostly"]},{"damage_healed":0.0,"max_hp_gain":0.0,"max_hp_loss":0.0,"gold_gain":0.0,"event_name":"Tomb of Lord Red Mask","player_choice":"Paid","floor":41.0,"gold_loss":32.0,"damage_taken":0.0,"relics_obtained":["Red Mask"]},{"damage_healed":0.0,"max_hp_gain":0.0,"max_hp_loss":0.0,"gold_gain":0.0,"event_name":"Mysterious Sphere","player_choice":"Fight","floor":45.0,"gold_loss":0.0,"damage_taken":0.0}],"is_beta":false,"boss_relics":[{"not_picked":["SacredBark","Sozu"],"picked":"FrozenCore"},{"not_picked":["Coffee Dripper","Snecko Eye"],"picked":"Cursed Key"}],"items_purged_floors":[19,37,54],"is_endless":false,"potions_floor_spawned":[2,5,7,13,16,24,27,30,31,39,45],"ascension_level":20}}