{"host":"0nndazl0keusavit","time":1609500958,"event":{"mods":["AchievementEnabler","BaseMod","Colored Map","Curses Come First","Highlight Path","Minty Spire (QoL Compilation)","Relic Stats","StSLib"],"gold_per_floor":[116,116,134,134,151,151,176,176,176,176,209,226,242,252,252,354,354,372,297,311,158,175,201,201,221,221,221,240,269,269,289,289,289,289],"floor_reached":33,"playtime":1287,"items_purged":["Strike_B","Defend_B"],"score":299,"play_id":"708334be-a073-4ed1-8831-88cc6fd016fe","local_time":"20210101073558","is_ascension_mode":false,"campfire_choices":[{"data":"Ball Lightning","floor":6,"key":"SMITH"},{"data":"Dualcast","floor":8,"key":"SMITH"},{"data":"Strike_B","floor":10,"key":"SMITH"},{"data":"Gash","floor":15,"key":"SMITH"},{"data":"Hologram","floor":24,"key":"SMITH"},{"floor":27,"key":"REST"},{"floor":30,"key":"REST"},{"data":"Compile Driver","floor":32,"key":"SMITH"}],"circlet_count":0,"master_deck":["Strike_B+1","Strike_B","Strike_B","Defend_B","Defend_B","Defend_B","Zap+1","Dualcast+1","Ball Lightning+1","Leap","Gash+1","Gash+1","Hologram+1","Compile Driver+1","Coolheaded+1"],"relics":["FrozenCore","Du-Vu Doll","Bag of Marbles","Tiny Chest","Bronze Scales","Toxic Egg 2","HornCleat","Oddly Smooth Stone"],"acts_visited":["Exordium","TheCity"],"potions_floor_usage":[14,23,23,29,33],"damage_taken":[{"damage":3,"enemies":"Jaw Worm","floor":1,"turns":4},{"damage":0,"enemies":"Cultist","floor":3,"turns":2},{"damage":0,"enemies":"2 Louse","floor":5,"turns":2},{"damage":18,"enemies":"3 Sentries","floor":7,"turns":6},{"damage":6,"enemies":"Gremlin Nob","floor":11,"turns":3},{"damage":2,"enemies":"Large Slime","floor":12,"turns":4},{"damage":0,"enemies":"3 Louse","floor":13,"turns":2},{"damage":0,"enemies":"Looter","floor":14,"turns":2},{"damage":37,"enemies":"The Guardian","floor":16,"turns":8},{"damage":3,"enemies":"Chosen","floor":18,"turns":4},{"damage":15,"enemies":"2 Thieves","floor":20,"turns":4},{"damage":8,"enemies":"Snake Plant","floor":22,"turns":4},{"damage":18,"enemies":"Book of Stabbing","floor":23,"turns":5},{"damage":12,"enemies":"Chosen and Byrds","floor":25,"turns":5},{"damage":15,"enemies":"Snecko","floor":28,"turns":6},{"damage":15,"enemies":"Gremlin Leader","floor":29,"turns":6},{"damage":0,"enemies":"Centurion and Healer","floor":31,"turns":7},{"damage":80,"enemies":"Collector","floor":33,"turns":7}],"seed_played":"-5455887460033359170","potions_obtained":[{"floor":3,"key":"Fruit Juice"},{"floor":7,"key":"SpeedPotion"},{"floor":13,"key":"EssenceOfSteel"},{"floor":14,"key":"Fire Potion"},{"floor":25,"key":"LiquidBronze"},{"floor":28,"key":"AttackPotion"},{"floor":31,"key":"GamblersBrew"}],"is_trial":false,"path_per_floor":["M","?","M","T","M","R","E","R","T","R","E","M","M","M","R","B",null,"M","$","M","$","M","E","R","M","T","R","M","E","R","M","R","B"],"character_chosen":"DEFECT","items_purchased":["Hologram"],"campfire_rested":2,"item_purchase_floors":[21],"current_hp_per_floor":[79,79,79,79,79,79,61,61,61,61,55,53,53,58,58,21,87,84,84,69,69,61,43,43,31,31,57,42,27,53,53,53,0,0],"gold":289,"neow_bonus":"TEN_PERCENT_HP_BONUS","is_daily":false,"chose_seed":false,"campfire_upgraded":6,"win_rate":0.0,"timestamp":1609500958,"path_taken":["M","?","M","?","M","R","E","R","T","R","E","?","M","M","R","BOSS","M","?","M","$","M","E","R","M","T","R","M","E","R","M","R","BOSS"],"items_purchased_type":["Card"],"build_version":"2020-12-22","purchased_purges":2,"victory":false,"max_hp_per_floor":[82,82,82,82,82,82,82,82,82,82,82,82,82,87,87,87,87,87,87,87,87,87,87,87,87,87,87,87,87,87,87,87,87,87],"relic_stats":{"counters":[18,81],"Bronze Scales":[182],"Tiny Chest":0,"obtain_stats":[{"Du-Vu Doll":4,"HornCleat":26,"Bronze Scales":11,"Oddly Smooth Stone":29,"Tiny Chest":9,"Bag of Marbles":7,"Toxic Egg 2":23,"Cracked Core":0,"FrozenCore":17},{"Du-Vu Doll":2,"HornCleat":14,"Bronze Scales":5,"Oddly Smooth Stone":16,"Tiny Chest":4,"Bag of Marbles":4,"Toxic Egg 2":13,"Cracked Core":0,"FrozenCore":9},{"Du-Vu Doll":6,"HornCleat":55,"Bronze Scales":17,"Oddly Smooth Stone":67,"Tiny Chest":14,"Bag of Marbles":14,"Toxic Egg 2":50,"Cracked Core":0,"FrozenCore":33}],"FrozenCore":[22]},"card_choices":[{"not_picked":["Stack","Static Discharge"],"picked":"Ball Lightning","floor":1},{"not_picked":["Beam Cell","Steam","Barrage"],"picked":"SKIP","floor":3},{"not_picked":["Ball Lightning","Rebound"],"picked":"Leap","floor":5},{"not_picked":["Loop","Hyperbeam","Leap"],"picked":"SKIP","floor":7},{"not_picked":["Hologram","Go for the Eyes"],"picked":"Gash","floor":11},{"not_picked":["Buffer","Steam","Stack"],"picked":"SKIP","floor":12},{"not_picked":["Redo","Blizzard","Reinforced Body"],"picked":"SKIP","floor":13},{"not_picked":["Force Field","Storm","Stack"],"picked":"SKIP","floor":14},{"not_picked":["Glacier+1","Rebound+1"],"picked":"Gash+1","floor":18},{"not_picked":["Recycle","Cold Snap","Lockon"],"picked":"SKIP","floor":20},{"not_picked":["Static Discharge+1","Darkness","Turbo"],"picked":"SKIP","floor":22},{"not_picked":["Steam Power+1","FTL","Force Field+1"],"picked":"SKIP","floor":23},{"not_picked":["Compile Driver+1","Scrape+1","White Noise+1"],"picked":"SKIP","floor":25},{"not_picked":["Steam+1","Compile Driver","Defragment"],"picked":"SKIP","floor":28},{"not_picked":["Recycle+1","Genetic Algorithm+1"],"picked":"Compile Driver","floor":29},{"not_picked":["Sweeping Beam","Hologram+1"],"picked":"Coolheaded+1","floor":31}],"player_experience":867906,"relics_obtained":[{"floor":4,"key":"Du-Vu Doll"},{"floor":7,"key":"Bag of Marbles"},{"floor":9,"key":"Tiny Chest"},{"floor":11,"key":"Bronze Scales"},{"floor":23,"key":"Toxic Egg 2"},{"floor":26,"key":"HornCleat"},{"floor":29,"key":"Oddly Smooth Stone"}],"event_choices":[{"damage_healed":0,"gold_gain":0,"player_choice":"Grow","damage_taken":0,"max_hp_gain":0,"max_hp_loss":0,"event_name":"Living Wall","floor":2,"gold_loss":0,"cards_upgraded":["Zap"]}],"is_beta":false,"boss_relics":[{"not_picked":["Nuclear Battery","Philosopher\u0027s Stone"],"picked":"FrozenCore"}],"items_purged_floors":[19,21],"is_endless":false,"potions_floor_spawned":[3,7,13,14,16,20,25,28,31],"killed_by":"Collector","ascension_level":0}}