{"host":"g01l53quoe6lrer0","time":1609531604,"event":{"mods":["2.2 Compatiblity","BaseMod","Colored Map","Highlight Path","Keyboard Shortcuts","Minty Spire (QoL Compilation)","Permanent Neow","Quick Restart","StSLib","everything is the same but u backflip on backflip"],"gold_per_floor":[363,363,363,378,155,195,195,195,219,219,252,275,295,310,310,439,439,459,459,163,177,177,211,211,136,136,136,154,177,177,218,218,348,348,361,379,86,149,482,482,513,513,560,578,612,624,624,137,137,137],"floor_reached":51,"playtime":1584,"items_purged":["Strike_R","Strike_R","Strike_R","Reaper"],"score":914,"play_id":"8c498071-9683-40bc-9e8c-f7bb2d5adc48","local_time":"20210102050644","is_ascension_mode":true,"campfire_choices":[{"data":"Whirlwind","floor":8.0,"key":"SMITH"},{"floor":10.0,"key":"REST"},{"data":"Combust","floor":15.0,"key":"SMITH"},{"data":"Bandage Up","floor":27.0,"key":"SMITH"},{"floor":30.0,"key":"REST"},{"data":"Bloodletting","floor":32.0,"key":"SMITH"},{"floor":40.0,"key":"REST"},{"floor":49,"key":"REST"}],"circlet_count":0,"master_deck":["Defend_R","Defend_R","Defend_R","Defend_R","Bash","Whirlwind+1","Clash","Clothesline","Combust+1","Offering+1","Bloodletting+1","Offering+1","Bandage Up+1","Shrug It Off+1","Flex","Disarm","Inflame","Impatience","Rage+1","Bloodletting","PanicButton","Master of Strategy","Inflame"],"relics":["Burning Blood","PreservedInsect","Gremlin Horn","Bronze Scales","Happy Flower","Matryoshka","Sozu","Membership Card","Red Skull","Bag of Marbles","Dream Catcher","InkBottle","Ice Cream","Darkstone Periapt","Fusion Hammer","Bag of Preparation","Sling","War Paint","WingedGreaves","Juzu Bracelet","Strawberry","Ornamental Fan","Mummified Hand","Anchor","Centennial Puzzle","OrangePellets"],"acts_visited":["Exordium","TheCity","TheBeyond"],"potions_floor_usage":[45,50],"damage_taken":[{"damage":0.0,"enemies":"2 Louse","floor":1.0,"turns":3.0},{"damage":0.0,"enemies":"Small Slimes","floor":4.0,"turns":3.0},{"damage":39.0,"enemies":"Lagavulin","floor":6.0,"turns":7.0},{"damage":6.0,"enemies":"Gremlin Nob","floor":11.0,"turns":3.0},{"damage":6.0,"enemies":"Jaw Worm","floor":12.0,"turns":3.0},{"damage":0.0,"enemies":"Gremlin Gang","floor":13.0,"turns":1.0},{"damage":1.0,"enemies":"Exordium Thugs","floor":14.0,"turns":2.0},{"damage":33.0,"enemies":"Hexaghost","floor":16.0,"turns":8.0},{"damage":9.0,"enemies":"Chosen","floor":18.0,"turns":3.0},{"damage":24.0,"enemies":"Spheric Guardian","floor":21.0,"turns":3.0},{"damage":17.0,"enemies":"Book of Stabbing","floor":23.0,"turns":2.0},{"damage":8.0,"enemies":"Centurion and Healer","floor":28.0,"turns":2.0},{"damage":20.0,"enemies":"Snake Plant","floor":29.0,"turns":2.0},{"damage":15.0,"enemies":"Gremlin Leader","floor":31.0,"turns":1.0},{"damage":29.0,"enemies":"Automaton","floor":33.0,"turns":4.0},{"damage":12.0,"enemies":"3 Shapes","floor":35.0,"turns":1.0},{"damage":9.0,"enemies":"Orb Walker","floor":36.0,"turns":1.0},{"damage":18.0,"enemies":"Mind Bloom Boss Battle","floor":38.0,"turns":4.0},{"damage":9.0,"enemies":"Reptomancer","floor":41.0,"turns":1.0},{"damage":16.0,"enemies":"Transient","floor":44.0,"turns":5.0},{"damage":35,"enemies":"Nemesis","floor":45,"turns":5},{"damage":3,"enemies":"Jaw Worm Horde","floor":46,"turns":1},{"damage":41,"enemies":"Time Eater","floor":50,"turns":5}],"seed_played":"863614219793524531","potions_obtained":[{"floor":1.0,"key":"Dexterity Potion"},{"floor":11.0,"key":"FearPotion"},{"floor":12.0,"key":"GamblersBrew"},{"floor":16.0,"key":"Energy Potion"}],"is_trial":false,"path_per_floor":["M","?","?","M","$","E","?","R","T","R","E","M","M","M","R","B",null,"M","?","$","M","T","E","?","?","T","R","M","M","R","E","R","B",null,"M","M","$","?","?","R","E","?","T","M","E","M","?","$","R","B",null],"character_chosen":"IRONCLAD","items_purchased":["PreservedInsect","Membership Card","Bandage Up","Bag of Preparation","Sling","War Paint","Anchor","PanicButton","Master of Strategy","Centennial Puzzle","OrangePellets","Inflame"],"campfire_rested":4,"item_purchase_floors":[5,20,20,37,37,37,48,48,48,48,48,48],"current_hp_per_floor":[72,54,47,53,53,20,13,13,13,34,34,34,40,45,45,18,72,69,69,69,55,55,48,48,48,48,48,52,44,65,56,56,39,72,72,72,72,69,69,72,72,72,79,77,54,57,57,57,79,50],"gold":137,"neow_bonus":"TWO_FIFTY_GOLD","is_daily":false,"chose_seed":false,"campfire_upgraded":4,"win_rate":0.0,"timestamp":1609531604,"path_taken":["M","?","?","M","$","E","?","R","T","R","E","M","M","M","R","BOSS","M","?","$","?","?","E","?","?","T","R","?","M","R","E","R","BOSS","M","M","$","?","?","R","E","?","T","E","M","E","M","?","$","R","BOSS"],"items_purchased_type":["Relic","Relic","Card","Relic","Relic","Relic","Relic","Card","Card","Relic","Relic","Card"],"build_version":"2020-12-22","purchased_purges":4,"victory":true,"max_hp_per_floor":[72,72,72,72,72,72,72,72,72,72,72,72,72,72,72,72,72,72,72,72,72,72,72,72,72,72,72,72,72,72,72,72,72,72,72,72,72,72,72,72,72,72,79,79,79,79,79,79,79,79],"card_choices":[{"not_picked":["Combust","Pommel Strike"],"picked":"Whirlwind","floor":1.0},{"not_picked":["Cleave","Anger"],"picked":"Spot Weakness","floor":4.0},{"not_picked":["Anger","Metallicize"],"picked":"Clash","floor":6.0},{"not_picked":["Brutality","Burning Pact","Evolve"],"picked":"SKIP","floor":11.0},{"not_picked":["Sword Boomerang","Armaments"],"picked":"Clothesline","floor":12.0},{"not_picked":["Wild Strike","True Grit"],"picked":"Combust","floor":13.0},{"not_picked":["Perfected Strike","Rampage","True Grit"],"picked":"SKIP","floor":14.0},{"not_picked":["Feed","Reaper"],"picked":"Offering","floor":16.0},{"not_picked":["Clash","Burning Pact"],"picked":"Bloodletting","floor":18.0},{"not_picked":["True Grit","Metallicize","Clothesline+1"],"picked":"SKIP","floor":21.0},{"not_picked":["Metallicize","Brutality","Juggernaut"],"picked":"SKIP","floor":23.0},{"not_picked":["Feel No Pain+1","Cleave","Wild Strike"],"picked":"SKIP","floor":28.0},{"not_picked":["Anger","Clothesline"],"picked":"Shrug It Off+1","floor":29.0},{"not_picked":["Second Wind+1","True Grit"],"picked":"Flex","floor":30.0},{"not_picked":["Havoc+1","Pommel Strike"],"picked":"Disarm","floor":31.0},{"not_picked":["Fiend Fire","Barricade"],"picked":"Reaper","floor":33.0},{"not_picked":["Heavy Blade","Thunderclap","Cleave+1"],"picked":"SKIP","floor":35.0},{"not_picked":["Armaments","Wild Strike","Hemokinesis"],"picked":"SKIP","floor":36.0},{"not_picked":["Combust+1","Body Slam+1"],"picked":"Inflame","floor":38.0},{"not_picked":["Evolve+1","Impervious","Clothesline+1"],"picked":"SKIP","floor":41.0},{"not_picked":["Mayhem","Mind Blast"],"picked":"Impatience","floor":42.0},{"not_picked":["Heavy Blade+1","Sever Soul+1"],"picked":"Rage+1","floor":44.0},{"not_picked":["Heavy Blade+1","Whirlwind"],"picked":"Bloodletting","floor":45},{"not_picked":["Flame Barrier+1","Inflame","Pommel Strike+1"],"picked":"SKIP","floor":46}],"player_experience":1945,"relics_obtained":[{"floor":6.0,"key":"Gremlin Horn"},{"floor":9.0,"key":"Happy Flower"},{"floor":11.0,"key":"Matryoshka"},{"floor":22.0,"key":"Red Skull"},{"floor":22.0,"key":"Bag of Marbles"},{"floor":23.0,"key":"Dream Catcher"},{"floor":26.0,"key":"InkBottle"},{"floor":26.0,"key":"Ice Cream"},{"floor":31.0,"key":"Darkstone Periapt"},{"floor":38.0,"key":"WingedGreaves"},{"floor":41.0,"key":"Juzu Bracelet"},{"floor":43.0,"key":"Strawberry"},{"floor":45,"key":"Ornamental Fan"}],"event_choices":[{"damage_healed":0.0,"max_hp_gain":0.0,"max_hp_loss":0.0,"gold_gain":0.0,"event_name":"Golden Idol","player_choice":"Take Damage","floor":2.0,"gold_loss":0.0,"damage_taken":18.0,"relics_obtained":["Golden Idol"]},{"cards_removed":["Strike_R"],"damage_healed":0.0,"max_hp_gain":0.0,"max_hp_loss":0.0,"gold_gain":0.0,"event_name":"Golden Wing","player_choice":"Card Removal","floor":3.0,"gold_loss":0.0,"damage_taken":7.0},{"damage_healed":0.0,"max_hp_gain":0.0,"max_hp_loss":0.0,"gold_gain":0.0,"event_name":"Scrap Ooze","player_choice":"Success","floor":7.0,"gold_loss":0.0,"damage_taken":7.0,"relics_obtained":["Bronze Scales"]},{"damage_healed":0.0,"max_hp_gain":0.0,"max_hp_loss":0.0,"gold_gain":0.0,"event_name":"Duplicator","player_choice":"Copied","floor":19.0,"gold_loss":0.0,"damage_taken":0.0,"cards_obtained":["Offering"]},{"damage_healed":0.0,"max_hp_gain":0.0,"max_hp_loss":0.0,"gold_gain":0.0,"event_name":"Vampires","player_choice":"Ignored","floor":24.0,"gold_loss":0.0,"damage_taken":0.0},{"cards_removed":["Strike_R"],"damage_healed":0.0,"max_hp_gain":0.0,"max_hp_loss":0.0,"gold_gain":0.0,"event_name":"Beggar","player_choice":"Gave Gold","floor":25.0,"gold_loss":75.0,"damage_taken":0.0},{"damage_healed":0.0,"max_hp_gain":0.0,"max_hp_loss":0.0,"gold_gain":0.0,"event_name":"MindBloom","player_choice":"Fight","floor":38.0,"gold_loss":0.0,"damage_taken":0.0},{"damage_healed":0.0,"max_hp_gain":0.0,"max_hp_loss":0.0,"gold_gain":333.0,"event_name":"The Moai Head","player_choice":"Gave Idol","floor":39.0,"relics_lost":["Golden Idol"],"gold_loss":0.0,"damage_taken":0.0},{"damage_healed":0.0,"max_hp_gain":0.0,"max_hp_loss":0.0,"gold_gain":0.0,"event_name":"SensoryStone","player_choice":"Memory 1","floor":42.0,"gold_loss":0.0,"damage_taken":0.0},{"cards_removed":["Spot Weakness"],"damage_healed":0,"gold_gain":0,"player_choice":"Gave Card","damage_taken":0,"relics_obtained":["Mummified Hand"],"max_hp_gain":0,"max_hp_loss":0,"event_name":"WeMeetAgain","floor":47,"gold_loss":0}],"is_beta":false,"boss_relics":[{"not_picked":["Mark of Pain","Calling Bell"],"picked":"Sozu"},{"not_picked":["Philosopher\u0027s Stone","Coffee Dripper"],"picked":"Fusion Hammer"}],"items_purged_floors":[5,20,37,48],"is_endless":false,"potions_floor_spawned":[1,11,12,16,18,21,28,35,38,44,46],"ascension_level":1}}