{"host":"6yklbc9za0aylqsj","time":1609509143,"event":{"mods":["AchievementEnabler","BaseMod","Bestiary","Colored Map","Colored Powertips","Minty Spire (QoL Compilation)","Rare Cards Sparkle","Relic Stats","Slay-I","StSLib"],"gold_per_floor":[112,124,124,124,124,165,165,165,165],"floor_reached":8,"playtime":257,"items_purged":[],"score":108,"play_id":"52ce1dc4-9dc9-4c21-b81d-58e5e8c5bdef","local_time":"20210101145223","is_ascension_mode":true,"campfire_choices":[{"data":"Loop","floor":7.0,"key":"SMITH"}],"circlet_count":0,"master_deck":["AscendersBane","Strike_B","Strike_B","Strike_B","Strike_B","Defend_B","Defend_B","Defend_B","Defend_B","Zap","Dualcast","Conserve Battery","Loop+1","Zap","Electrodynamics"],"relics":["Cracked Core","Bag of Marbles","StrikeDummy","CeramicFish"],"acts_visited":["Exordium"],"potions_floor_usage":[],"damage_taken":[{"damage":7.0,"enemies":"Jaw Worm","floor":1.0,"turns":3.0},{"damage":2.0,"enemies":"2 Louse","floor":2.0,"turns":2.0},{"damage":31.0,"enemies":"Gremlin Nob","floor":6.0,"turns":4.0},{"damage":20,"enemies":"Lagavulin","floor":8,"turns":4}],"seed_played":"5950492272868482073","potions_obtained":[{"floor":2.0,"key":"Block Potion"}],"is_trial":false,"path_per_floor":["M","M","?","?","?","E","R","E"],"character_chosen":"DEFECT","items_purchased":[],"campfire_rested":0,"item_purchase_floors":[],"current_hp_per_floor":[57,55,60,49,49,18,18,0,0],"gold":165,"neow_bonus":"RANDOM_COMMON_RELIC","is_daily":false,"chose_seed":false,"campfire_upgraded":1,"win_rate":0.0,"timestamp":1609509143,"path_taken":["M","M","?","?","?","E","R","E"],"items_purchased_type":[],"build_version":"2020-12-22","purchased_purges":0,"victory":false,"max_hp_per_floor":[71,71,76,76,76,76,76,76,76],"relic_stats":{"counters":[4,13],"CeramicFish":9,"obtain_stats":[{"CeramicFish":6,"Bag of Marbles":0,"Cracked Core":0,"StrikeDummy":4},{"CeramicFish":3,"Bag of Marbles":0,"Cracked Core":0,"StrikeDummy":2},{"CeramicFish":9,"Bag of Marbles":0,"Cracked Core":0,"StrikeDummy":5}]},"card_choices":[{"not_picked":["Consume","Turbo"],"picked":"Conserve Battery","floor":1.0},{"not_picked":["Coolheaded","Gash"],"picked":"Loop","floor":2.0},{"not_picked":["Sweeping Beam","Go for the Eyes"],"picked":"Electrodynamics","floor":6.0}],"player_experience":694097,"relics_obtained":[{"floor":6.0,"key":"CeramicFish"}],"event_choices":[{"damage_healed":0.0,"max_hp_gain":5.0,"max_hp_loss":0.0,"gold_gain":0.0,"event_name":"Big Fish","player_choice":"Donut","floor":3.0,"gold_loss":0.0,"damage_taken":0.0},{"damage_healed":0.0,"max_hp_gain":0.0,"max_hp_loss":0.0,"gold_gain":0.0,"event_name":"Scrap Ooze","player_choice":"Success","floor":4.0,"gold_loss":0.0,"damage_taken":11.0,"relics_obtained":["StrikeDummy"]},{"damage_healed":0.0,"max_hp_gain":0.0,"max_hp_loss":0.0,"gold_gain":0.0,"event_name":"Match and Keep!","player_choice":"1 cards matched","floor":5.0,"gold_loss":0.0,"damage_taken":0.0,"cards_obtained":["Zap"]}],"is_beta":false,"boss_relics":[],"items_purged_floors":[],"is_endless":false,"potions_floor_spawned":[2],"killed_by":"Lagavulin","ascension_level":20}}