{"host":"ds1yr10zonoc6w4a","time":1609469514,"event":{"mods":["2.2 Compatiblity","AchievementEnabler","Act Like it!","BaseMod","Downfall","Elementarium","Evolution","Gensokyo","Infinite Spire","Jorbs\u0027s Wanderer Trilogy","Koishi","Menagerie","Minty Spire (QoL Compilation)","Pale of the Ancients","StSLib","The Animator","Wandering Minibosses","vexMod","??????REMEMod"],"gold_per_floor":[110,127,52,52,67,111,111,111,111,111,111,111,122,116,116,116,116],"floor_reached":16,"playtime":1921,"items_purged":["animator:Strike"],"score":165,"play_id":"502b3c29-f3a9-4e13-947e-8744fef898d1","local_time":"20201231195154","is_ascension_mode":true,"campfire_choices":[{"data":"animator:OrigamiTobiichi","floor":7,"key":"SMITH"},{"floor":10,"key":"RECALL"},{"floor":15,"key":"REST"}],"circlet_count":0,"master_deck":["AscendersBane","animator:YuukaKazami","animator:Defend_DateALive","animator:Strike","animator:Defend","animator:Defend+1","animator:Defend","animator:ShidoItsuka","animator:YamaiSisters","animator:MukuroHoshimiya","Tools of the Trade","animator:DolaCouronne+1","animator:NoriSakurada","animator:Entoma","animator:OrigamiTobiichi+1","Gensokyo:ImpossibleRequest","infinitespire:Pacifist","infinitespire:Collect","animator:Natsumi","animator:YoshinoHimekawa"],"relics":["animator:LivingPicture","animator:TheMissingPiece","EVO:Axolotl","REME_ComplimentaryCards","animator:PurgingStone","War Paint"],"acts_visited":["Exordium"],"potions_floor_usage":[6,14],"damage_taken":[{"damage":1,"enemies":"Cultist","floor":1,"turns":4},{"damage":0,"enemies":"2 Louse","floor":2,"turns":3},{"damage":7,"enemies":"Small Slimes","floor":5,"turns":4},{"damage":31,"enemies":"Lagavulin","floor":6,"turns":12},{"damage":17,"enemies":"Exordium Wildlife","floor":13,"turns":7},{"damage":0,"enemies":"Exordium Thugs","floor":14,"turns":5},{"damage":35,"enemies":"Hexaghost","floor":16,"turns":11}],"seed_played":"-5498258441268360273","potions_obtained":[{"floor":2,"key":"DuplicationPotion"},{"floor":13,"key":"champ:CounterPotion"}],"is_trial":false,"path_per_floor":["M","M","$","?","M","E","R","?","T","R","?","?","M","M","R","B"],"character_chosen":"THE_ANIMATOR","items_purchased":[],"campfire_rested":1,"item_purchase_floors":[],"current_hp_per_floor":[58,58,58,58,51,20,20,20,20,20,20,25,9,9,30,0,0],"gold":116,"neow_bonus":"TRANSFORM_CARD","is_daily":false,"chose_seed":true,"campfire_upgraded":1,"win_rate":0.0,"timestamp":1609469514,"path_taken":["M","M","$","?","M","E","R","?","T","R","?","?","?","M","R","BOSS"],"items_purchased_type":[],"build_version":"2020-12-22","purchased_purges":1,"victory":false,"max_hp_per_floor":[66,66,66,66,66,66,66,66,66,66,66,71,72,72,72,72,72],"card_choices":[{"not_picked":["animator:Chung","animator:Raven"],"picked":"animator:DolaCouronne","floor":1},{"not_picked":["animator:Yoichi","animator:Yui"],"picked":"animator:NoriSakurada","floor":2},{"not_picked":["animator:Gillette","animator:Bozes"],"picked":"animator:Entoma","floor":5},{"not_picked":["animator:YamaiSisters","animator:MikuIzayoi"],"picked":"animator:OrigamiTobiichi","floor":6},{"not_picked":["infinitespire:DeathsTouch","infinitespire:SevenWalls"],"picked":"infinitespire:Collect","floor":8},{"not_picked":["animator:Souseiseki","animator:Mitsuba"],"picked":"animator:Natsumi","floor":13},{"not_picked":["animator:KrulTepes","animator:Hinaichigo"],"picked":"animator:YoshinoHimekawa","floor":14}],"player_experience":669720,"relics_obtained":[{"floor":6,"key":"War Paint"}],"event_choices":[{"damage_healed":0,"gold_gain":0,"player_choice":"Ignored","damage_taken":0,"max_hp_gain":0,"max_hp_loss":0,"event_name":"Shining Light","floor":11,"gold_loss":0},{"damage_healed":0,"gold_gain":0,"player_choice":"Donut","damage_taken":0,"max_hp_gain":5,"max_hp_loss":0,"event_name":"Big Fish","floor":12,"gold_loss":0}],"is_beta":false,"boss_relics":[],"items_purged_floors":[3],"is_endless":false,"potions_floor_spawned":[2,13],"killed_by":"Hexaghost","ascension_level":13}}