{"host":"4zkge9b5bb6kwkft","time":1609479734,"event":{"mods":["AchievementEnabler","BaseMod","Better Skull","BetterRewards","Block Reminder","Colored Map","Colored Powertips","Curses Come First","Highlight Path","Infinite Spire","Minty Spire (QoL Compilation)","Quick Restart","Relic Stats","Replay The Spire","Retaliation","Spicy Shops","StSLib","SuperFastMode","The Blue Laboratory","The Marked"],"gold_per_floor":[111,111,124,124,144,144,169,169,169,199,199,233,233,258,258,363,363,375,375,45,144,144,144,144],"floor_reached":23,"playtime":552,"items_purged":[],"score":224,"play_id":"241c3b53-edee-4eaa-8cd1-1154ebb3ec8a","local_time":"20201231214214","is_ascension_mode":true,"campfire_choices":[{"data":"theMarked:SoldierOfQuellstein","floor":6.0,"key":"SMITH"},{"floor":8.0,"key":"REST"},{"floor":11.0,"key":"REST"},{"floor":13.0,"key":"REST"},{"floor":15.0,"key":"REST"}],"circlet_count":0,"master_deck":["theMarked:Strike","theMarked:Strike","theMarked:Strike","theMarked:Strike","theMarked:Strike","theMarked:Defend","theMarked:Defend","theMarked:Defend","theMarked:Defend","theMarked:SoldierOfQuellstein+1","theMarked:EternalStudent","theMarked:EmpowerWeapon","infinitespire:Execution","theMarked:RepellingDischarge","theMarked:RepellingDischarge","theMarked:ElementalBlade","theMarked:TakeOffHeels","theMarked:ParalyzingBlade","theMarked:Defy","theMarked:RepellingDischarge+1","Hallucinations"],"relics":["theMarked:ArtifactOfAir","Quantum Egg","Kunai","Potion Belt","Strawberry","WingedGreaves","theMarked:Eyepatch","Nilry\u0027s Codex","Oddly Smooth Stone","Pantograph","ReplayTheSpireMod:Ring of Addiction","Chameleon Ring","Toy Ornithopter"],"acts_visited":["Exordium","TheCity"],"potions_floor_usage":[23],"damage_taken":[{"damage":1.0,"enemies":"Cultist","floor":1.0,"turns":4.0},{"damage":0.0,"enemies":"2 Louse","floor":3.0,"turns":2.0},{"damage":6.0,"enemies":"Jaw Worm","floor":5.0,"turns":3.0},{"damage":43.0,"enemies":"3 Sentries","floor":7.0,"turns":11.0},{"damage":23.0,"enemies":"Lagavulin","floor":10.0,"turns":4.0},{"damage":9.0,"enemies":"3 Sentries","floor":12.0,"turns":4.0},{"damage":31.0,"enemies":"Gremlin Nob","floor":14.0,"turns":4.0},{"damage":26.0,"enemies":"Hexaghost","floor":16.0,"turns":7.0},{"damage":20.0,"enemies":"Shell Parasite","floor":18.0,"turns":6.0},{"damage":51,"enemies":"Gremlin Leader","floor":23,"turns":4}],"seed_played":"802014879449642663","potions_obtained":[{"floor":3.0,"key":"Swift Potion"},{"floor":10.0,"key":"Strength Potion"},{"floor":14.0,"key":"Doom Potion"},{"floor":16.0,"key":"Fruit Juice"},{"floor":22,"key":"blueLaboratory:PyrophylliteBrew"},{"floor":22,"key":"EntropicBrew"},{"floor":22,"key":"blueLaboratory:BottledHope"}],"is_trial":false,"path_per_floor":["M","?","M","?","M","R","E","R","T","E","R","E","R","E","R","B",null,"M","?","$","?","?","E"],"character_chosen":"THE_DEFAULT","items_purchased":["Oddly Smooth Stone","Pantograph"],"campfire_rested":4,"item_purchase_floors":[20,20],"current_hp_per_floor":[69,53,53,70,64,64,21,42,42,19,40,38,61,30,53,32,82,62,46,46,46,46,0,0],"gold":144,"neow_bonus":"ONE_RANDOM_RARE_CARD","is_daily":false,"chose_seed":false,"campfire_upgraded":1,"win_rate":0.0,"timestamp":1609479734,"path_taken":["M","?","M","?","M","R","E","R","T","E","R","E","R","E","R","BOSS","M","?","$","?","?","E"],"items_purchased_type":["Relic","Relic"],"build_version":"2020-12-22","purchased_purges":0,"victory":false,"max_hp_per_floor":[70,70,70,70,70,70,70,70,70,70,70,77,77,77,77,82,82,82,82,82,82,82,82,82],"relic_stats":{"counters":[31,152],"Pantograph":0,"Kunai":[0],"obtain_stats":[{"Divine Protection":20,"Golden Egg":24,"Nilry\u0027s Codex":19,"Blue Doll":6,"Incense Burner":21,"Whetstone":48,"Replay:Bandana":10,"Matryoshka":13,"Shovel":40,"Chameleon Ring":22,"Mummified Hand":36,"Strawberry":12,"Pantograph":20,"WingedGreaves":19,"theMarked:VonisonLock":44,"Kunai":9,"Replay:Wax Seal":26,"theMarked:Eyepatch":17,"Potion Belt":10,"Lee\u0027s Waffle":31,"Quantum Egg":7,"ReplayTheSpireMod:Ring of Addiction":22,"Oddly Smooth Stone":9,"Pen Nib":14,"Replay:WaspNest":47,"Question Card":14,"theMarked:ArtifactOfAir":0,"Busted Crown":34,"infinitespire:Broken Mirror":43,"Grinning Jar":20,"ReplayTheSpireMod:Lightbulb":38,"Toy Ornithopter":25},{"Divine Protection":10,"Golden Egg":11,"Nilry\u0027s Codex":30,"Blue Doll":5,"Incense Burner":10,"Whetstone":20,"Replay:Bandana":7,"Matryoshka":8,"Shovel":17,"Chameleon Ring":30,"Mummified Hand":15,"Strawberry":27,"Pantograph":30,"WingedGreaves":10,"theMarked:VonisonLock":18,"Kunai":25,"Replay:Wax Seal":11,"theMarked:Eyepatch":9,"Potion Belt":26,"Lee\u0027s Waffle":13,"Quantum Egg":25,"ReplayTheSpireMod:Ring of Addiction":30,"Oddly Smooth Stone":6,"Pen Nib":8,"Replay:WaspNest":20,"Question Card":8,"theMarked:ArtifactOfAir":0,"Busted Crown":14,"infinitespire:Broken Mirror":17,"Grinning Jar":10,"ReplayTheSpireMod:Lightbulb":16,"Toy Ornithopter":11},{"Divine Protection":39,"Golden Egg":44,"Nilry\u0027s Codex":148,"Blue Doll":14,"Incense Burner":39,"Whetstone":93,"Replay:Bandana":22,"Matryoshka":25,"Shovel":78,"Chameleon Ring":148,"Mummified Hand":67,"Strawberry":131,"Pantograph":148,"WingedGreaves":39,"theMarked:VonisonLock":82,"Kunai":123,"Replay:Wax Seal":44,"theMarked:Eyepatch":36,"Potion Belt":127,"Lee\u0027s Waffle":54,"Quantum Egg":123,"ReplayTheSpireMod:Ring of Addiction":148,"Oddly Smooth Stone":17,"Pen Nib":25,"Replay:WaspNest":93,"Question Card":25,"theMarked:ArtifactOfAir":0,"Busted Crown":64,"infinitespire:Broken Mirror":78,"Grinning Jar":39,"ReplayTheSpireMod:Lightbulb":71,"Toy Ornithopter":44}],"Toy Ornithopter":34},"card_choices":[{"not_picked":["theMarked:RepellingDischarge","theMarked:GodGivenPower"],"picked":"theMarked:EmpowerWeapon","floor":1.0},{"not_picked":["infinitespire:NeuralNetwork","ReplayTheSpireMod:Haul"],"picked":"infinitespire:Execution","floor":2.0},{"not_picked":["theMarked:Seal","theMarked:ResourceFulStrike"],"picked":"theMarked:RepellingDischarge","floor":3.0},{"not_picked":["theMarked:BanishingStrike","theMarked:GodGivenPower"],"picked":"theMarked:RepellingDischarge","floor":5.0},{"not_picked":["theMarked:DeterminationOfTheMarked","theMarked:ContemptForTheProud","theMarked:TwofoldDefense"],"picked":"SKIP","floor":7.0},{"not_picked":["theMarked:BanishingStrike","theMarked:UnarmedFury"],"picked":"theMarked:ElementalBlade","floor":10.0},{"not_picked":["theMarked:Aftermath","theMarked:MagicAdept"],"picked":"theMarked:TakeOffHeels","floor":12.0},{"not_picked":["theMarked:HeritageOfTheMarked","theMarked:Overthink"],"picked":"theMarked:ParalyzingBlade","floor":14.0},{"not_picked":["theMarked:SuspiciousRaven","theMarked:Abjuration"],"picked":"theMarked:Defy","floor":16.0},{"not_picked":["theMarked:Improvise","theMarked:LightningStrikesTwice"],"picked":"theMarked:RepellingDischarge+1","floor":18.0}],"player_experience":360762,"relics_obtained":[{"floor":7.0,"key":"Quantum Egg"},{"floor":9.0,"key":"Kunai"},{"floor":10.0,"key":"Potion Belt"},{"floor":12.0,"key":"Strawberry"},{"floor":14.0,"key":"WingedGreaves"},{"floor":19.0,"key":"Nilry\u0027s Codex"},{"floor":22,"key":"ReplayTheSpireMod:Ring of Addiction"},{"floor":22,"key":"Chameleon Ring"},{"floor":22,"key":"Toy Ornithopter"}],"event_choices":[{"damage_healed":0.0,"max_hp_gain":0.0,"max_hp_loss":0.0,"gold_gain":0.0,"event_name":"Cursed Tome","player_choice":"Obtained Book","floor":19.0,"gold_loss":0.0,"damage_taken":16.0},{"damage_healed":0.0,"max_hp_gain":0.0,"max_hp_loss":0.0,"gold_gain":99.0,"event_name":"Nest","player_choice":"Stole From Cult","floor":21.0,"gold_loss":0.0,"damage_taken":0.0}],"is_beta":false,"boss_relics":[{"not_picked":["Replay:Bronze Core","SlaversCollar"],"picked":"theMarked:Eyepatch"}],"items_purged_floors":[],"is_endless":false,"potions_floor_spawned":[3,10,14,16],"killed_by":"Gremlin Leader","ascension_level":1}}