{"host":"sc0o2qwpf9j16a4i","time":1609539730,"event":{"mods":["AchievementEnabler","BaseMod","BetterRewards","Block Reminder","Colored Map","Colored Powertips","Custom Start","Highlight Path","Minty Spire (QoL Compilation)","Relic Stats"],"gold_per_floor":[115,128,128,138,154,154,166,198,247,277,277,294,304,314,314,389,389,401,401,413,427,427,427,438,15,15,32,45,73,84,9,9,85,85,103,53,78,78,94,94,106,125,125,125,137,137,137,166,166,166,166,166,166,4,32,32,32],"floor_reached":56,"playtime":2342,"items_purged":["Strike_G","Defend_G","Defend_G"],"score":2380,"play_id":"6ebe604f-b71b-460e-87ea-c4a81b82ce57","local_time":"20210102002210","is_ascension_mode":true,"campfire_choices":[{"floor":6.0,"key":"REST"},{"floor":11.0,"key":"REST"},{"floor":15.0,"key":"REST"},{"floor":23.0,"key":"REST"},{"floor":32.0,"key":"REST"},{"data":"Apotheosis","floor":40.0,"key":"SMITH"},{"floor":44.0,"key":"RECALL"},{"floor":47.0,"key":"REST"},{"floor":49.0,"key":"REST"},{"data":"Footwork","floor":53.0,"key":"SMITH"}],"circlet_count":0,"master_deck":["AscendersBane","Defend_G","Defend_G","Survivor","Neutralize","Apotheosis+1","Footwork+1","Leg Sweep","Catalyst","Poisoned Stab","Crippling Poison","Flechettes","Footwork+1","Deflect","Catalyst","Deadly Poison","Dodge and Roll","Burst","Outmaneuver","Burst","Bouncing Flask","Catalyst","Backflip","Dodge and Roll","PiercingWail","Calculated Gamble","Corpse Explosion","Expertise"],"relics":["Ring of the Snake","Lantern","Nunchaku","Happy Flower","Molten Egg 2","Runic Pyramid","Membership Card","Gremlin Horn","Toy Ornithopter","StoneCalendar","PreservedInsect","Busted Crown","Tough Bandages","Pen Nib","Bronze Scales","Letter Opener"],"acts_visited":["Exordium","TheCity","TheBeyond","TheEnding"],"potions_floor_usage":[],"damage_taken":[{"damage":0.0,"enemies":"Jaw Worm","floor":1.0,"turns":5.0},{"damage":0.0,"enemies":"Cultist","floor":2.0,"turns":5.0},{"damage":0.0,"enemies":"Small Slimes","floor":4.0,"turns":5.0},{"damage":3.0,"enemies":"Exordium Wildlife","floor":5.0,"turns":5.0},{"damage":0.0,"enemies":"Looter","floor":7.0,"turns":4.0},{"damage":0.0,"enemies":"Lagavulin","floor":8.0,"turns":8.0},{"damage":54.0,"enemies":"Gremlin Nob","floor":10.0,"turns":6.0},{"damage":7.0,"enemies":"Lots of Slimes","floor":12.0,"turns":5.0},{"damage":0.0,"enemies":"3 Louse","floor":13.0,"turns":3.0},{"damage":9.0,"enemies":"Exordium Thugs","floor":14.0,"turns":5.0},{"damage":16.0,"enemies":"The Guardian","floor":16.0,"turns":5.0},{"damage":8.0,"enemies":"Spheric Guardian","floor":18.0,"turns":5.0},{"damage":10.0,"enemies":"2 Thieves","floor":20.0,"turns":5.0},{"damage":0.0,"enemies":"Snecko","floor":21.0,"turns":7.0},{"damage":2.0,"enemies":"Centurion and Healer","floor":24.0,"turns":5.0},{"damage":0.0,"enemies":"Chosen and Byrds","floor":27.0,"turns":2.0},{"damage":4.0,"enemies":"Snake Plant","floor":28.0,"turns":3.0},{"damage":20.0,"enemies":"Gremlin Leader","floor":29.0,"turns":6.0},{"damage":1.0,"enemies":"Centurion and Healer","floor":30.0,"turns":6.0},{"damage":8.0,"enemies":"Automaton","floor":33.0,"turns":6.0},{"damage":0.0,"enemies":"3 Shapes","floor":35.0,"turns":3.0},{"damage":0.0,"enemies":"Mind Bloom Boss Battle","floor":37.0,"turns":3.0},{"damage":16.0,"enemies":"3 Darklings","floor":39.0,"turns":3.0},{"damage":0.0,"enemies":"Writhing Mass","floor":41.0,"turns":4.0},{"damage":6.0,"enemies":"Jaw Worm Horde","floor":42.0,"turns":5.0},{"damage":22.0,"enemies":"4 Shapes","floor":45.0,"turns":5.0},{"damage":13.0,"enemies":"Giant Head","floor":48.0,"turns":7.0},{"damage":35.0,"enemies":"Time Eater","floor":50.0,"turns":8.0},{"damage":30.0,"enemies":"Awakened One","floor":51.0,"turns":11.0},{"damage":8.0,"enemies":"Shield and Spear","floor":55.0,"turns":7.0},{"damage":53,"enemies":"The Heart","floor":56,"turns":8}],"seed_played":"-7739318243933352556","potions_obtained":[{"floor":1.0,"key":"Explosive Potion"},{"floor":2.0,"key":"LiquidMemories"},{"floor":5.0,"key":"SkillPotion"},{"floor":13.0,"key":"Poison Potion"},{"floor":14.0,"key":"GamblersBrew"},{"floor":20.0,"key":"Dexterity Potion"},{"floor":24.0,"key":"Explosive Potion"},{"floor":29.0,"key":"PowerPotion"},{"floor":33.0,"key":"SteroidPotion"},{"floor":39.0,"key":"SneckoOil"},{"floor":42.0,"key":"SpeedPotion"},{"floor":45.0,"key":"Energy Potion"},{"floor":55.0,"key":"Explosive Potion"}],"is_trial":false,"path_per_floor":["M","M","?","M","M","R","M","E","T","E","R","M","M","M","R","B",null,"M","?","M","M","?","R","M","$","T","M","M","E","M","?","R","B",null,"M","$","?","?","M","R","M","M","T","R","M","?","R","E","R","B","B",null,"R","$","E","B"],"character_chosen":"THE_SILENT","items_purchased":["Apotheosis","Lantern","Footwork","Leg Sweep","Membership Card","Gremlin Horn","Toy Ornithopter","Bronze Scales","Expertise"],"campfire_rested":7,"item_purchase_floors":[0,0,0,0,25,25,25,54,54],"current_hp_per_floor":[40,40,40,40,37,56,56,56,56,2,21,14,14,5,24,8,52,44,44,34,34,34,53,51,51,51,51,47,32,31,31,50,47,61,61,61,61,76,65,65,65,59,59,59,37,37,59,46,68,38,13,60,60,60,52,0,0],"gold":32,"neow_bonus":"","is_daily":false,"chose_seed":false,"campfire_upgraded":2,"win_rate":0.0,"timestamp":1609539730,"path_taken":["M","M","?","M","?","R","M","E","T","E","R","?","M","M","R","BOSS","M","?","M","M","?","R","M","$","T","?","?","E","M","?","R","BOSS","M","$","?","?","M","R","M","?","T","R","M","?","R","E","R","BOSS","BOSS","R","$","E","BOSS"],"items_purchased_type":["Card","Relic","Card","Card","Relic","Relic","Relic","Relic","Card"],"build_version":"2020-12-22","purchased_purges":3,"victory":false,"max_hp_per_floor":[66,66,66,66,66,66,66,66,66,66,66,66,66,66,66,66,66,66,66,66,66,66,66,66,66,66,66,66,66,66,66,66,66,66,66,66,66,76,76,76,76,76,76,76,76,76,76,76,76,76,76,76,76,76,76,76,76],"relic_stats":{"Happy Flower":[115],"Gremlin Horn":[13,15],"counters":[63,324],"StoneCalendar":[285],"PreservedInsect":240,"Pen Nib":[10],"Letter Opener":[193],"Nunchaku":[7],"Tough Bandages":[189],"Busted Crown":16,"Bronze Scales":[727],"obtain_stats":[{"Lantern":13,"Gremlin Horn":25,"StoneCalendar":26,"Juzu Bracelet":0,"Ginger":17,"Ancient Tea Set":0,"SsserpentHead":22,"Centennial Puzzle":8,"Nunchaku":8,"Tough Bandages":37,"Sundial":7,"Philosopher\u0027s Stone":17,"InkBottle":9,"Ring of the Snake":0,"Runic Pyramid":0,"Lee\u0027s Waffle":0,"Happy Flower":9,"Pen Nib":11,"PreservedInsect":29,"Letter Opener":55,"Frozen Egg 2":2,"War Paint":9,"Orichalcum":14,"Akabeko":17,"Mercury Hourglass":17,"Calling Bell":17,"Busted Crown":34,"MutagenicStrength":20,"Bronze Scales":54,"Molten Egg 2":10,"Art of War":8,"Membership Card":25,"Toy Ornithopter":25},{"Lantern":7,"Gremlin Horn":47,"StoneCalendar":47,"Juzu Bracelet":12,"Ginger":18,"Ancient Tea Set":21,"SsserpentHead":31,"Centennial Puzzle":5,"Nunchaku":38,"Tough Bandages":54,"Sundial":16,"Philosopher\u0027s Stone":9,"InkBottle":5,"Ring of the Snake":0,"Runic Pyramid":0,"Lee\u0027s Waffle":21,"Happy Flower":38,"Pen Nib":16,"PreservedInsect":50,"Letter Opener":62,"Frozen Egg 2":1,"War Paint":26,"Orichalcum":27,"Akabeko":18,"Mercury Hourglass":18,"Calling Bell":18,"Busted Crown":52,"MutagenicStrength":10,"Bronze Scales":61,"Molten Egg 2":39,"Art of War":26,"Membership Card":47,"Toy Ornithopter":47},{"Lantern":25,"Gremlin Horn":237,"StoneCalendar":237,"Juzu Bracelet":48,"Ginger":88,"Ancient Tea Set":97,"SsserpentHead":154,"Centennial Puzzle":19,"Nunchaku":191,"Tough Bandages":266,"Sundial":73,"Philosopher\u0027s Stone":37,"InkBottle":19,"Ring of the Snake":0,"Runic Pyramid":0,"Lee\u0027s Waffle":97,"Happy Flower":191,"Pen Nib":73,"PreservedInsect":248,"Letter Opener":316,"Frozen Egg 2":5,"War Paint":123,"Orichalcum":128,"Akabeko":88,"Mercury Hourglass":88,"Calling Bell":88,"Busted Crown":260,"MutagenicStrength":41,"Bronze Scales":309,"Molten Egg 2":197,"Art of War":123,"Membership Card":237,"Toy Ornithopter":237}],"Toy Ornithopter":36,"Ring of the Snake":[103]},"card_choices":[{"not_picked":["Underhanded Strike","Dagger Spray"],"picked":"Catalyst","floor":1.0},{"not_picked":["Concentrate","Backflip"],"picked":"Poisoned Stab","floor":2.0},{"not_picked":["Calculated Gamble","Caltrops"],"picked":"Crippling Poison","floor":4.0},{"not_picked":["Slice","Tactician"],"picked":"Flechettes","floor":5.0},{"not_picked":["Deflect","Blur"],"picked":"Footwork","floor":7.0},{"not_picked":["Doppelganger","Slice","Accuracy"],"picked":"SKIP","floor":8.0},{"not_picked":["Infinite Blades","Finisher+1"],"picked":"Deflect","floor":10.0},{"not_picked":["Poisoned Stab+1","Heel Hook+1"],"picked":"Catalyst","floor":12.0},{"not_picked":["Underhanded Strike+1","Dash+1"],"picked":"Deadly Poison","floor":13.0},{"not_picked":["Deadly Poison","Choke+1"],"picked":"Dodge and Roll","floor":14.0},{"not_picked":["Night Terror","Venomology"],"picked":"Burst","floor":16.0},{"not_picked":["Dagger Spray+1","Prepared"],"picked":"Outmaneuver","floor":18.0},{"not_picked":["Eviscerate+1","Escape Plan"],"picked":"Bouncing Flask","floor":20.0},{"not_picked":["Deadly Poison","Sucker Punch+1"],"picked":"Catalyst","floor":21.0},{"not_picked":["Grand Finale+1","Bane+1"],"picked":"Backflip","floor":24.0},{"not_picked":["Slice+1","Sucker Punch+1","Outmaneuver"],"picked":"SKIP","floor":27.0},{"not_picked":["Endless Agony+1","Cloak And Dagger"],"picked":"Dodge and Roll","floor":28.0},{"not_picked":["Bouncing Flask","Eviscerate+1"],"picked":"PiercingWail","floor":29.0},{"not_picked":["Backstab+1","Riddle With Holes+1"],"picked":"Calculated Gamble","floor":30.0},{"not_picked":["Phantasmal Killer","Burst"],"picked":"Corpse Explosion","floor":33.0},{"not_picked":["Quick Slash+1"],"picked":"SKIP","floor":35.0},{"not_picked":["Quick Slash+1"],"picked":"SKIP","floor":39.0},{"not_picked":["Blade Dance"],"picked":"SKIP","floor":41.0},{"not_picked":["Well Laid Plans+1"],"picked":"SKIP","floor":42.0},{"not_picked":["Prepared"],"picked":"SKIP","floor":45.0},{"not_picked":["Slice+1"],"picked":"SKIP","floor":48.0},{"not_picked":["Poisoned Stab+1"],"picked":"SKIP","floor":55.0}],"player_experience":499435,"relics_obtained":[{"floor":8.0,"key":"Nunchaku"},{"floor":9.0,"key":"Happy Flower"},{"floor":10.0,"key":"Molten Egg 2"},{"floor":26.0,"key":"StoneCalendar"},{"floor":29.0,"key":"PreservedInsect"},{"floor":37.0,"key":"Tough Bandages"},{"floor":48.0,"key":"Pen Nib"},{"floor":55.0,"key":"Letter Opener"}],"event_choices":[{"cards_removed":["Strike_G"],"damage_healed":0.0,"max_hp_gain":0.0,"max_hp_loss":0.0,"gold_gain":0.0,"event_name":"Purifier","player_choice":"Purged","floor":3.0,"gold_loss":0.0,"damage_taken":0.0},{"damage_healed":0.0,"max_hp_gain":0.0,"max_hp_loss":0.0,"gold_gain":0.0,"cards_transformed":["Strike_G","Strike_G"],"event_name":"Drug Dealer","player_choice":"Became Test Subject","floor":19.0,"gold_loss":0.0,"damage_taken":0.0,"cards_obtained":["Grand Finale","Burst"]},{"cards_removed":["Strike_G"],"damage_healed":0.0,"max_hp_gain":0.0,"max_hp_loss":0.0,"gold_gain":0.0,"event_name":"Purifier","player_choice":"Purged","floor":22.0,"gold_loss":0.0,"damage_taken":0.0},{"cards_removed":["Defend_G"],"damage_healed":0.0,"max_hp_gain":0.0,"max_hp_loss":0.0,"gold_gain":0.0,"event_name":"Beggar","player_choice":"Gave Gold","floor":31.0,"gold_loss":75.0,"damage_taken":0.0},{"damage_healed":0.0,"max_hp_gain":0.0,"max_hp_loss":0.0,"gold_gain":0.0,"event_name":"MindBloom","player_choice":"Fight","floor":37.0,"gold_loss":0.0,"damage_taken":0.0},{"cards_removed":["Grand Finale"],"damage_healed":5.0,"max_hp_gain":10.0,"max_hp_loss":0.0,"gold_gain":0.0,"event_name":"Bonfire Elementals","player_choice":"Offered Rare","floor":38.0,"gold_loss":0.0,"damage_taken":0.0},{"damage_healed":0.0,"max_hp_gain":0.0,"max_hp_loss":0.0,"gold_gain":0.0,"event_name":"Accursed Blacksmith","player_choice":"Forge","floor":46.0,"gold_loss":0.0,"damage_taken":0.0,"cards_upgraded":["Footwork"]}],"is_beta":false,"boss_relics":[{"not_picked":["Pandora\u0027s Box","Snecko Eye"],"picked":"Runic Pyramid"},{"not_picked":["Ring of the Serpent","SacredBark"],"picked":"Busted Crown"}],"items_purged_floors":[25,36,54],"is_endless":false,"potions_floor_spawned":[1,2,5,13,14,20,24,28,29,33,37,39,42,45,55],"killed_by":"The Heart","ascension_level":20}}