{"host":"cbu6enf2xtq4r7r3","time":1609540574,"event":{"mods":["2.2 Compatiblity","AlwaysNeverKeys","BaseMod","Better Altar","Better Match","Better Note","Better Sensory Stone","Better Skull","Better Third Choice","Colored Map","Colored Powertips","Defuse TimeMaze Blight","Emptier Cage","Minty Spire (QoL Compilation)","Permanent Neow","Quick Restart","Random Character Button","Relic Sorter","Reorder Act Four","Shop Mod","StSLib"],"gold_per_floor":[113,113,133,146,96,96,112,112,186,186,217,217,258,134,134,262,262,262,262],"floor_reached":18,"playtime":509,"items_purged":["Strike_R"],"score":255,"play_id":"b0a4413b-82a5-4677-8ab4-add17f76a34a","local_time":"20210101233614","is_ascension_mode":true,"campfire_choices":[{"data":"Pommel Strike","floor":6,"key":"SMITH"},{"data":"Inflame","floor":10,"key":"SMITH"},{"data":"Infernal Blade","floor":12,"key":"SMITH"},{"data":"Heavy Blade","floor":15,"key":"SMITH"}],"circlet_count":0,"master_deck":["Strike_R","Strike_R","Strike_R","Defend_R","Defend_R","Defend_R","Defend_R","Bash","Cleave","Pommel Strike+1","Sword Boomerang","Inflame+1","Infernal Blade+1","Heavy Blade+1","Shrug It Off","Limit Break"],"relics":["Burning Blood","Golden Idol","Mummified Hand","Dream Catcher","Gremlin Horn","Philosopher\u0027s Stone"],"acts_visited":["Exordium","TheCity"],"potions_floor_usage":[1,7,18,18],"damage_taken":[{"damage":0,"enemies":"2 Louse","floor":1,"turns":3},{"damage":6,"enemies":"Jaw Worm","floor":3,"turns":3},{"damage":0,"enemies":"Small Slimes","floor":4,"turns":3},{"damage":0,"enemies":"3 Louse","floor":7,"turns":1},{"damage":26,"enemies":"Lagavulin","floor":11,"turns":6},{"damage":0,"enemies":"Gremlin Nob","floor":13,"turns":2},{"damage":0,"enemies":"Slime Boss","floor":16,"turns":5},{"damage":4,"enemies":"3 Byrds","floor":18,"turns":2}],"seed_played":"1928251431538123268","potions_obtained":[{"floor":0,"key":"HeartOfIron"},{"floor":0,"key":"SteroidPotion"},{"floor":0,"key":"BlessingOfTheForge"},{"floor":4,"key":"LiquidBronze"},{"floor":13,"key":"SneckoOil"},{"floor":16,"key":"EssenceOfSteel"}],"is_trial":false,"path_per_floor":["M","?","M","M","?","R","M","?","T","R","E","R","E","$","R","B",null,"M"],"character_chosen":"IRONCLAD","items_purchased":["Shrug It Off"],"campfire_rested":0,"item_purchase_floors":[14],"current_hp_per_floor":[80,60,60,66,66,66,72,77,77,77,57,57,63,63,63,69,85,81,81],"gold":262,"neow_bonus":"THREE_SMALL_POTIONS","is_daily":false,"chose_seed":false,"campfire_upgraded":4,"win_rate":0.0,"timestamp":1609540574,"path_taken":["M","?","M","M","?","R","M","?","T","R","E","R","E","$","R","BOSS","M"],"items_purchased_type":["Card"],"build_version":"2020-12-22","purchased_purges":1,"victory":false,"max_hp_per_floor":[80,80,80,80,80,80,80,85,85,85,85,85,85,85,85,85,85,85,85],"card_choices":[{"not_picked":["Sword Boomerang","Anger"],"picked":"Cleave","floor":1},{"not_picked":["Anger","Clothesline"],"picked":"Pommel Strike","floor":3},{"not_picked":["Combust","Iron Wave"],"picked":"Sword Boomerang","floor":4},{"not_picked":["Clothesline","True Grit"],"picked":"Inflame","floor":7},{"not_picked":["Inflame","Fiend Fire"],"picked":"Infernal Blade","floor":11},{"not_picked":["Clothesline","Flex"],"picked":"Heavy Blade","floor":13},{"not_picked":["Impervious","Fiend Fire"],"picked":"Limit Break","floor":16}],"player_experience":63084,"relics_obtained":[{"floor":9,"key":"Mummified Hand"},{"floor":11,"key":"Dream Catcher"},{"floor":13,"key":"Gremlin Horn"}],"event_choices":[{"damage_healed":0,"gold_gain":0,"player_choice":"Take Damage","damage_taken":20,"relics_obtained":["Golden Idol"],"max_hp_gain":0,"max_hp_loss":0,"event_name":"Golden Idol","floor":2,"gold_loss":0},{"cards_removed":["Strike_R"],"damage_healed":0,"gold_gain":0,"player_choice":"Card Removal","damage_taken":0,"max_hp_gain":0,"max_hp_loss":0,"event_name":"The Cleric","floor":5,"gold_loss":50},{"damage_healed":0,"gold_gain":0,"player_choice":"Donut","damage_taken":0,"max_hp_gain":5,"max_hp_loss":0,"event_name":"Big Fish","floor":8,"gold_loss":0}],"is_beta":false,"boss_relics":[{"not_picked":["Empty Cage","SacredBark"],"picked":"Philosopher\u0027s Stone"}],"items_purged_floors":[14],"is_endless":false,"potions_floor_spawned":[4,13,16],"killed_by":"3 Byrds","ascension_level":1}}