{"host":"ql9d3hodw6ja2r3y","time":1609542654,"event":{"mods":["2.2 Compatiblity","AchievementEnabler","Act Like it!","BaseMod","Beaked The Cultist","Better Altar","Better Match","Better Note","Better Sensory Stone","Better Skull","Better Third Choice","Better Vampires","BetterRewards","CCEM","Challenge The Spire","Colored Powertips","Curses Come First","Displayed Cursed Tome","Downfall","Friendly Minions","GifTheSpireLib","Infinite Spire","Marked Mod","Mimic Mod","Minty Spire (QoL Compilation)","Permanent Neow","Quick Restart","Random Character Button","Rare Cards Sparkle","Relic Sorter","Shade Mod","Somnambulant","Spicy Shops","StSLib","Synergy Search","The Blue Laboratory","The Bug Knight","The Construct","The Cursed","The Disciple","The Forsaken","The Hierophant","The Marked","The Runesmith","The Spell Scribe"],"gold_per_floor":[113,113,66,141,154,154,83,83,132,159,172,172,184,215,215,315,315,334,334,334,346,366,366,384,384,423,441,441,457,75,88,88,88,88],"floor_reached":33,"playtime":6308,"items_purged":[],"score":282,"play_id":"2fa90e30-4b4c-43e6-b088-b954825831f8","local_time":"20210102001054","is_ascension_mode":false,"campfire_choices":[{"floor":6,"key":"REST"},{"data":"Runesmith:CraftFirestone","floor":8,"key":"SMITH"},{"data":"Runesmith:CraftProtectio","floor":12,"key":"SMITH"},{"floor":15,"key":"REST"},{"floor":23,"key":"REST"},{"floor":25,"key":"REST"},{"data":"Runesmith:Grindstone","floor":32,"key":"SMITH"}],"circlet_count":0,"master_deck":["Runesmith:Strike_RS","Runesmith:Strike_RS","Runesmith:Strike_RS","Runesmith:Strike_RS","Runesmith:Defend_RS","Runesmith:Defend_RS","Runesmith:Defend_RS","Runesmith:Defend_RS","Runesmith:CraftFirestone+1","Runesmith:Fortify","Runesmith:ChiselStab","Runesmith:Grindstone+1","expansioncontent:ChargeUp","Runesmith:UnstableHammer","Runesmith:FrozenChisel","Runesmith:Electrocute","Runesmith:CraftProtectio+1","Runesmith:OneForEveryone","Runesmith:HeatExchange","Runesmith:StaticCage","Runesmith:Supernova","Runesmith:HeatedChisel","Runesmith:EarthShield+1","Runesmith:Overpower","Runesmith:Reinforce+1","Runesmith:UnstableHammer","Runesmith:UnstableHammer+1","Runesmith:EnergizedChisel","Runesmith:RuneHurl","Runesmith:LithiumIon","Runesmith:BackupBattery"],"relics":["Runesmith:BrokenRuby","CCEMRelics:PorcelainBowl","theForsaken:Gavel","Orichalcum","Philosopher\u0027s Stone","Ornamental Fan","CCEMRelics:WrappedPresent","Mango"],"acts_visited":["Exordium","TheCity"],"potions_floor_usage":[14,16,33,33,33],"damage_taken":[{"damage":0,"enemies":"2 Louse","floor":1,"turns":3},{"damage":0,"enemies":"Cultist","floor":5,"turns":4},{"damage":3,"enemies":"Gremlin Nob","floor":10,"turns":3},{"damage":0,"enemies":"Jaw Worm","floor":11,"turns":3},{"damage":6,"enemies":"Blue Slaver","floor":13,"turns":3},{"damage":9,"enemies":"Lagavulin","floor":14,"turns":5},{"damage":33,"enemies":"Hexaghost","floor":16,"turns":10},{"damage":12,"enemies":"2 Thieves","floor":18,"turns":4},{"damage":4,"enemies":"3 Byrds","floor":21,"turns":6},{"damage":13,"enemies":"Snecko","floor":22,"turns":6},{"damage":24,"enemies":"3 Cultists","floor":24,"turns":6},{"damage":0,"enemies":"Sentry and Sphere","floor":26,"turns":4},{"damage":3,"enemies":"Sentry and Sphere","floor":27,"turns":4},{"damage":0,"enemies":"Shelled Parasite and Fungi","floor":29,"turns":4},{"damage":6,"enemies":"Snake Plant","floor":31,"turns":3},{"damage":86,"enemies":"Automaton","floor":33,"turns":6}],"seed_played":"-4023566407699894277","potions_obtained":[{"floor":13,"key":"blueLaboratory:HorrorPotion"},{"floor":14,"key":"blueLaboratory:HummingbirdPotion"},{"floor":16,"key":"EssenceOfSteel"},{"floor":18,"key":"blueLaboratory:BubblePotion"},{"floor":20,"key":"blueLaboratory:CorrosionFlask"},{"floor":21,"key":"LiquidMemories"},{"floor":29,"key":"blueLaboratory:FruitPunch"}],"is_trial":false,"path_per_floor":["M","?","$","?","M","R","$","R","T","E","M","R","M","E","R","B",null,"M","?","?","M","M","R","M","R","MIM","M","?","M","$","M","R","B"],"character_chosen":"RUNESMITH_CLASS","items_purchased":["Runesmith:UnstableHammer","Runesmith:Electrocute","Runesmith:RuneHurl","Runesmith:LithiumIon","CCEMRelics:WrappedPresent"],"campfire_rested":4,"item_purchase_floors":[3,7,30,30,30],"current_hp_per_floor":[70,70,70,59,59,70,70,70,70,67,67,67,61,52,70,37,70,58,58,58,54,41,62,38,59,59,56,56,56,80,74,74,0,0],"gold":88,"neow_bonus":"THREE_CARDS","is_daily":false,"chose_seed":false,"campfire_upgraded":3,"win_rate":0.0,"timestamp":1609542654,"path_taken":["M","?","?","?","M","R","$","R","T","E","M","R","?","E","R","BOSS","M","?","?","M","?","R","M","R","MIM","M","?","M","?","M","R","BOSS"],"items_purchased_type":["Card","Card","Card","Card","Relic"],"build_version":"2020-12-22","purchased_purges":0,"victory":false,"max_hp_per_floor":[70,70,70,70,70,70,70,70,70,70,70,70,70,70,70,70,70,70,70,70,70,70,70,70,70,70,70,70,70,89,89,89,91,91],"card_choices":[{"not_picked":["Runesmith:CraftMagma","Runesmith:ShiftingStrike"],"picked":"Runesmith:ChiselStab","floor":0},{"not_picked":["Runesmith:HammerThrow","Runesmith:PerfectChisel"],"picked":"Runesmith:Grindstone","floor":1},{"not_picked":["expansioncontent:ManipulateTime","expansioncontent:PolyBeam"],"picked":"expansioncontent:ChargeUp","floor":2},{"not_picked":["Runesmith:PoweredAnvil","Runesmith:ElementalConversion"],"picked":"Runesmith:FrozenChisel","floor":5},{"not_picked":["Runesmith:UnstableHammer","Runesmith:DoubleUp"],"picked":"Runesmith:CraftProtectio","floor":10},{"not_picked":["Runesmith:Repurpose","Runesmith:HammerTime"],"picked":"Runesmith:OneForEveryone","floor":11},{"not_picked":["Runesmith:CraftMagma","Runesmith:Malloc"],"picked":"Runesmith:HeatExchange","floor":13},{"not_picked":["Runesmith:PoweredAnvil","Runesmith:CraftProtectio"],"picked":"Runesmith:StaticCage","floor":14},{"not_picked":["Runesmith:LastStand","Runesmith:DuctTape"],"picked":"Runesmith:Supernova","floor":16},{"not_picked":["Runesmith:Overpower","Runesmith:Repurpose"],"picked":"Runesmith:HeatedChisel","floor":18},{"not_picked":["Runesmith:EnergizedChisel+1","Runesmith:CraftReservo"],"picked":"Runesmith:EarthShield+1","floor":21},{"not_picked":["Runesmith:GoWithTheFlow","Runesmith:RunicBlueprint"],"picked":"Runesmith:Overpower","floor":22},{"not_picked":["Runesmith:EnergizedChisel","Runesmith:HeatedChisel+1"],"picked":"Runesmith:Reinforce+1","floor":24},{"not_picked":["Runesmith:GrandSlam","Runesmith:Repurpose"],"picked":"Runesmith:UnstableHammer","floor":26},{"not_picked":["Runesmith:OneForEveryone+1","Runesmith:EarthShield"],"picked":"Runesmith:UnstableHammer+1","floor":27},{"not_picked":["Runesmith:HammerTime","Runesmith:Grindstone"],"picked":"Runesmith:EnergizedChisel","floor":29},{"not_picked":["Runesmith:CraftProtectio","Runesmith:Overpower+1"],"picked":"Runesmith:BackupBattery","floor":31}],"player_experience":40324,"relics_obtained":[{"floor":9,"key":"CCEMRelics:PorcelainBowl"},{"floor":10,"key":"theForsaken:Gavel"},{"floor":14,"key":"Orichalcum"},{"floor":26,"key":"Ornamental Fan"},{"floor":30,"key":"Mango"}],"event_choices":[{"damage_healed":0,"gold_gain":1,"player_choice":"1","damage_taken":0,"max_hp_gain":0,"max_hp_loss":0,"event_name":"betterStone:BetterStone","floor":2,"gold_loss":0},{"damage_healed":0,"gold_gain":75,"player_choice":"Gold","damage_taken":11,"max_hp_gain":0,"max_hp_loss":0,"event_name":"betterThird:BetterGoop","floor":4,"gold_loss":0},{"damage_healed":0,"gold_gain":0,"player_choice":"Ignored","damage_taken":0,"max_hp_gain":0,"max_hp_loss":0,"event_name":"betterNote:BetterNote","floor":19,"gold_loss":0,"cards_obtained":["DaylightSavings"]},{"damage_healed":0,"gold_gain":0,"player_choice":"Got Potions","damage_taken":0,"max_hp_gain":0,"max_hp_loss":0,"event_name":"Lab","floor":20,"gold_loss":0}],"is_beta":false,"boss_relics":[{"not_picked":["infinitespire:Cupcake","Snecko Eye"],"picked":"Philosopher\u0027s Stone"}],"items_purged_floors":[],"is_endless":false,"potions_floor_spawned":[13,14,16,18,21,29,31],"killed_by":"Automaton","ascension_level":0}}