{"host":"zpo0s982nnba8fjk","time":1609525644,"event":{"mods":["Act Like it!","BaseMod","Downfall","GifTheSpireLib","Hermit","Hubris","Infinite Spire","Jorbs\u0027s Wanderer Trilogy","Minty Spire (QoL Compilation)","Replay The Spire","StSLib","The Animator"],"gold_per_floor":[99,99,99,99,99,118,118,69,69,89,14,49,49,69,82,82,82,82],"floor_reached":16,"playtime":1272,"items_purged":[],"score":98,"play_id":"03b77a52-f751-4bd6-96d2-5ba27405ef3b","local_time":"20210101192724","is_ascension_mode":false,"campfire_choices":[{"floor":1,"key":"RECALL"},{"data":"hexamod:Float","floor":9,"key":"SMITH"},{"data":"hexamod:GhostOfSpirePresent","floor":11,"key":"SMITH"},{"floor":13,"key":"REST"}],"circlet_count":0,"master_deck":["hexamod:Strike","hexamod:Strike","hexamod:Strike","hexamod:Strike","hexamod:Defend","hexamod:Defend","hexamod:Defend","hexamod:Defend","hexamod:Sear","hexamod:Float+1","hexamod:NightmareGuise","hexamod:SpectralAdrenaline","hexamod:SoulSteal","hexamod:GhostOfSpirePresent+1","hexamod:HeatMetal","hexamod:VolcanoVisage","hexamod:FastForward","hexamod:GhostflameInferno","hexamod:InspiringFlames"],"relics":["hexamod:SpiritBrand","downfall:HeartsMalice","downfall:HeartBlessingRed","Bottled Flame"],"acts_visited":["Exordium"],"potions_floor_usage":[],"damage_taken":[{"damage":0,"enemies":"2 Louse","floor":2,"turns":1},{"damage":0,"enemies":"infinitespire:Voidling","floor":3,"turns":1},{"damage":0,"enemies":"Cultist","floor":4,"turns":1},{"damage":13,"enemies":"2 Fungi Beasts","floor":6,"turns":5},{"damage":0,"enemies":"downfall:FleeingMerchant","floor":8,"turns":4},{"damage":1,"enemies":"3 Louse","floor":10,"turns":5},{"damage":24,"enemies":"3 Sentries","floor":12,"turns":7},{"damage":10,"enemies":"Exordium Wildlife","floor":14,"turns":6},{"damage":7,"enemies":"Large Slime","floor":15,"turns":6},{"damage":21,"enemies":"downfall:Ironclad","floor":16,"turns":5}],"seed_played":"3085095928333372852","potions_obtained":[{"floor":6,"key":"Languid Potion"},{"floor":12,"key":"AttackPotion"},{"floor":14,"key":"Elixir"}],"is_trial":false,"path_per_floor":["R","M","M","M","?","M","T","$","R","M","R","E","R","M","M","B"],"character_chosen":"THE_SPIRIT","items_purchased":["hexamod:HeatMetal"],"campfire_rested":1,"item_purchase_floors":[8],"current_hp_per_floor":[70,70,70,70,70,57,57,57,57,56,56,32,53,43,36,15,15,15],"gold":82,"neow_bonus":"THREE_ENEMY_KILL","is_daily":false,"chose_seed":false,"campfire_upgraded":2,"win_rate":0.0,"timestamp":1609525644,"path_taken":["R","M","M","M","?","?","T","?","R","M","R","E","R","M","M","BOSS"],"items_purchased_type":["Card"],"build_version":"2020-12-22","purchased_purges":0,"victory":false,"max_hp_per_floor":[70,70,70,70,70,70,70,70,70,70,70,70,70,70,70,70,70,70],"card_choices":[{"not_picked":["hexamod:BurningTouch","hexamod:Firestarter"],"picked":"hexamod:NightmareGuise","floor":2},{"not_picked":["hexamod:InspiringFlames","hexamod:ThermalTransfer"],"picked":"hexamod:SpectralAdrenaline","floor":3},{"not_picked":["hexamod:BurningTouch","hexamod:HauntingEcho"],"picked":"hexamod:SoulSteal","floor":4},{"not_picked":["hexamod:SpectersWail","hexamod:BurningTouch"],"picked":"hexamod:GhostOfSpirePresent","floor":6},{"not_picked":["hexamod:GhostLash","hexamod:FastForward","hexamod:RainOfEmbers"],"picked":"SKIP","floor":8},{"not_picked":["hexamod:ShieldOfDarkness","hexamod:NightmareStrike"],"picked":"hexamod:VolcanoVisage","floor":10},{"not_picked":["hexamod:HauntingEcho","hexamod:AdvancingGuard"],"picked":"hexamod:FastForward","floor":12},{"not_picked":["hexamod:FastForward","hexamod:InspiringFlames"],"picked":"hexamod:GhostflameInferno","floor":14},{"not_picked":["hexamod:GhostShield","hexamod:Hexaguard"],"picked":"hexamod:InspiringFlames","floor":15}],"player_experience":296445,"relics_obtained":[{"floor":12,"key":"Bottled Flame"}],"event_choices":[{"damage_healed":0,"gold_gain":0,"player_choice":"Ignored","damage_taken":0,"max_hp_gain":0,"max_hp_loss":0,"event_name":"NoteForYourself","floor":5,"gold_loss":0}],"is_beta":false,"boss_relics":[],"items_purged_floors":[],"is_endless":false,"potions_floor_spawned":[6,12,14,15],"killed_by":"downfall:Ironclad","ascension_level":0}}