{"host":"mvq3y0vr4azttkc6","time":1609508110,"event":{"mods":["BaseMod","Colored Powertips","Marisa????????","Minty Spire (QoL Compilation)","Replay The Spire","StSLib","The Cursed"],"gold_per_floor":[112,112,187,106,123,123,151,151,199,236,167,196,230,264,264,384,384,421,421,520,8,30,30,2,2,56,95,123,170,170,2,2,122,122,45,115,115,141,141,141,141,141,193,226,282,5,5,77,77,107],"floor_reached":51,"playtime":5222,"items_purged":["Overencumbered","TheCursedMod:Dregs"],"score":589,"play_id":"c22de6d7-b988-499c-a308-d1589fcc3fc8","local_time":"20210101163510","is_ascension_mode":true,"campfire_choices":[{"data":"TheCursedMod:Hemoplague","floor":6,"key":"SMITH"},{"data":"TheCursedMod:CursedWand","floor":8,"key":"SMITH"},{"floor":15,"key":"REST"},{"data":"TheCursedMod:UltimatePain","floor":23,"key":"SMITH"},{"floor":25,"key":"REST"},{"floor":30,"key":"REST"},{"floor":32,"key":"REST"},{"floor":40,"key":"REST"},{"data":"TheCursedMod:HellsGateOpen","floor":41,"key":"SMITH"},{"floor":47,"key":"REST"},{"data":"TheCursedMod:OutForBlood","floor":49,"key":"SMITH"},{"data":"TheCursedMod:SpitefulPlan","floor":49,"key":"SMITH"}],"circlet_count":0,"master_deck":["TheCursedMod:CursedWand+1","TheCursedMod:CleanUpWorkshop","TheCursedMod:Hemoplague+1","TheCursedMod:Wield","TheCursedMod:CursedBoomerang","TheCursedMod:Torture","TheCursedMod:CursedStaff","TheCursedMod:UltimatePain","TheCursedMod:VitalStrike","TheCursedMod:VitalStrike","TheCursedMod:Neurasthenia","TheCursedMod:SmokeScreen","TheCursedMod:SpitefulPray","TheCursedMod:UltimatePain+1","TheCursedMod:CircleOfBlood","TheCursedMod:HellfireBreathing","TheCursedMod:TacticalStrike","TheCursedMod:SoulReap","TheCursedMod:HellsGateOpen+1","TheCursedMod:DemonSword","Finesse","TheCursedMod:Hemoplague","TheCursedMod:Hemoplague+1","TheCursedMod:SurpriseAttack+1","TheCursedMod:BloodBarrier","TheCursedMod:DoubleShield+1","TheCursedMod:LuckyCharm","ReplayTheSpireMod:IOU","AbeCurse","TheCursedMod:OutForBlood+1","TheCursedMod:Obscuration+1","Wraith","TheCursedMod:SurpriseAttack","Apotheosis+1","TheCursedMod:SpitefulPlan+1","TheCursedMod:FleshFromBone+1","TheCursedMod:SaltUponWound+1"],"relics":["TheCursedMod:BlackMagic101","NeowsBlessing","ReplayTheSpireMod:CursedCoin","Replay:Bandana","TheCursedMod:Tack","Replay:Wax Seal","Potion Belt","Pandora\u0027s Box","Nilry\u0027s Codex","Membership Card","Pear","ReplayTheSpireMod:TigerMarble","Juzu Bracelet","Replay:Bottled Flurry","Tiny Chest","Mummified Hand","Bird Faced Urn","Black Star","WingedGreaves","Toxic Egg 2","Replay:Ringing Soul","Smiling Mask","Replay:Arrowhead","Blue Doll","Pantograph","Unceasing Top"],"acts_visited":["Exordium","TheCity","TheBeyond"],"potions_floor_usage":[13,16,22,28,50,50,50,50,50],"damage_taken":[{"damage":0,"enemies":"Jaw Worm","floor":1,"turns":1},{"damage":0,"enemies":"2 Louse","floor":5,"turns":1},{"damage":0,"enemies":"Gremlin Nob","floor":7,"turns":1},{"damage":0,"enemies":"Cultist","floor":10,"turns":3},{"damage":2,"enemies":"Looter","floor":12,"turns":3},{"damage":16,"enemies":"Lagavulin","floor":13,"turns":5},{"damage":11,"enemies":"Exordium Wildlife","floor":14,"turns":3},{"damage":35,"enemies":"Fading Forest","floor":16,"turns":11},{"damage":15,"enemies":"3 Byrds","floor":18,"turns":4},{"damage":6,"enemies":"Spheric Guardian","floor":22,"turns":3},{"damage":29,"enemies":"Gremlin Leader","floor":27,"turns":6},{"damage":11,"enemies":"Centurion and Healer","floor":28,"turns":2},{"damage":35,"enemies":"Replay:Snechameleon","floor":29,"turns":4},{"damage":44,"enemies":"Pondfish","floor":33,"turns":11},{"damage":21,"enemies":"Orb Walker","floor":35,"turns":3},{"damage":24,"enemies":"2 Orb Walkers","floor":36,"turns":5},{"damage":15,"enemies":"3 Darklings","floor":38,"turns":3},{"damage":16,"enemies":"Maw","floor":44,"turns":6},{"damage":38,"enemies":"Giant Head","floor":45,"turns":7},{"damage":8,"enemies":"Mind Bloom Boss Battle","floor":48,"turns":5},{"damage":18,"enemies":"Replay:Hell Engine","floor":50,"turns":9}],"seed_played":"-3677973038022299587","potions_obtained":[{"floor":1,"key":"Weak Potion"},{"floor":10,"key":"Ancient Potion"},{"floor":13,"key":"Strength Potion"},{"floor":14,"key":"Swift Potion"},{"floor":16,"key":"ColorlessPotion"},{"floor":18,"key":"Weak Potion"},{"floor":27,"key":"DuplicationPotion"},{"floor":38,"key":"SpeedPotion"}],"is_trial":false,"path_per_floor":["M","?","?","$","M","R","E","R","T","M","$","M","E","M","R","B",null,"M","?","?","$","M","R","$","R","T","E","M","E","R","$","R","B",null,"M","?","?","M","T","R","R","T","T","M","E","$","R","?","R","B",null],"character_chosen":"THE_CURSED","items_purchased":["ReplayTheSpireMod:CursedCoin","Replay:Bandana","TheCursedMod:CursedStaff","Membership Card","TheCursedMod:DemonSword","Finesse","TheCursedMod:Hemoplague","Pear","ReplayTheSpireMod:TigerMarble","TheCursedMod:Hemoplague+1","TheCursedMod:LuckyCharm","Mummified Hand","Bird Faced Urn","Apotheosis+1","TheCursedMod:SpitefulPlan","TheCursedMod:FleshFromBone+1","Pantograph","SpeedPotion"],"campfire_rested":6,"item_purchase_floors":[4,4,11,21,21,21,21,21,21,24,31,31,31,46,46,46,46,46],"current_hp_per_floor":[75,75,64,64,64,64,64,64,64,64,64,62,46,35,57,32,75,68,52,52,62,58,58,58,83,83,58,47,21,46,46,71,52,85,70,65,65,54,54,79,79,79,79,69,49,52,78,85,85,88],"gold":107,"neow_bonus":"THREE_ENEMY_KILL","is_daily":false,"chose_seed":false,"campfire_upgraded":6,"win_rate":0.0,"timestamp":1609508110,"path_taken":["M","?","?","$","M","R","E","R","T","M","?","M","E","M","R","BOSS","M","?","?","$","M","R","?","R","T","E","M","E","R","$","R","BOSS","M","?","?","M","?","R","R","?","T","M","E","?","R","?","R","BOSS"],"items_purchased_type":["Relic","Relic","Card","Relic","Card","Card","Card","Relic","Relic","Card","Card","Relic","Relic","Card","Card","Card","Relic","Potion"],"build_version":"2020-12-22","purchased_purges":2,"victory":true,"max_hp_per_floor":[75,75,75,75,75,75,75,75,75,75,75,75,75,75,75,75,75,75,75,75,85,85,85,85,85,85,85,85,85,85,85,85,85,85,85,85,85,85,85,85,85,85,85,85,85,88,88,91,91,91],"card_choices":[{"not_picked":["TheCursedMod:Torture","TheCursedMod:HellsGateOpen"],"picked":"TheCursedMod:Hemoplague","floor":1},{"not_picked":["TheCursedMod:CircleOfCorruption","TheCursedMod:FleshFromBone"],"picked":"TheCursedMod:Wield","floor":5},{"not_picked":["TheCursedMod:HellsGateOpen","TheCursedMod:CircleOfFocus"],"picked":"TheCursedMod:CursedBoomerang","floor":7},{"not_picked":["TheCursedMod:RavingStaff","TheCursedMod:EmpowerCircles"],"picked":"TheCursedMod:Torture","floor":10},{"not_picked":["TheCursedMod:FleshFromBone","TheCursedMod:Hemoplague"],"picked":"TheCursedMod:UltimatePain","floor":12},{"not_picked":["TheCursedMod:FleshFromBone","TheCursedMod:CursedShiv"],"picked":"TheCursedMod:VitalStrike","floor":13},{"not_picked":["TheCursedMod:SoulCrush","TheCursedMod:Grudge"],"picked":"TheCursedMod:VitalStrike","floor":14},{"not_picked":["TheCursedMod:ForbiddenAlchemy","TheCursedMod:UltimatePain"],"picked":"TheCursedMod:Neurasthenia","floor":16},{"not_picked":["TheCursedMod:RapidMovement+1","TheCursedMod:TacticalStrike"],"picked":"TheCursedMod:HellsGateOpen","floor":18},{"not_picked":["TheCursedMod:TroublousMinions","TheCursedMod:CursedAmulet","TheCursedMod:ReleasedStrength"],"picked":"SKIP","floor":22},{"not_picked":["TheCursedMod:Stigma","TheCursedMod:CursedSpellbook"],"picked":"TheCursedMod:SurpriseAttack+1","floor":27},{"not_picked":["TheCursedMod:CursedAmulet","TheCursedMod:CircleOfFocus+1"],"picked":"TheCursedMod:BloodBarrier","floor":28},{"not_picked":["TheCursedMod:CircleOfBlood","TheCursedMod:CursedStaff"],"picked":"TheCursedMod:DoubleShield+1","floor":29},{"not_picked":["TheCursedMod:Neurasthenia","TheCursedMod:UltimatePain"],"picked":"TheCursedMod:OutForBlood","floor":33},{"not_picked":["TheCursedMod:CursedMace","TheCursedMod:CursedArmor"],"picked":"TheCursedMod:Obscuration+1","floor":35},{"not_picked":["TheCursedMod:Obscuration+1","TheCursedMod:FuryStrike"],"picked":"TheCursedMod:SurpriseAttack","floor":38},{"not_picked":["TheCursedMod:AntiAging+1","TheCursedMod:TacticalStrike","TheCursedMod:SmokeScreen+1"],"picked":"SKIP","floor":44},{"not_picked":["TheCursedMod:SaltUponWound+1","TheCursedMod:Evocation+1","TheCursedMod:DemonSword"],"picked":"SKIP","floor":45},{"not_picked":["TheCursedMod:TroublousMinions+1","TheCursedMod:Obscuration+1"],"picked":"TheCursedMod:SaltUponWound+1","floor":48}],"player_experience":87436,"relics_obtained":[{"floor":7,"key":"TheCursedMod:Tack"},{"floor":9,"key":"Replay:Wax Seal"},{"floor":13,"key":"Potion Belt"},{"floor":19,"key":"Nilry\u0027s Codex"},{"floor":26,"key":"Juzu Bracelet"},{"floor":27,"key":"Replay:Bottled Flurry"},{"floor":29,"key":"Tiny Chest"},{"floor":36,"key":"WingedGreaves"},{"floor":39,"key":"Toxic Egg 2"},{"floor":42,"key":"Replay:Ringing Soul"},{"floor":43,"key":"Smiling Mask"},{"floor":45,"key":"Replay:Arrowhead"},{"floor":45,"key":"Blue Doll"},{"floor":48,"key":"Unceasing Top"}],"event_choices":[{"cards_removed":["TheCursedMod:Strike_TheCursed"],"damage_healed":0,"gold_gain":0,"player_choice":"Forget","damage_taken":0,"max_hp_gain":0,"max_hp_loss":0,"event_name":"Living Wall","floor":2,"gold_loss":0},{"damage_healed":0,"gold_gain":75,"player_choice":"Gather Gold","damage_taken":11,"max_hp_gain":0,"max_hp_loss":0,"event_name":"World of Goop","floor":3,"gold_loss":0},{"damage_healed":0,"gold_gain":0,"player_choice":"Obtained Book","damage_taken":16,"max_hp_gain":0,"max_hp_loss":0,"event_name":"Cursed Tome","floor":19,"gold_loss":0},{"damage_healed":0,"gold_gain":99,"player_choice":"Stole From Cult","damage_taken":0,"max_hp_gain":0,"max_hp_loss":0,"event_name":"Nest","floor":20,"gold_loss":0},{"damage_healed":0,"gold_gain":0,"player_choice":"Fight","damage_taken":0,"max_hp_gain":0,"max_hp_loss":0,"event_name":"Mysterious Sphere","floor":36,"gold_loss":0},{"damage_healed":0,"gold_gain":0,"player_choice":"Ignored","damage_taken":0,"max_hp_gain":0,"max_hp_loss":0,"event_name":"OrinTheCat","floor":37,"gold_loss":0},{"damage_healed":0,"gold_gain":0,"player_choice":"Fight","damage_taken":0,"max_hp_gain":0,"max_hp_loss":0,"event_name":"MindBloom","floor":48,"gold_loss":0}],"is_beta":false,"boss_relics":[{"not_picked":["Tiny House","Replay:Grab Bag"],"picked":"Pandora\u0027s Box"},{"not_picked":["Empty Cage","Replay:Wanted Poster"],"picked":"Black Star"}],"items_purged_floors":[4,31],"is_endless":false,"potions_floor_spawned":[1,10,13,14,16,18,27,38],"ascension_level":1}}