{"host":"vcrofm1hbk0ziuql","time":1609506561,"event":{"mods":["2.2 Compatiblity","BaseMod","Colored Map","DeckTracker","Googly Eyes","Highlight Path","Minty Spire (QoL Compilation)","StSLib"],"gold_per_floor":[14,14,31,31,31,31,45,65,91,91,105,123,88,263,263,384,384,398,421,421,435,435,475,475,488,535,535,535,535,535,574,574,695,758,781,395,395,59,59,81,81,12,45,54,63,78,122,152,152,152,152,152,29,72,72,72],"floor_reached":55,"playtime":2256,"items_purged":["Dualcast"],"score":848,"play_id":"1632ad98-8d91-445f-b8d4-65ee232f819f","local_time":"20210101130921","is_ascension_mode":false,"campfire_choices":[{"data":"Zap","floor":6,"key":"SMITH"},{"data":"Sweeping Beam","floor":10,"key":"SMITH"},{"data":"Beam Cell","floor":15,"key":"SMITH"},{"data":"Hello World","floor":24,"key":"SMITH"},{"floor":27,"key":"REST"},{"floor":32,"key":"REST"},{"data":"Hologram","floor":41,"key":"SMITH"},{"floor":49,"key":"RECALL"},{"data":"Reprogram","floor":52,"key":"SMITH"}],"circlet_count":0,"master_deck":["Defend_B+1","Defend_B","Defend_B","Defend_B","Zap+1","Cold Snap","Injury","Sweeping Beam+1","Hello World+1","Beam Cell+1","FTL","Doubt","Machine Learning","BootSequence+1","Sweeping Beam+1","Gash","Injury","Streamline","Scrape","Doubt","Stack","Echo Form","Steam","Aggregate+1","Rebound","Forethought","Mind Blast","Hologram+1","Reprogram+1","Clumsy","Writhe","Parasite","Multi-Cast","Gash","Conserve Battery","Hologram","Reinforced Body+1"],"relics":["Cracked Core","Du-Vu Doll","Golden Idol","Strawberry","Cursed Key","Regal Pillow","Bronze Scales","Incense Burner","Tiny House","CeramicFish","Bag of Marbles","Blue Candle","Kunai","Smiling Mask","Mummified Hand"],"acts_visited":["Exordium","TheCity","TheBeyond","TheEnding"],"potions_floor_usage":[11,11,16,16,16,40,50,50],"damage_taken":[{"damage":0,"enemies":"2 Louse","floor":1,"turns":2},{"damage":0,"enemies":"Small Slimes","floor":3,"turns":4},{"damage":6,"enemies":"Jaw Worm","floor":7,"turns":2},{"damage":11,"enemies":"3 Louse","floor":8,"turns":3},{"damage":3,"enemies":"Exordium Wildlife","floor":11,"turns":3},{"damage":0,"enemies":"Large Slime","floor":12,"turns":4},{"damage":25,"enemies":"The Guardian","floor":16,"turns":7},{"damage":10,"enemies":"Shell Parasite","floor":18,"turns":4},{"damage":0,"enemies":"Chosen","floor":19,"turns":4},{"damage":9,"enemies":"Sentry and Sphere","floor":21,"turns":4},{"damage":31,"enemies":"Slavers","floor":23,"turns":4},{"damage":19,"enemies":"Snake Plant","floor":25,"turns":3},{"damage":25,"enemies":"Gremlin Leader","floor":31,"turns":5},{"damage":27,"enemies":"Automaton","floor":33,"turns":8},{"damage":0,"enemies":"Orb Walker","floor":35,"turns":3},{"damage":9,"enemies":"3 Darklings","floor":40,"turns":3},{"damage":2,"enemies":"4 Shapes","floor":46,"turns":5},{"damage":5,"enemies":"Giant Head","floor":47,"turns":9},{"damage":20,"enemies":"Maw","floor":48,"turns":6},{"damage":34,"enemies":"Time Eater","floor":50,"turns":9},{"damage":54,"enemies":"Shield and Spear","floor":54,"turns":6},{"damage":33,"enemies":"The Heart","floor":55,"turns":2}],"seed_played":"-4476626433759019381","potions_obtained":[{"floor":8,"key":"EntropicBrew"},{"floor":11,"key":"BlessingOfTheForge"},{"floor":12,"key":"Block Potion"},{"floor":21,"key":"SteroidPotion"},{"floor":23,"key":"SpeedPotion"},{"floor":34,"key":"EssenceOfSteel"},{"floor":40,"key":"Energy Potion"},{"floor":48,"key":"FearPotion"}],"is_trial":false,"path_per_floor":["M","$","M","?","?","R","M","M","T","R","M","M","$","?","R","B",null,"M","M","?","M","?","E","R","M","T","R","?","?","?","E","R","B",null,"M","$","?","$","?","M","R","$","T","?","T","M","E","M","R","B",null,"R","$","E","B"],"character_chosen":"DEFECT","items_purchased":["FTL","CeramicFish","Bag of Marbles","Rebound","Forethought","Blue Candle","Mind Blast","Reprogram","Conserve Battery","Hologram"],"campfire_rested":2,"item_purchase_floors":[13,36,36,36,36,38,38,42,53,53],"current_hp_per_floor":[75,75,75,75,75,75,69,58,65,65,62,62,62,62,62,37,82,72,72,72,63,63,32,32,13,13,52,52,52,52,27,66,39,87,87,87,87,87,87,78,78,78,78,87,87,85,80,60,60,26,87,87,87,33,0,0],"gold":72,"neow_bonus":"ONE_RARE_RELIC","is_daily":false,"chose_seed":false,"campfire_upgraded":6,"win_rate":0.0,"timestamp":1609506561,"path_taken":["M","$","M","?","?","R","M","M","T","R","M","M","?","?","R","BOSS","M","M","?","M","?","E","R","M","T","R","?","?","?","E","R","BOSS","M","$","?","$","?","?","R","?","T","?","?","M","E","M","R","BOSS","R","$","E","BOSS"],"items_purchased_type":["Card","Relic","Relic","Card","Card","Relic","Card","Card","Card","Card"],"build_version":"2020-12-22","purchased_purges":1,"victory":false,"max_hp_per_floor":[75,75,75,75,75,75,75,75,82,82,82,82,82,82,82,82,82,82,82,82,82,82,82,82,82,82,82,82,82,82,82,82,82,87,87,87,87,87,87,87,87,87,87,87,87,87,87,87,87,87,87,87,87,87,87,87],"card_choices":[{"not_picked":["Aggregate","Barrage"],"picked":"Cold Snap","floor":1},{"not_picked":["Beam Cell","Hologram","Hello World"],"picked":"SKIP","floor":3},{"not_picked":["Turbo","Storm","Compile Driver"],"picked":"SKIP","floor":7},{"not_picked":["Gash","Genetic Algorithm"],"picked":"Sweeping Beam","floor":8},{"not_picked":["Coolheaded","Double Energy"],"picked":"Hello World","floor":11},{"not_picked":["Doom and Gloom","Tempest"],"picked":"Beam Cell","floor":12},{"not_picked":["Hyperbeam","Thunder Strike"],"picked":"Machine Learning","floor":16},{"not_picked":["Beam Cell","Reinforced Body"],"picked":"BootSequence+1","floor":18},{"not_picked":["Steam","Chill"],"picked":"Sweeping Beam+1","floor":19},{"not_picked":["Ball Lightning+1","Doom and Gloom"],"picked":"Cold Snap","floor":21},{"not_picked":["Doom and Gloom","Undo"],"picked":"Compile Driver","floor":23},{"not_picked":["BootSequence+1","Steam+1"],"picked":"Gash","floor":25},{"not_picked":["Core Surge","Undo+1"],"picked":"Stack","floor":31},{"not_picked":["Buffer","Reboot"],"picked":"Echo Form","floor":33},{"not_picked":["Turbo","Compile Driver"],"picked":"Steam","floor":34},{"not_picked":["Barrage+1","Sunder+1"],"picked":"Aggregate+1","floor":35},{"not_picked":["Force Field","Recycle+1"],"picked":"Hologram","floor":40},{"not_picked":["Cold Snap+1","Compile Driver","Barrage+1"],"picked":"SKIP","floor":46},{"not_picked":["Meteor Strike","Cold Snap+1"],"picked":"Multi-Cast","floor":47},{"not_picked":["Sweeping Beam","Hologram"],"picked":"Gash","floor":48},{"not_picked":["Barrage","Stack+1"],"picked":"Reinforced Body+1","floor":54}],"player_experience":557360,"relics_obtained":[{"floor":9,"key":"Strawberry"},{"floor":23,"key":"Regal Pillow"},{"floor":26,"key":"Bronze Scales"},{"floor":31,"key":"Incense Burner"},{"floor":45,"key":"Kunai"},{"floor":47,"key":"Smiling Mask"},{"floor":54,"key":"Mummified Hand"}],"event_choices":[{"cards_removed":["Strike_B"],"damage_healed":0,"gold_gain":0,"player_choice":"Forget","damage_taken":0,"max_hp_gain":0,"max_hp_loss":0,"event_name":"Living Wall","floor":4,"gold_loss":0},{"damage_healed":0,"gold_gain":0,"player_choice":"Take Wound","damage_taken":0,"relics_obtained":["Golden Idol"],"max_hp_gain":0,"max_hp_loss":0,"event_name":"Golden Idol","floor":5,"gold_loss":0,"cards_obtained":["Injury"]},{"damage_healed":0,"gold_gain":175,"player_choice":"AGREE","damage_taken":0,"max_hp_gain":0,"max_hp_loss":0,"event_name":"Liars Game","floor":14,"gold_loss":0,"cards_obtained":["Doubt"]},{"damage_healed":0,"gold_gain":0,"player_choice":"Ignored","damage_taken":0,"max_hp_gain":0,"max_hp_loss":0,"event_name":"Ghosts","floor":20,"gold_loss":0},{"cards_removed":["Strike_B"],"damage_healed":0,"gold_gain":0,"player_choice":"Elegance","damage_taken":0,"max_hp_gain":0,"max_hp_loss":0,"event_name":"Back to Basics","floor":22,"gold_loss":0},{"damage_healed":0,"gold_gain":0,"cards_transformed":["Strike_B","Strike_B"],"player_choice":"Became Test Subject","damage_taken":0,"max_hp_gain":0,"max_hp_loss":0,"event_name":"Drug Dealer","floor":28,"gold_loss":0,"cards_obtained":["Streamline","Hyperbeam"]},{"damage_healed":0,"gold_gain":0,"player_choice":"Read","damage_taken":0,"max_hp_gain":0,"max_hp_loss":0,"event_name":"The Library","floor":29,"gold_loss":0,"cards_obtained":["Scrape"]},{"cards_removed":["Cold Snap"],"damage_healed":0,"gold_gain":0,"player_choice":"Took Card","damage_taken":0,"max_hp_gain":0,"max_hp_loss":0,"event_name":"NoteForYourself","floor":30,"gold_loss":0,"cards_obtained":["Doubt"]},{"cards_removed":["Hyperbeam"],"damage_healed":0,"gold_gain":0,"player_choice":"Removed Attack","damage_taken":0,"max_hp_gain":0,"max_hp_loss":0,"event_name":"Falling","floor":37,"gold_loss":0},{"cards_removed":["Compile Driver"],"damage_healed":5,"gold_gain":0,"player_choice":"Offered Common","damage_taken":0,"max_hp_gain":0,"max_hp_loss":0,"event_name":"Bonfire Elementals","floor":39,"gold_loss":0},{"cards_removed":["Compile Driver"],"damage_healed":5,"gold_gain":0,"player_choice":"Offered Special","damage_taken":0,"max_hp_gain":0,"max_hp_loss":0,"event_name":"Bonfire Elementals","floor":39,"gold_loss":0},{"damage_healed":22,"gold_gain":0,"player_choice":"Writhe","damage_taken":0,"max_hp_gain":0,"max_hp_loss":0,"event_name":"Winding Halls","floor":44,"gold_loss":0,"cards_obtained":["Writhe"]}],"is_beta":false,"boss_relics":[{"not_picked":["Empty Cage","SacredBark"],"picked":"Cursed Key"},{"not_picked":["Velvet Choker","Inserter"],"picked":"Tiny House"}],"items_purged_floors":[53],"is_endless":false,"potions_floor_spawned":[8,11,12,21,23,40,48],"killed_by":"The Heart","ascension_level":0}}