{"host":"0cm5wy4nhuju7tij","time":1609473180,"event":{"mods":["2.2 Compatiblity","AchievementEnabler","Arknights The Spire","Aspiration","BaseMod","Better Third Choice","BetterRewards","CCEM","CapriCore","Colored Powertips","Custom Start","Displayed Cursed Tome","Downfall","Energized Spire","Evolution","Filter the Spire","Fireblade Mod","Highlight Path","Jess\u0027s Bottle","Minty Spire (QoL Compilation)","Permanent Neow","Relic Stats","Shop Mod","Spicy Shops","StSLib","The Servant 0.9.4"],"gold_per_floor":[211,222,101,113,131,131,156,156,232,232,232,299,48,63,63,166,166,179,179,199,219,239,239,267,267,267,287,287,41,51,51,51,155,155,170,185,231,247,14,14,14,14],"floor_reached":41,"playtime":2720,"items_purged":["ats:Strike V","ats:Strike S","ats:Defend"],"score":463,"play_id":"a6942ae4-78c5-48a2-96a2-dc2e165247e9","local_time":"20201231225300","is_ascension_mode":false,"campfire_choices":[{"floor":6,"key":"REST"},{"data":"ats:Roar Of Ursus","floor":8,"key":"SMITH"},{"data":"ats:Magnetic Hammer","floor":11,"key":"SMITH"},{"floor":15,"key":"REST"},{"floor":23,"key":"REST"},{"floor":25,"key":"REST"},{"floor":28,"key":"REST"},{"floor":32,"key":"REST"},{"data":"ats:Roar Of Ursus","floor":40,"key":"SMITH"}],"circlet_count":0,"master_deck":["ats:Leaping Hammer","ats:Leaping Hammer","ats:Armor Crushing Shot","ats:Defend","ats:Defend","ats:Defend","ats:Emotion Absorption","ats:Support Order","ats:Magnetic Hammer+1","ats:Powerful Strike","ats:Explosion Area Strengthen","ats:Explosion Area Strengthen","ats:Roar Of Ursus+1","ats:Poison Spread","ats:Roar Of Ursus+1","ats:Ignite+1","ats:Neurotoxin","ats:Thorns+1","ats:Neurotoxin","ats:Shell Defense","ats:Explosion Area Strengthen+1","ats:Sword Rain+1","ats:Shell Defense","ats:Poison Spread","ats:Explosion Area Strengthen","ats:Shell Defense","ats:Calcification","ats:Leaping Hammer","ats:Childhood Dance+1","ats:Flexible Camouflage+1","ats:Healing Drone+1","ats:Neurotoxin"],"relics":["ats:Sanity","EVO:Axolotl","ats:Originium","Meat on the Bone","HornCleat","Pear","OrangePellets","jessBottle:WaterBottleRelic","ats:Bonebreaker","Question Card","aspiration:RitualStick","Black Star","Mango","ats:Spiritual Recovery"],"acts_visited":["Exordium","TheCity","TheBeyond"],"potions_floor_usage":[33,37,37,41],"damage_taken":[{"damage":5,"enemies":"Cultist","floor":1,"turns":4},{"damage":2,"enemies":"2 Louse","floor":2,"turns":3},{"damage":10,"enemies":"Jaw Worm","floor":4,"turns":4},{"damage":11,"enemies":"Blue Slaver","floor":5,"turns":3},{"damage":20,"enemies":"Lagavulin","floor":7,"turns":8},{"damage":1,"enemies":"3 Louse","floor":14,"turns":3},{"damage":59,"enemies":"Hexaghost","floor":16,"turns":12},{"damage":19,"enemies":"Shell Parasite","floor":18,"turns":6},{"damage":11,"enemies":"Chosen","floor":20,"turns":5},{"damage":16,"enemies":"Snecko","floor":21,"turns":5},{"damage":20,"enemies":"Centurion and Healer","floor":22,"turns":5},{"damage":50,"enemies":"Book of Stabbing","floor":24,"turns":6},{"damage":30,"enemies":"Snake Plant","floor":27,"turns":4},{"damage":4,"enemies":"Shelled Parasite and Fungi","floor":30,"turns":4},{"damage":51,"enemies":"Automaton","floor":33,"turns":8},{"damage":49,"enemies":"3 Darklings","floor":35,"turns":5},{"damage":9,"enemies":"3 Shapes","floor":36,"turns":2},{"damage":32,"enemies":"2 Orb Walkers","floor":37,"turns":4},{"damage":5,"enemies":"Sphere and 2 Shapes","floor":38,"turns":3},{"damage":112,"enemies":"Giant Head","floor":41,"turns":9}],"seed_played":"-1793592845421761142","potions_obtained":[{"floor":4,"key":"Energy Potion"},{"floor":7,"key":"Energy Potion"},{"floor":16,"key":"FearPotion"},{"floor":22,"key":"SneckoOil"},{"floor":35,"key":"LiquidMemories"},{"floor":38,"key":"ats:Top Emergency Sanity Potion"}],"is_trial":false,"path_per_floor":["M","M","$","M","M","R","E","R","T","T","R","?","$","M","R","B",null,"M","?","M","M","M","R","E","R","T","M","R","$","M","?","R","B",null,"M","M","?","M","$","R","E"],"character_chosen":"DOCTOR_CLASS","items_purchased":["ats:Powerful Strike","OrangePellets","ats:Shell Defense","ats:Poison Spread","ats:Explosion Area Strengthen","ats:Spiritual Recovery","ats:Neurotoxin"],"campfire_rested":6,"item_purchase_floors":[3,13,29,29,29,39,39],"current_hp_per_floor":[67,65,65,55,44,65,45,45,45,55,55,55,55,54,78,31,82,63,63,52,48,40,64,29,53,53,38,62,62,61,45,69,47,82,48,51,49,56,56,56,0,0],"gold":14,"neow_bonus":"HUNDRED_GOLD","is_daily":false,"chose_seed":false,"campfire_upgraded":3,"win_rate":0.0,"timestamp":1609473180,"path_taken":["M","M","$","M","M","R","E","R","T","?","R","?","$","M","R","BOSS","M","?","M","M","M","R","E","R","T","M","R","$","M","?","R","BOSS","M","M","?","M","$","R","E"],"items_purchased_type":["Card","Relic","Card","Card","Card","Relic","Card"],"build_version":"2020-12-22","purchased_purges":3,"victory":false,"max_hp_per_floor":[72,72,72,72,72,72,72,72,72,82,82,82,82,82,82,82,82,82,82,82,82,82,82,82,82,82,82,82,82,82,82,82,82,82,82,82,96,96,96,96,96,96],"relic_stats":{"OrangePellets":[6],"counters":[20,102],"Black Star":0,"Question Card":7,"obtain_stats":[{"ats:Spiritual Recovery":39,"Pear":10,"Mango":37,"EVO:Axolotl":0,"Question Card":26,"aspiration:RitualStick":31,"OrangePellets":13,"HornCleat":9,"ats:Originium":7,"Black Star":34,"ats:Sanity":0,"ats:Bonebreaker":24,"jessBottle:WaterBottleRelic":17,"Meat on the Bone":7},{"ats:Spiritual Recovery":19,"Pear":5,"Mango":18,"EVO:Axolotl":0,"Question Card":12,"aspiration:RitualStick":14,"OrangePellets":5,"HornCleat":5,"ats:Originium":5,"Black Star":15,"ats:Sanity":0,"ats:Bonebreaker":12,"jessBottle:WaterBottleRelic":7,"Meat on the Bone":5},{"ats:Spiritual Recovery":93,"Pear":22,"Mango":90,"EVO:Axolotl":0,"Question Card":64,"aspiration:RitualStick":71,"OrangePellets":22,"HornCleat":22,"ats:Originium":22,"Black Star":79,"ats:Sanity":0,"ats:Bonebreaker":64,"jessBottle:WaterBottleRelic":37,"Meat on the Bone":22}],"aspiration:RitualStick":[0],"Meat on the Bone":120},"card_choices":[{"not_picked":["ats:Poison Spread","ats:Shadow Raid"],"picked":"ats:Support Order","floor":1},{"not_picked":["ats:Cat Scratch","ats:Ignite"],"picked":"ats:Magnetic Hammer","floor":2},{"not_picked":["ats:Hammer On","ats:Leaping Hammer"],"picked":"ats:Explosion Area Strengthen","floor":4},{"not_picked":["ats:Thermite Blade","ats:Collapsing Strike"],"picked":"ats:Explosion Area Strengthen","floor":5},{"not_picked":["ats:Support Order","ats:Thorns"],"picked":"ats:Roar Of Ursus","floor":7},{"not_picked":["ats:Ignite","ats:Curse Doll"],"picked":"ats:Poison Spread","floor":14},{"not_picked":["ats:Fractured Body","ats:Soul Rend"],"picked":"ats:Roar Of Ursus","floor":16},{"not_picked":["ats:Assault Order","ats:Poison Spread"],"picked":"ats:Ignite+1","floor":18},{"not_picked":["ats:Shell Defense","ats:Revitalization+1"],"picked":"ats:Thorns+1","floor":20},{"not_picked":["ats:Blood Oath","ats:Shell Defense"],"picked":"ats:Neurotoxin","floor":21},{"not_picked":["ats:Red Shift+1","ats:LN2 Cannon"],"picked":"ats:Shell Defense","floor":22},{"not_picked":["ats:Guardian Obelisk","ats:Echo Reverb"],"picked":"ats:Explosion Area Strengthen+1","floor":24},{"not_picked":["ats:Leaping Hammer","ats:Defend Order","ats:Very Hot Blade+1"],"picked":"ats:Sword Rain+1","floor":27},{"not_picked":["ats:Sword Rain","ats:Support Order","ats:Explosion Area Strengthen+1"],"picked":"ats:Shell Defense","floor":30},{"not_picked":["ats:Shadow Assault","ats:Dogmatic Field","ats:True Silver Slash"],"picked":"ats:Calcification","floor":33},{"not_picked":["ats:Flexible Camouflage","ats:Assault Order+1","ats:Soul Absorption"],"picked":"ats:Leaping Hammer","floor":35},{"not_picked":["ats:Support Order","ats:Powerful Strike","ats:Composite Medical Shells"],"picked":"ats:Childhood Dance+1","floor":36},{"not_picked":["ats:Consecutive Shot Auto+1","ats:Ignite","ats:Cat Scratch"],"picked":"ats:Flexible Camouflage+1","floor":37},{"not_picked":["ats:Flame Of Heaven","ats:LN2 Cannon","ats:Rat Pack"],"picked":"ats:Healing Drone+1","floor":38}],"player_experience":227192,"relics_obtained":[{"floor":7,"key":"ats:Originium"},{"floor":7,"key":"Meat on the Bone"},{"floor":9,"key":"HornCleat"},{"floor":10,"key":"Pear"},{"floor":24,"key":"ats:Originium"},{"floor":24,"key":"ats:Bonebreaker"},{"floor":26,"key":"Question Card"},{"floor":37,"key":"Mango"}],"event_choices":[{"damage_healed":0,"gold_gain":67,"player_choice":"Gained Gold","damage_taken":0,"max_hp_gain":0,"max_hp_loss":0,"event_name":"Golden Wing","floor":12,"gold_loss":0},{"damage_healed":0,"gold_gain":0,"player_choice":"Read","damage_taken":0,"max_hp_gain":0,"max_hp_loss":0,"event_name":"The Library","floor":19,"gold_loss":0,"cards_obtained":["ats:Neurotoxin"]},{"damage_healed":0,"gold_gain":0,"player_choice":"Fight","damage_taken":0,"max_hp_gain":0,"max_hp_loss":0,"event_name":"Mysterious Sphere","floor":37,"gold_loss":0}],"is_beta":false,"boss_relics":[{"not_picked":["aspiration:FutureDiary","Runic Dome"],"picked":"jessBottle:WaterBottleRelic"},{"not_picked":["aspiration:PoetsPen_weak","CCEMRelics:GreenEgg"],"picked":"Black Star"}],"items_purged_floors":[3,13,29],"is_endless":false,"potions_floor_spawned":[4,7,16,20,22,24,30,35,38],"killed_by":"Giant Head","ascension_level":0}}