{"host":"3ikutf0nfngyhvfs","time":1609527739,"event":{"mods":["AchievementEnabler","BaseMod","Downfall","Minty Spire (QoL Compilation)","StSLib"],"gold_per_floor":[99,109,126,145,159,177,201,232,251,251,61,161,66,77,91,188,188,113,123,140,151,151,176,176,194,294,357,369,404,329,339,355,456,456,381,393,410,123,173,173,200,71,84,84,100,135,152,257,270,270,270,296,17,17,17],"floor_reached":56,"playtime":9886,"items_purged":["Slimebound:Strike_Slimebound","Slimebound:Strike_Slimebound","Slimebound:Strike_Slimebound"],"score":1354,"play_id":"402953ee-d6ad-4385-bd38-84dc99030355","local_time":"20210101130219","is_ascension_mode":false,"campfire_choices":[{"floor":1,"key":"RECALL"},{"data":"Slimebound:Chomp","floor":10,"key":"SMITH"},{"data":"Apotheosis","floor":18,"key":"SMITH"},{"floor":30,"key":"REST"},{"data":"Slimebound:AcidTongue","floor":35,"key":"SMITH"},{"data":"Slimebound:Gluttony","floor":40,"key":"SMITH"},{"data":"Slimebound:SpikyOuterGoop","floor":54,"key":"SMITH"}],"circlet_count":0,"master_deck":["Slimebound:Tackle","Slimebound:Defend_Slimebound","Slimebound:Defend_Slimebound","Slimebound:Defend_Slimebound","Slimebound:Split","Slimebound:CorrosiveSpit","Slimebound:Repurpose","Slimebound:SlimeSpikes","Slimebound:SplitMire","Slimebound:Gluttony+1","Slimebound:LivingWall","Slimebound:SamplingLick","Slimebound:Chomp+1","Slimebound:SplitLeeching","Apotheosis+1","Slimebound:LeadByExample","Slimebound:LeechEnergy","Slimebound:FormOfPuddle","Slimebound:LeechingTouch","Slimebound:RainOfGoop","Slimebound:OneTwoCombo","Slimebound:HauntingLick","Slimebound:ForwardTackle+1","Slimebound:Gluttony","Slimebound:MinionMaster","Slimebound:AcidTongue+1","Slimebound:MegaLick","Slimebound:SlimeTap","Slimebound:Nibble","Slimebound:Equalize+1","Slimebound:SpikyOuterGoop+1","Slimebound:OneTwoCombo","Slimebound:TongueLash","Slimebound:LivingWall+1","Slimebound:ItLooksTasty+1","expansioncontent:QuickStudy","Slimebound:LeechEnergy","Slimebound:Split","Slimebound:FormOfPuddle","Slimebound:SlimeTap+1","Slimebound:FormOfPuddle","expansioncontent:DonusPower","Parasite","Slimebound:LeechEnergy+1","Slimebound:LeechEnergy+1","Slimebound:SamplingLick+1","Slimebound:SamplingLick+1","Slimebound:TongueLash"],"relics":["Slimebound:AbsorbEndCombatUpgraded","Potion Belt","White Beast Statue","Black Star","downfall:HeartBlessingBlue","Ancient Tea Set","Pen Nib","Regal Pillow","downfall:CloakOfManyFaces","CultistMask","FaceOfCleric","NlothsMask","GremlinMask","SsserpentHead","Centennial Puzzle","Dream Catcher","downfall:HeartBlessingGreen","downfall:HeartBlessingRed","Lee\u0027s Waffle","Juzu Bracelet","Slimebound:MaxSlimesRelic","Calipers","Mango","Ornamental Fan","Strawberry"],"acts_visited":["Exordium","TheCity","TheBeyond","TheEnding"],"potions_floor_usage":[5,8,8,15,16,16,20,21,23,25,27,28,29,29,33,37,38,38,46,49,50,52,55],"damage_taken":[{"damage":14,"enemies":"Cultist","floor":2,"turns":4},{"damage":9,"enemies":"2 Louse","floor":3,"turns":2},{"damage":7,"enemies":"Small Slimes","floor":4,"turns":4},{"damage":16,"enemies":"3 Louse","floor":5,"turns":4},{"damage":36,"enemies":"Gremlin Gang","floor":6,"turns":3},{"damage":35,"enemies":"Gremlin Nob","floor":8,"turns":5},{"damage":16,"enemies":"Red Slaver","floor":9,"turns":4},{"damage":9,"enemies":"downfall:FleeingMerchant","floor":11,"turns":4},{"damage":26,"enemies":"downfall:LadyInBlue","floor":12,"turns":10},{"damage":17,"enemies":"downfall:FleeingMerchant","floor":13,"turns":4},{"damage":25,"enemies":"Exordium Thugs","floor":14,"turns":5},{"damage":4,"enemies":"2 Fungi Beasts","floor":15,"turns":3},{"damage":11,"enemies":"downfall:Watcher","floor":16,"turns":6},{"damage":16,"enemies":"Spheric Guardian","floor":19,"turns":3},{"damage":10,"enemies":"Shell Parasite","floor":20,"turns":6},{"damage":22,"enemies":"Snecko","floor":21,"turns":4},{"damage":27,"enemies":"Gremlin Leader","floor":23,"turns":6},{"damage":27,"enemies":"Centurion and Healer","floor":25,"turns":7},{"damage":21,"enemies":"downfall:FaceTrader","floor":26,"turns":6},{"damage":12,"enemies":"Snake Plant","floor":27,"turns":4},{"damage":24,"enemies":"Snecko","floor":28,"turns":5},{"damage":48,"enemies":"Slavers","floor":29,"turns":6},{"damage":15,"enemies":"Chosen and Byrds","floor":31,"turns":4},{"damage":28,"enemies":"Snake Plant","floor":32,"turns":3},{"damage":36,"enemies":"downfall:Defect","floor":33,"turns":8},{"damage":14,"enemies":"3 Shapes","floor":36,"turns":3},{"damage":48,"enemies":"3 Darklings","floor":37,"turns":6},{"damage":19,"enemies":"downfall:FleeingMerchant","floor":38,"turns":4},{"damage":16,"enemies":"downfall:FleeingMerchant","floor":42,"turns":3},{"damage":60,"enemies":"Writhing Mass","floor":43,"turns":8},{"damage":34,"enemies":"Sphere and 2 Shapes","floor":45,"turns":5},{"damage":45,"enemies":"Nemesis","floor":46,"turns":7},{"damage":25,"enemies":"Maw","floor":47,"turns":5},{"damage":21,"enemies":"2 Orb Walkers","floor":48,"turns":4},{"damage":71,"enemies":"Spire Growth","floor":49,"turns":6},{"damage":83,"enemies":"downfall:Silent","floor":50,"turns":8},{"damage":45,"enemies":"downfall:CharBossMerchant","floor":52,"turns":6},{"damage":133,"enemies":"downfall:NeowBoss","floor":55,"turns":24}],"seed_played":"-4491164834413707814","potions_obtained":[{"floor":2,"key":"Ancient Potion"},{"floor":3,"key":"Weak Potion"},{"floor":4,"key":"champ:CounterPotion"},{"floor":12,"key":"Energy Potion"},{"floor":12,"key":"SteroidPotion"},{"floor":12,"key":"CultistPotion"},{"floor":13,"key":"Slimebound:SpawnSlimePotion"},{"floor":14,"key":"LiquidMemories"},{"floor":15,"key":"sneckomod:MuddlingPotion"},{"floor":16,"key":"Ancient Potion"},{"floor":19,"key":"sneckomod:MuddlingPotion"},{"floor":20,"key":"Weak Potion"},{"floor":21,"key":"FearPotion"},{"floor":23,"key":"FairyPotion"},{"floor":25,"key":"champ:CounterPotion"},{"floor":26,"key":"PowerPotion"},{"floor":27,"key":"Strength Potion"},{"floor":28,"key":"BlessingOfTheForge"},{"floor":31,"key":"BlessingOfTheForge"},{"floor":32,"key":"sneckomod:MuddlingPotion"},{"floor":33,"key":"SpeedPotion"},{"floor":36,"key":"SpeedPotion"},{"floor":37,"key":"Block Potion"},{"floor":38,"key":"Dexterity Potion"},{"floor":42,"key":"FairyPotion"},{"floor":43,"key":"hexamod:EctoCoolerPotion"},{"floor":46,"key":"Weak Potion"},{"floor":49,"key":"Swift Potion"},{"floor":52,"key":"Slimebound:SlimedPotion"}],"is_trial":false,"path_per_floor":["R","M","M","M","M","M","T","E","M","R","$","?","$","M","M","B",null,"R","M","M","M","?","E","T","M","?","M","M","E","R","M","M","B",null,"R","M","M","$","?","R","T","$","M","$","M","E","M","?","M","B",null,"E","$","R","B",null],"character_chosen":"SLIMEBOUND","items_purchased":["Apotheosis","Slimebound:FormOfPuddle","expansioncontent:QuickStudy","Lee\u0027s Waffle","FairyPotion","Slimebound:FormOfPuddle","expansioncontent:DonusPower","Strawberry"],"campfire_rested":1,"item_purchase_floors":[11,13,38,42,42,42,42,53],"current_hp_per_floor":[66,60,59,62,56,38,38,19,17,17,26,34,39,42,46,61,66,76,76,76,72,72,76,76,71,72,67,62,43,79,79,71,82,82,82,80,73,85,85,85,85,93,72,72,79,96,97,97,63,65,100,115,122,122,61],"gold":17,"neow_bonus":"TEN_PERCENT_HP_BONUS","is_daily":false,"chose_seed":false,"campfire_upgraded":5,"win_rate":0.0,"timestamp":1609527739,"path_taken":["R","M","M","M","M","?","T","E","M","R","$","?","$","M","M","BOSS","R","M","M","?","?","E","T","M","?","?","M","E","R","M","M","BOSS","R","M","M","$","?","R","T","?","M","$","M","E","M","?","M","BOSS","E","$","R","BOSS"],"items_purchased_type":["Card","Card","Card","Relic","Potion","Card","Card","Relic"],"build_version":"2020-12-22","purchased_purges":3,"victory":true,"max_hp_per_floor":[66,66,66,66,66,66,66,66,66,66,66,66,66,66,66,66,66,76,76,76,76,76,76,76,76,76,77,78,79,79,80,81,82,82,82,83,84,85,85,85,85,93,94,94,95,96,97,98,99,100,100,115,122,122,123],"card_choices":[{"not_picked":["Slimebound:SplitMire","Slimebound:MegaLick"],"picked":"Slimebound:Repurpose","floor":2},{"not_picked":["Slimebound:GoopSpray","Slimebound:ComboTackle"],"picked":"Slimebound:SlimeSpikes","floor":3},{"not_picked":["Slimebound:ComboTackle","Slimebound:ViciousTackle"],"picked":"Slimebound:SplitMire","floor":4},{"not_picked":["Slimebound:Prepare","Slimebound:Equalize"],"picked":"Slimebound:Gluttony","floor":5},{"not_picked":["Slimebound:ViciousTackle","Slimebound:FinishingTackle"],"picked":"Slimebound:LivingWall","floor":6},{"not_picked":["Slimebound:PressTheAttack","Slimebound:SlimeSpikes"],"picked":"Slimebound:SamplingLick","floor":8},{"not_picked":["Slimebound:FinishingTackle","Slimebound:WasteNot"],"picked":"Slimebound:Chomp","floor":9},{"not_picked":["Slimebound:PressTheAttack","Slimebound:RainOfGoop"],"picked":"Slimebound:SplitLeeching","floor":11},{"not_picked":["Slimebound:HauntingLick","Slimebound:ForwardTackle"],"picked":"Slimebound:LeadByExample","floor":12},{"not_picked":["Slimebound:Schlurp","Slimebound:FlameTackle"],"picked":"Slimebound:LeechEnergy","floor":13},{"not_picked":["Slimebound:Schlurp","Slimebound:FlameTackle"],"picked":"Slimebound:LeechingTouch","floor":14},{"not_picked":["Slimebound:SlimeBarrage","Slimebound:Schlurp"],"picked":"Slimebound:RainOfGoop","floor":15},{"not_picked":["Slimebound:WasteNot","Slimebound:MassFeed"],"picked":"Slimebound:OneTwoCombo","floor":16},{"not_picked":["Slimebound:RollThrough+1","Slimebound:Schlurp","Slimebound:SplitLeeching"],"picked":"SKIP","floor":19},{"not_picked":["Slimebound:SplitAcid","Slimebound:FinishingTackle"],"picked":"Slimebound:HauntingLick","floor":20},{"not_picked":["Slimebound:SamplingLick","Slimebound:PressTheAttack"],"picked":"Slimebound:ForwardTackle+1","floor":21},{"not_picked":["Slimebound:LeechEnergy","Slimebound:RollThrough+1"],"picked":"Slimebound:Gluttony","floor":23},{"not_picked":["Slimebound:Prepare","Slimebound:GrowthPunch"],"picked":"Slimebound:MinionMaster","floor":25},{"not_picked":["Slimebound:PressTheAttack+1","Slimebound:GoopSpray"],"picked":"Slimebound:AcidTongue","floor":27},{"not_picked":["Slimebound:RollThrough","Slimebound:SplitAcid"],"picked":"Slimebound:MegaLick","floor":28},{"not_picked":["Slimebound:SamplingLick","Slimebound:Repurpose"],"picked":"Slimebound:SlimeTap","floor":29},{"not_picked":["Slimebound:LeechEnergy+1","Slimebound:SplitMire"],"picked":"Slimebound:Nibble","floor":30},{"not_picked":["Slimebound:MinionMaster","Slimebound:SlimeBarrage+1"],"picked":"Slimebound:Equalize+1","floor":31},{"not_picked":["Slimebound:FinishingTackle","Slimebound:SlimeTap"],"picked":"Slimebound:SpikyOuterGoop","floor":32},{"not_picked":["Slimebound:PrepareCrush","Slimebound:RallyTheTroops"],"picked":"Slimebound:OneTwoCombo","floor":33},{"not_picked":["Slimebound:PressTheAttack+1","Slimebound:SlimeBarrage"],"picked":"Slimebound:TongueLash","floor":36},{"not_picked":["Slimebound:SlimeTap+1","Slimebound:Repurpose"],"picked":"Slimebound:LivingWall+1","floor":37},{"not_picked":["Slimebound:ComboTackle+1","Slimebound:FinishingTackle+1"],"picked":"Slimebound:ItLooksTasty+1","floor":38},{"not_picked":["Slimebound:RollThrough","Slimebound:Chomp"],"picked":"Slimebound:SlimeTap+1","floor":42},{"not_picked":["Slimebound:FinishingTackle","Slimebound:RollThrough"],"picked":"Slimebound:LeechEnergy+1","floor":43},{"not_picked":["Slimebound:FinishingTackle+1","Slimebound:ForwardTackle+1"],"picked":"Slimebound:LeechEnergy+1","floor":45},{"not_picked":["Slimebound:ViciousTackle","Slimebound:LeechLife"],"picked":"Slimebound:SamplingLick+1","floor":46},{"not_picked":["Slimebound:GoopSpray+1","Slimebound:GrowthPunch+1","Slimebound:SplitAcid"],"picked":"SKIP","floor":47},{"not_picked":["Slimebound:SplitAcid+1","Slimebound:LeechEnergy"],"picked":"Slimebound:SamplingLick+1","floor":49},{"not_picked":["Slimebound:SplitMire+1","Slimebound:DisruptingSlam+1"],"picked":"Slimebound:TongueLash","floor":52}],"player_experience":371784,"relics_obtained":[{"floor":8,"key":"Potion Belt"},{"floor":12,"key":"White Beast Statue"},{"floor":23,"key":"Ancient Tea Set"},{"floor":23,"key":"Pen Nib"},{"floor":24,"key":"Regal Pillow"},{"floor":26,"key":"downfall:CloakOfManyFaces"},{"floor":29,"key":"Centennial Puzzle"},{"floor":29,"key":"Dream Catcher"},{"floor":46,"key":"Juzu Bracelet"},{"floor":46,"key":"Slimebound:MaxSlimesRelic"},{"floor":48,"key":"Calipers"},{"floor":52,"key":"Mango"},{"floor":52,"key":"Ornamental Fan"}],"event_choices":[{"cards_removed":["Slimebound:Defend_Slimebound"],"damage_healed":0,"gold_gain":0,"player_choice":"Elegance","damage_taken":0,"max_hp_gain":0,"max_hp_loss":0,"event_name":"Back to Basics","floor":22,"gold_loss":0},{"damage_healed":0,"gold_gain":0,"player_choice":"Fight","damage_taken":0,"max_hp_gain":0,"max_hp_loss":0,"event_name":"Mysterious Sphere","floor":48,"gold_loss":0}],"is_beta":false,"boss_relics":[{"not_picked":["Sozu","Snecko Eye"],"picked":"Black Star"},{"not_picked":["Astrolabe","Cursed Key"],"picked":"Slimebound:AbsorbEndCombatUpgraded"}],"items_purged_floors":[38,42,53],"is_endless":false,"potions_floor_spawned":[2,3,4,13,14,15,16,19,20,21,23,25,26,27,28,31,32,33,36,37,38,42,43,45,46,47,48,49,52],"ascension_level":0}}