{"host":"o5opvvfuagqozb96","time":1609479405,"event":{"mods":["A Magickal Journey","AchievementEnabler","Bard","BaseMod","Colored Map","Colored Powertips","DeckTracker","Downfall","Infinite Spire","Marisa????????","Minty Spire (QoL Compilation)","Quick Restart","Replay The Spire","StSLib","The Bug Knight","The Cursed","The Disciple","The Gatherer","The Hierophant","The Jungle","The Mystic","The Saiyan","The Senshi","The Servant 0.9.4","The Wild Card"],"gold_per_floor":[119,129,145,156,176,210,210,242,242,298,314,324,350,350,350,445,445,460,474,489,489,503,503,531,545,545,545,570,582,595,626,626,727,727,742,945,960,960,960,960,990,990,1038,1366,1276,1296,1296,1307,1307,1307],"floor_reached":51,"playtime":7711,"items_purged":["SwitchConfidence","Languid"],"score":780,"play_id":"14018cf2-478a-46f4-a1c2-575dbd5a3780","local_time":"20201231213645","is_ascension_mode":true,"campfire_choices":[{"data":"theSenshi:MoonPrismPowerMakeUp","floor":7,"key":"SMITH"},{"data":"theSenshi:MoonHealingEscalation","floor":23,"key":"SMITH"},{"data":"infinitespire:Punishment","floor":27,"key":"SMITH"},{"data":"theSenshi:VenusGlamour","floor":32,"key":"SMITH"},{"data":"theSenshi:JupitersPower","floor":40,"key":"SMITH"},{"data":"theSenshi:SailorPlanetAttack","floor":42,"key":"SMITH"},{"data":"theSenshi:MoonCrisisMakeUp","floor":47,"key":"SMITH"},{"data":"1","floor":49,"key":"LIFT"}],"circlet_count":0,"master_deck":["theSenshi:SailorKick","theSenshi:SailorKick","theSenshi:SailorKick","theSenshi:SailorKick","theSenshi:SailorBlock","theSenshi:SailorBlock","theSenshi:SailorBlock","theSenshi:SailorBlock+1","theSenshi:RoseThrow","theSenshi:MoonPrismPowerMakeUp+1","Flash of Steel","theSenshi:SaturnsMystery+1","theSenshi:MoonPrincessHalation","theSenshi:SailorJupiterAssists","theSenshi:UranusStrength","theSenshi:SailorPlanetAttack+1","theSenshi:MoonPunch","theSenshi:VenusGlamour+1","theSenshi:MoonHealingEscalation+1","theSenshi:SailorMarsAssists","theSenshi:MoonTiaraMagic","theSenshi:MoonPunch","theSenshi:StudyParty","theSenshi:TuxedoMaskAssists","theSenshi:SaturnsMystery","infinitespire:Punishment+1","theSenshi:MoonTwilightFlash","theSenshi:SaturnsMystery","theSenshi:TuxedoSmokingBomber+1","theSenshi:MoonTiaraMagic","theSenshi:SailorMarsAssists+1","theSenshi:MoonKick+1","theSenshi:JupitersPower+1","theSenshi:MoonKick","theSenshi:MoonKick+1","theSenshi:SailorStarMakerAssists+1","infinitespire:Punishment","theSenshi:LunasBite+1","theSenshi:MoonCrisisMakeUp+1","theSenshi:SailorJupiterAssists+1"],"relics":["theSenshi:TransformationBroochRelic","Bag of Preparation","Pear","Ancient Tea Set","infinitespire:Beetle Shell","Gremlin Horn","Replay:Ancient Bell","theSenshi:SailorFukuRelic","theSenshi:HolyGrailRelic","StoneCalendar","Girya","Vajra","infinitespire:ShieldingShard","Letter Opener","Replay:Multitool","SacredBark","FossilizedHelix","Durian","infinitespire:PuzzleCube","Old Coin"],"acts_visited":["Exordium","TheCity","TheBeyond"],"potions_floor_usage":[4,6,13,19,50,50],"damage_taken":[{"damage":0,"enemies":"Cultist","floor":1,"turns":3},{"damage":0,"enemies":"2 Louse","floor":2,"turns":3},{"damage":2,"enemies":"Small Slimes","floor":3,"turns":6},{"damage":18,"enemies":"Exordium Thugs","floor":4,"turns":5},{"damage":9,"enemies":"3 Louse","floor":5,"turns":3},{"damage":10,"enemies":"Replay:BlueRogue","floor":6,"turns":5},{"damage":25,"enemies":"HollowMod:MossKnight","floor":8,"turns":7},{"damage":13,"enemies":"Lagavulin Event","floor":10,"turns":7},{"damage":1,"enemies":"Gremlin Gang","floor":11,"turns":4},{"damage":18,"enemies":"Lots of Slimes","floor":12,"turns":10},{"damage":13,"enemies":"Lagavulin","floor":13,"turns":7},{"damage":38,"enemies":"Slime Boss","floor":16,"turns":7},{"damage":26,"enemies":"3 Byrds","floor":18,"turns":5},{"damage":20,"enemies":"Spheric Guardian","floor":19,"turns":3},{"damage":13,"enemies":"Centurion and Healer","floor":20,"turns":7},{"damage":11,"enemies":"Snecko","floor":22,"turns":5},{"damage":33,"enemies":"Book of Stabbing","floor":24,"turns":5},{"damage":29,"enemies":"Cultist and Chosen","floor":25,"turns":6},{"damage":22,"enemies":"Replay:Snechameleon","floor":28,"turns":6},{"damage":11,"enemies":"Centurion and Healer","floor":29,"turns":5},{"damage":8,"enemies":"Snecko","floor":30,"turns":5},{"damage":0,"enemies":"Gremlin Leader","floor":31,"turns":3},{"damage":80,"enemies":"Automaton","floor":33,"turns":7},{"damage":3,"enemies":"Orb Walker","floor":35,"turns":2},{"damage":10,"enemies":"3 Darklings","floor":37,"turns":4},{"damage":7,"enemies":"Giant Head","floor":41,"turns":5},{"damage":3,"enemies":"R_Hoarder","floor":44,"turns":6},{"damage":0,"enemies":"4 Shapes","floor":46,"turns":2},{"damage":20,"enemies":"Maw","floor":48,"turns":6},{"damage":53,"enemies":"Replay:Hell Engine","floor":50,"turns":4}],"seed_played":"-8338748467158436900","potions_obtained":[{"floor":2,"key":"EssenceOfSteel"},{"floor":3,"key":"Explosive Potion"},{"floor":8,"key":"EssenceOfSteel"},{"floor":13,"key":"Languid Potion"},{"floor":14,"key":"BlessingOfTheForge"},{"floor":14,"key":"EntropicBrew"},{"floor":18,"key":"Death Potion"},{"floor":19,"key":"Ancient Potion"},{"floor":25,"key":"champ:CounterPotion"},{"floor":46,"key":"Strength Potion"}],"is_trial":false,"path_per_floor":["M","M","M","M","M","E","R","E","T","?","M","M","E","?","R_BF","B",null,"M","M","M","AVR","M","R","E","M","T","R","E","M","M","E","R_BF","B",null,"M","?","M","AVR","?","R","E","R","T","E","?","M","R","M","R","B",null],"character_chosen":"THE_SENSHI","items_purchased":[],"campfire_rested":0,"item_purchase_floors":[],"current_hp_per_floor":[75,75,74,71,70,75,75,60,60,57,56,48,56,56,81,47,85,63,43,50,50,60,60,59,56,56,56,54,80,85,85,85,47,85,82,48,53,53,53,53,68,68,68,87,87,87,87,70,70,29],"gold":1307,"neow_bonus":"RANDOM_COLORLESS","is_daily":false,"chose_seed":false,"campfire_upgraded":7,"win_rate":0.0,"timestamp":1609479405,"path_taken":["M","M","M","M","?","E","R","E","T","?","M","M","E","?","R_BF","BOSS","M","M","M","AVR","M","R","E","M","T","R","E","?","M","E","R_BF","BOSS","M","?","M","AVR","?","R","E","R","T","E","?","M","R","M","R","BOSS"],"items_purchased_type":[],"build_version":"2020-12-22","purchased_purges":2,"victory":true,"max_hp_per_floor":[75,75,75,75,75,75,75,85,85,85,85,85,85,85,85,85,85,85,85,85,85,85,85,85,85,85,85,85,85,85,85,85,85,85,85,85,85,85,85,85,90,90,90,90,90,90,90,90,90,90],"card_choices":[{"not_picked":["expansioncontent:Torchfire","Forethought"],"picked":"Flash of Steel","floor":0},{"not_picked":["theSenshi:LunaWiseMentor","theSenshi:SupersonicWaves"],"picked":"theSenshi:SaturnsMystery","floor":1},{"not_picked":["theSenshi:LateForSchool","theSenshi:EncouragingSpeech"],"picked":"theSenshi:MoonPrincessHalation","floor":2},{"not_picked":["theSenshi:SailorPlanetPower","theSenshi:SailorStarMakerAssists"],"picked":"theSenshi:SailorJupiterAssists","floor":3},{"not_picked":["theSenshi:TuxedoMaskAssists","theSenshi:OdangoHead"],"picked":"theSenshi:UranusStrength","floor":4},{"not_picked":["theSenshi:RainbowMoonHeartAche","theSenshi:MoonPrincessHalation"],"picked":"theSenshi:SailorPlanetAttack","floor":5},{"not_picked":["theSenshi:LateForSchool","theSenshi:MoonCosmicPowerMakeUp"],"picked":"theSenshi:MoonPunch","floor":6},{"not_picked":["theSenshi:SailorUranusAssists","theSenshi:CrisisMakeUp"],"picked":"theSenshi:VenusGlamour","floor":8},{"not_picked":["theSenshi:VenusGlamour","theSenshi:MoonCosmicPowerMakeUp"],"picked":"theSenshi:MoonHealingEscalation","floor":10},{"not_picked":["theSenshi:LunasBite","theSenshi:Sidestep"],"picked":"theSenshi:SailorMarsAssists","floor":11},{"not_picked":["theSenshi:SailorStarMakerAssists","theSenshi:MoonPrincessHalation"],"picked":"theSenshi:MoonTiaraMagic","floor":12},{"not_picked":["theSenshi:LunaWiseMentor","theSenshi:LateForSchool"],"picked":"theSenshi:MoonPunch","floor":13},{"not_picked":["theSenshi:InTheNameOfTheMoon","theSenshi:IWillPunishYou"],"picked":"theSenshi:StudyParty","floor":16},{"not_picked":["Decay","ReplayTheSpireMod:IOU"],"picked":"Languid","floor":17},{"not_picked":["ReplayTheSpireMod:Doomed","Hallucinations"],"picked":"Writhe","floor":17},{"not_picked":["Regret","Spreading Infection"],"picked":"SwitchConfidence","floor":17},{"not_picked":["theSenshi:MoonTiaraMagic","theSenshi:SailorMarsAssists"],"picked":"theSenshi:TuxedoMaskAssists","floor":18},{"not_picked":["theSenshi:SteeledNerves","theSenshi:MoonTwilightFlash"],"picked":"theSenshi:SaturnsMystery","floor":19},{"not_picked":["theSenshi:MoonsReflection","theSenshi:MoonPrincessHalation","theSenshi:SupersonicWaves"],"picked":"SKIP","floor":20},{"not_picked":["theSenshi:MarsPride","theSenshi:EncouragingSpeech"],"picked":"theSenshi:MoonTwilightFlash","floor":22},{"not_picked":["theSenshi:SailorCosmosAssists","theSenshi:TuxedoSmokingBomber"],"picked":"theSenshi:SaturnsMystery","floor":24},{"not_picked":["theSenshi:MoonPrincessHalation","theSenshi:SailorMarsAssists"],"picked":"theSenshi:TuxedoSmokingBomber+1","floor":25},{"not_picked":["theSenshi:YouCanTalk","theSenshi:SailorMarsAssists"],"picked":"theSenshi:MoonTiaraMagic","floor":28},{"not_picked":["theSenshi:LateForSchool","theSenshi:SchoolBag"],"picked":"theSenshi:SailorMarsAssists+1","floor":29},{"not_picked":["theSenshi:SailorJupiterAssists","theSenshi:MarsPride"],"picked":"theSenshi:MoonKick+1","floor":30},{"not_picked":["theSenshi:LateForSchool+1","theSenshi:SailorChibiMoonAssists","theSenshi:SailorMarsAssists"],"picked":"SKIP","floor":31},{"not_picked":["theSenshi:FatedKiss","theSenshi:SailorStarHealerAssists"],"picked":"theSenshi:JupitersPower","floor":33},{"not_picked":["theSenshi:RainbowMoonHeartAche","theSenshi:MoonsReflection"],"picked":"theSenshi:MoonKick","floor":35},{"not_picked":["theSenshi:SailorJupiterAssists","theSenshi:MoonPower+1"],"picked":"theSenshi:MoonKick+1","floor":36},{"not_picked":["theSenshi:TuxedoSmokingBomber+1","theSenshi:RainbowMoonHeartAche"],"picked":"theSenshi:SailorStarMakerAssists+1","floor":37},{"not_picked":["theSenshi:MoonHealingEscalation+1","theSenshi:SailorMarsAssists"],"picked":"theSenshi:LunasBite+1","floor":41},{"not_picked":["theSenshi:SchoolBag+1","theSenshi:SailorVenusAssists"],"picked":"theSenshi:MoonCrisisMakeUp","floor":44},{"not_picked":["theSenshi:MoonCrisisMakeUp","theSenshi:PlutosSolemnity+1","theSenshi:SupersonicWaves+1"],"picked":"SKIP","floor":46},{"not_picked":["theSenshi:Overload","theSenshi:MoonPrincessHalation"],"picked":"theSenshi:SailorJupiterAssists+1","floor":48}],"player_experience":228178,"relics_obtained":[{"floor":6,"key":"Bag of Preparation"},{"floor":8,"key":"Pear"},{"floor":9,"key":"Ancient Tea Set"},{"floor":13,"key":"Gremlin Horn"},{"floor":24,"key":"Vajra"},{"floor":26,"key":"infinitespire:ShieldingShard"},{"floor":28,"key":"Letter Opener"},{"floor":31,"key":"Replay:Multitool"},{"floor":41,"key":"Durian"},{"floor":43,"key":"infinitespire:PuzzleCube"},{"floor":44,"key":"Old Coin"}],"event_choices":[{"damage_healed":0,"gold_gain":0,"player_choice":"Searched \u00272\u0027 times","damage_taken":0,"relics_obtained":["infinitespire:Beetle Shell"],"max_hp_gain":0,"max_hp_loss":0,"event_name":"Dead Adventurer","floor":10,"gold_loss":0},{"damage_healed":0,"gold_gain":0,"player_choice":"Got Potions","damage_taken":0,"max_hp_gain":0,"max_hp_loss":0,"event_name":"Lab","floor":14,"gold_loss":0},{"damage_healed":0,"gold_gain":0,"player_choice":"Ignored","damage_taken":0,"max_hp_gain":0,"max_hp_loss":0,"event_name":"Tomb of Lord Red Mask","floor":39,"gold_loss":0},{"cards_removed":["Writhe"],"damage_healed":0,"gold_gain":0,"player_choice":"Upgrade and Remove","damage_taken":0,"max_hp_gain":0,"max_hp_loss":0,"event_name":"Designer","floor":45,"gold_loss":90,"cards_upgraded":["theSenshi:SailorBlock"]}],"is_beta":false,"boss_relics":[{"not_picked":["ReplayTheSpireMod:SealedPack","Fusion Hammer"],"picked":"Replay:Ancient Bell"},{"not_picked":["Replay:Bandana","Grinning Jar"],"picked":"theSenshi:SailorFukuRelic"},{"not_picked":["Ornamental Fan","Replay:Bottled Steam"],"picked":"theSenshi:HolyGrailRelic"},{"not_picked":["Incense Burner","TungstenRod"],"picked":"StoneCalendar"},{"not_picked":["Honey Jar","Replay:Fungal Core"],"picked":"SacredBark"}],"items_purged_floors":[21,38],"is_endless":false,"potions_floor_spawned":[2,3,8,13,18,19,25,29,31,33,37,46],"ascension_level":2}}