{"host":"agflykcedf93aoo8","time":1609522698,"event":{"mods":["BaseMod","Hermit","Minty Spire (QoL Compilation)","StSLib","Td1madao Mod","The Bug Knight","The Cursed","The Gatherer","The Hierophant","The Runesmith"],"gold_per_floor":[116,116,116,129,129,129,149,149,224,1,1,46,79,110,110,229,229,208,216,216,216,211,211,229,229,307,307,325,325,345,352,352,450,450,474,495,20,20,20,16,16],"floor_reached":40,"playtime":2657,"items_purged":["Regret","hierophant:Strike_Hierophant"],"score":479,"play_id":"2d662d93-f4ab-4e39-a422-3266648188a2","local_time":"20210102023818","is_ascension_mode":false,"campfire_choices":[{"data":"hierophant:Repentance","floor":8.0,"key":"SMITH"},{"data":"hierophant:Generosity","floor":11.0,"key":"SMITH"},{"floor":15.0,"key":"REST"},{"floor":23,"key":"REST"},{"floor":25,"key":"REST"},{"data":"hierophant:PristineSoul","floor":32,"key":"SMITH"}],"circlet_count":0,"master_deck":["hierophant:Strike_Hierophant","hierophant:Strike_Hierophant","hierophant:Strike_Hierophant","hierophant:Punish+1","hierophant:Defend_Hierophant","hierophant:Defend_Hierophant","hierophant:ChurchCoffers+1","hierophant:Repentance+1","hierophant:Doubloon","hierophant:Doubloon","hierophant:HolyVerse","hierophant:DivineIntervention","hierophant:DeathKnell","hierophant:Glossolalia","hierophant:SolarFlare+1","hierophant:Blessing+1","hierophant:PristineSoul+1","hierophant:DeathKnell","hierophant:Levitation","hierophant:Exaltation","hierophant:Charity+1","hierophant:Doubloon+1","Madness","Madness"],"relics":["Runic Dome","WarpedTongs","Runesmith:AutoHammer","Mummified Hand","Omamori","Sozu","Red Mask","Mercury Hourglass","HollowMod:StagPassRelic","SlaversCollar","Torii"],"acts_visited":["Exordium","TheCity","TheBeyond"],"potions_floor_usage":[],"damage_taken":[{"damage":0.0,"enemies":"Small Slimes","floor":1.0,"turns":3.0},{"damage":9.0,"enemies":"2 Louse","floor":4.0,"turns":2.0},{"damage":2.0,"enemies":"Cultist","floor":7.0,"turns":3.0},{"damage":7.0,"enemies":"Lagavulin","floor":12.0,"turns":6.0},{"damage":7.0,"enemies":"Blue Slaver","floor":13.0,"turns":3.0},{"damage":1.0,"enemies":"3 Louse","floor":14.0,"turns":2.0},{"damage":19.0,"enemies":"Hexaghost","floor":16.0,"turns":7.0},{"damage":27,"enemies":"2 Thieves","floor":18,"turns":4},{"damage":13,"enemies":"Shell Parasite","floor":19,"turns":3},{"damage":5,"enemies":"Masked Bandits","floor":22,"turns":2},{"damage":26,"enemies":"Shelled Parasite and Fungi","floor":24,"turns":5},{"damage":22,"enemies":"Snecko","floor":28,"turns":4},{"damage":6,"enemies":"3 Cultists","floor":30,"turns":3},{"damage":0,"enemies":"Gremlin Leader","floor":31,"turns":4},{"damage":33,"enemies":"Champ","floor":33,"turns":7},{"damage":35,"enemies":"3 Darklings","floor":35,"turns":4},{"damage":3,"enemies":"Orb Walker","floor":36,"turns":4},{"damage":81,"enemies":"Reptomancer","floor":40,"turns":3}],"seed_played":"-3387830523616926030","potions_obtained":[{"floor":7.0,"key":"EntropicBrew"},{"floor":13.0,"key":"SpeedPotion"},{"floor":14.0,"key":"Strength Potion"}],"is_trial":false,"path_per_floor":["M","?","?","M","?","?","M","R","T","$","R","E","M","M","R","B",null,"M","M","?","?","?","R","M","R","T","?","M","?","M","E","R","B",null,"M","M","$","?","?","E"],"character_chosen":"HIEROPHANT","items_purchased":["hierophant:Generosity","Torii","hierophant:Charity"],"campfire_rested":3,"item_purchase_floors":[10,37,37],"current_hp_per_floor":[75,60,60,51,51,44,42,42,42,42,42,35,28,27,49,30,75,48,35,35,21,16,40,14,38,38,38,16,90,84,84,84,61,90,65,62,62,62,51,0,0],"gold":16,"neow_bonus":"BOSS_RELIC","is_daily":false,"chose_seed":false,"campfire_upgraded":3,"win_rate":0.0,"timestamp":1609522698,"path_taken":["M","?","?","?","?","?","M","R","T","$","R","E","M","M","R","BOSS","M","M","?","?","?","R","?","R","T","?","M","?","?","E","R","BOSS","M","M","$","?","?","E"],"items_purchased_type":["Card","Relic","Card"],"build_version":"2020-12-22","purchased_purges":2,"victory":false,"max_hp_per_floor":[75,75,75,75,75,75,75,75,75,75,75,75,75,75,75,75,75,75,75,75,80,80,80,80,80,80,80,80,90,90,90,90,90,90,90,90,90,90,90,90,90],"card_choices":[{"not_picked":["hierophant:Remorse","hierophant:OrnateBuckler"],"picked":"hierophant:Repentance","floor":1.0},{"not_picked":["hierophant:FieryStrike","hierophant:Purify"],"picked":"hierophant:Doubloon","floor":4.0},{"not_picked":["hierophant:Purify","hierophant:Rebuild","hierophant:FlamingChariot"],"picked":"SKIP","floor":7.0},{"not_picked":["hierophant:Shelter","hierophant:DisplayOfPower","hierophant:Purify"],"picked":"SKIP","floor":12.0},{"not_picked":["hierophant:HammerAndAnvil","hierophant:SecretStash"],"picked":"hierophant:HolyVerse","floor":13.0},{"not_picked":["hierophant:FaithHealing","hierophant:HolyVerse"],"picked":"hierophant:DivineIntervention","floor":14.0},{"not_picked":["hierophant:Batter","hierophant:Invocation"],"picked":"hierophant:DeathKnell","floor":16.0},{"not_picked":["hierophant:HolyVerse+1","hierophant:PassingBell"],"picked":"hierophant:Glossolalia","floor":18},{"not_picked":["hierophant:ThreeLashes","hierophant:RustyCrate"],"picked":"hierophant:SolarFlare+1","floor":19},{"not_picked":["hierophant:RustyCrate","hierophant:FaithHealing+1"],"picked":"hierophant:Blessing+1","floor":24},{"not_picked":["hierophant:OrnateBuckler","hierophant:PassingBell","hierophant:MirrorShield"],"picked":"SKIP","floor":28},{"not_picked":["hierophant:ThreeLashes","hierophant:EyeForCoin"],"picked":"hierophant:PristineSoul","floor":30},{"not_picked":["hierophant:Refuge","hierophant:Doubloon"],"picked":"hierophant:DeathKnell","floor":31},{"not_picked":["hierophant:DeathKnell","hierophant:Batter"],"picked":"hierophant:Levitation","floor":33},{"not_picked":["hierophant:ConvertCurrency+1","hierophant:FieryStrike+1"],"picked":"hierophant:Exaltation","floor":35},{"not_picked":["hierophant:Repentance+1","hierophant:Sermon+1","hierophant:MorningPrayer"],"picked":"SKIP","floor":36}],"player_experience":368863,"relics_obtained":[{"floor":9.0,"key":"Mummified Hand"},{"floor":12.0,"key":"Omamori"},{"floor":22,"key":"Red Mask"},{"floor":26,"key":"Mercury Hourglass"},{"floor":31,"key":"HollowMod:StagPassRelic"}],"event_choices":[{"damage_healed":0.0,"max_hp_gain":0.0,"max_hp_loss":0.0,"gold_gain":0.0,"event_name":"Shining Light","player_choice":"Entered Light","floor":2.0,"gold_loss":0.0,"damage_taken":15.0,"cards_upgraded":["hierophant:ChurchCoffers","hierophant:Punish"]},{"damage_healed":0.0,"max_hp_gain":0.0,"max_hp_loss":0.0,"gold_gain":0.0,"event_name":"Accursed Blacksmith","player_choice":"Rummage","floor":3.0,"gold_loss":0.0,"damage_taken":0.0,"relics_obtained":["WarpedTongs"],"cards_obtained":["Pain"]},{"damage_healed":0.0,"max_hp_gain":0.0,"max_hp_loss":0.0,"gold_gain":0.0,"event_name":"Big Fish","player_choice":"Box","floor":5.0,"gold_loss":0.0,"damage_taken":0.0,"relics_obtained":["Runesmith:AutoHammer"],"cards_obtained":["Regret"]},{"cards_removed":["Pain"],"damage_healed":0.0,"max_hp_gain":0.0,"max_hp_loss":0.0,"gold_gain":0.0,"event_name":"Golden Wing","player_choice":"Card Removal","floor":6.0,"gold_loss":0.0,"damage_taken":7.0},{"damage_healed":0,"gold_gain":0,"player_choice":"Ignored","damage_taken":0,"max_hp_gain":0,"max_hp_loss":0,"event_name":"Ghosts","floor":20,"gold_loss":0},{"damage_healed":0,"gold_gain":0,"player_choice":"Shed Blood","damage_taken":19,"max_hp_gain":5,"max_hp_loss":0,"event_name":"Forgotten Altar","floor":21,"gold_loss":0},{"damage_healed":0,"gold_gain":0,"player_choice":"Fought Bandits","damage_taken":0,"max_hp_gain":0,"max_hp_loss":0,"event_name":"Masked Bandits","floor":22,"gold_loss":0},{"cards_removed":["hierophant:Defend_Hierophant"],"damage_healed":0,"gold_gain":0,"player_choice":"Elegance","damage_taken":0,"max_hp_gain":0,"max_hp_loss":0,"event_name":"Back to Basics","floor":27,"gold_loss":0},{"cards_removed":["hierophant:Generosity"],"damage_healed":64,"gold_gain":0,"player_choice":"Offered Rare","damage_taken":0,"max_hp_gain":10,"max_hp_loss":0,"event_name":"Bonfire Elementals","floor":29,"gold_loss":0},{"cards_removed":["hierophant:Defend_Hierophant"],"damage_healed":0,"gold_gain":0,"player_choice":"Removed Skill","damage_taken":0,"max_hp_gain":0,"max_hp_loss":0,"event_name":"Falling","floor":38,"gold_loss":0},{"damage_healed":0,"gold_gain":0,"player_choice":"Embrace Madness","damage_taken":11,"max_hp_gain":0,"max_hp_loss":0,"event_name":"Winding Halls","floor":39,"gold_loss":0,"cards_obtained":["Madness","Madness"]}],"is_beta":false,"boss_relics":[{"not_picked":["Runic Pyramid","Fusion Hammer"],"picked":"Sozu"},{"not_picked":["SacredBark","Tiny House"],"picked":"SlaversCollar"}],"items_purged_floors":[10,37],"is_endless":false,"potions_floor_spawned":[7,13,14,18,22,28,30],"killed_by":"Reptomancer","ascension_level":0}}