{"host":"eemx8njkng76fu5x","time":1609530365,"event":{"mods":["2.2 Compatiblity","BaseMod","Downfall","Minty Spire (QoL Compilation)","Permanent Neow","StSLib","Unceasing Turn Reminder","Unknown Chances"],"gold_per_floor":[0,20,37,48,48,62,62,82,82,82,82,7,22,56,73,178,178,28,47,64,64,75,85,85,105,135,147,147,165,165,75,90,190,190,190,207,220,105,105,118,118,118,153,164,24,53,53,66,84,84],"floor_reached":51,"playtime":2733,"items_purged":["Slimebound:Strike_Slimebound","Slimebound:Strike_Slimebound","Slimebound:SplitMire"],"score":1414,"play_id":"40994f01-861d-4d91-bbd3-e79f6cd2dea1","local_time":"20210102034605","is_ascension_mode":true,"campfire_choices":[{"data":"Slimebound:Split","floor":1.0,"key":"SMITH"},{"floor":10.0,"key":"RECALL"},{"data":"Slimebound:DisruptingSlam","floor":12.0,"key":"SMITH"},{"data":"Slimebound:Gluttony","floor":18.0,"key":"SMITH"},{"data":"Slimebound:SpikyOuterGoop","floor":28.0,"key":"SMITH"},{"data":"Slimebound:GrowthPunch","floor":30.0,"key":"SMITH"},{"data":"Slimebound:SamplingLick","floor":35.0,"key":"SMITH"},{"data":"Slimebound:TongueLash","floor":42,"key":"SMITH"},{"data":"Slimebound:LivingWall","floor":47,"key":"SMITH"}],"circlet_count":0,"master_deck":["AscendersBane","Slimebound:Defend_Slimebound","Slimebound:Defend_Slimebound","Slimebound:Defend_Slimebound","Slimebound:Split+1","Slimebound:CorrosiveSpit","Slimebound:GrowthPunch+1","Slimebound:Prepare","Slimebound:GrowthPunch+1","Slimebound:SamplingLick+1","Slimebound:DisruptingSlam+1","Slimebound:Gluttony+1","Slimebound:MegaLick+1","Slimebound:Recollect","Slimebound:LivingWall+1","Slimebound:LeechEnergy","Slimebound:TongueLash+1","Slimebound:SpikyOuterGoop+1","Slimebound:Dissolve+1","Slimebound:LivingWall+1","Slimebound:Schlurp+1"],"relics":["Slimebound:AbsorbEndCombat","downfall:ShatteredFragment","downfall:HeartBlessingRed","Incense Burner","Cursed Key","downfall:HeartBlessingGreen","downfall:HeartBlessingBlue","Kunai","Busted Crown","PreservedInsect","Toxic Egg 2"],"acts_visited":["Exordium","TheCity","TheBeyond"],"potions_floor_usage":[],"damage_taken":[{"damage":8.0,"enemies":"Small Slimes","floor":2.0,"turns":3.0},{"damage":15.0,"enemies":"Jaw Worm","floor":3.0,"turns":3.0},{"damage":10.0,"enemies":"2 Louse","floor":4.0,"turns":3.0},{"damage":16.0,"enemies":"Red Slaver","floor":6.0,"turns":5.0},{"damage":15.0,"enemies":"Exordium Thugs","floor":8.0,"turns":5.0},{"damage":9.0,"enemies":"3 Louse","floor":13.0,"turns":2.0},{"damage":16.0,"enemies":"Gremlin Nob","floor":14.0,"turns":4.0},{"damage":0.0,"enemies":"Exordium Wildlife","floor":15.0,"turns":2.0},{"damage":25.0,"enemies":"downfall:Defect","floor":16.0,"turns":8.0},{"damage":18.0,"enemies":"Chosen","floor":19.0,"turns":5.0},{"damage":2.0,"enemies":"3 Byrds","floor":20.0,"turns":4.0},{"damage":20.0,"enemies":"Snake Plant","floor":22.0,"turns":4.0},{"damage":12.0,"enemies":"Centurion and Healer","floor":23.0,"turns":6.0},{"damage":3.0,"enemies":"Snecko","floor":25.0,"turns":4.0},{"damage":7.0,"enemies":"Book of Stabbing","floor":26.0,"turns":5.0},{"damage":9.0,"enemies":"3 Cultists","floor":27.0,"turns":5.0},{"damage":24.0,"enemies":"Snake Plant","floor":29.0,"turns":3.0},{"damage":9.0,"enemies":"downfall:FleeingMerchant","floor":31.0,"turns":4.0},{"damage":6.0,"enemies":"Centurion and Healer","floor":32.0,"turns":5.0},{"damage":12.0,"enemies":"downfall:Silent","floor":33.0,"turns":8.0},{"damage":24.0,"enemies":"3 Darklings","floor":36.0,"turns":4.0},{"damage":19.0,"enemies":"3 Shapes","floor":37.0,"turns":3.0},{"damage":6.0,"enemies":"downfall:FleeingMerchant","floor":38.0,"turns":4.0},{"damage":13.0,"enemies":"Transient","floor":40.0,"turns":5.0},{"damage":22,"enemies":"Nemesis","floor":43,"turns":9},{"damage":12,"enemies":"Jaw Worm Horde","floor":44,"turns":4},{"damage":9,"enemies":"downfall:FleeingMerchant","floor":45,"turns":4},{"damage":8,"enemies":"Giant Head","floor":46,"turns":7},{"damage":13,"enemies":"4 Shapes","floor":48,"turns":3},{"damage":20,"enemies":"Sphere and 2 Shapes","floor":49,"turns":4},{"damage":8,"enemies":"downfall:Watcher","floor":50,"turns":7}],"seed_played":"-6455641865917630204","potions_obtained":[{"floor":6.0,"key":"Slimebound:SlimedPotion"},{"floor":8.0,"key":"Ancient Potion"},{"floor":13.0,"key":"SteroidPotion"},{"floor":14.0,"key":"Swift Potion"},{"floor":22.0,"key":"Slimebound:SlimyTonguePotion"},{"floor":26.0,"key":"AttackPotion"},{"floor":33.0,"key":"champ:CounterPotion"},{"floor":40.0,"key":"Block Potion"},{"floor":43,"key":"FearPotion"}],"is_trial":false,"path_per_floor":["R","M","M","M","?","M","T","M","?","R","?","R","M","E","M","B",null,"R","M","M","?","M","M","T","M","E","M","R","M","R","$","M","B",null,"R","M","M","$","?","M","T","R","E","M","$","E","R","M","M","B",null],"character_chosen":"SLIMEBOUND","items_purchased":[],"campfire_rested":0,"item_purchase_floors":[],"current_hp_per_floor":[54,60,59,60,60,58,58,59,41,41,41,41,46,46,50,58,60,70,64,70,70,66,70,70,70,70,70,70,68,68,70,70,70,70,70,70,70,70,70,70,70,70,70,70,70,70,70,70,70,70],"gold":84,"neow_bonus":"TRANSFORM_TWO_CARDS","is_daily":false,"chose_seed":false,"campfire_upgraded":8,"win_rate":0.0,"timestamp":1609530365,"path_taken":["R","M","M","M","?","M","T","M","?","R","?","R","?","E","M","BOSS","R","M","M","?","M","M","T","M","E","M","R","M","R","$","M","BOSS","R","M","M","$","?","M","T","R","E","M","$","E","R","M","M","BOSS"],"items_purchased_type":[],"build_version":"2020-12-22","purchased_purges":3,"victory":true,"max_hp_per_floor":[60,60,60,60,60,60,60,60,60,60,60,60,60,60,60,60,60,70,70,70,70,70,70,70,70,70,70,70,70,70,70,70,70,70,70,70,70,70,70,70,70,70,70,70,70,70,70,70,70,70],"card_choices":[{"not_picked":["Slimebound:LeechingTouch","Slimebound:SplitBruiser"],"picked":"Slimebound:GrowthPunch","floor":2.0},{"not_picked":["Slimebound:GoopTackle","Slimebound:AcidTongue"],"picked":"Slimebound:Prepare","floor":3.0},{"not_picked":["Slimebound:BestDefense","Slimebound:SplitLeeching"],"picked":"Slimebound:GrowthPunch","floor":4.0},{"not_picked":["Slimebound:SlimeSpikes","Slimebound:LeechingTouch"],"picked":"Slimebound:SamplingLick","floor":6.0},{"not_picked":["Slimebound:ServeAndProtect","Slimebound:DivideAndConquer"],"picked":"Slimebound:DisruptingSlam","floor":8.0},{"not_picked":["Slimebound:SlimeSpikes","Slimebound:BestDefense"],"picked":"Slimebound:Gluttony","floor":13.0},{"not_picked":["Slimebound:FinishingTackle","Slimebound:ServeAndProtect","Slimebound:DisruptingSlam"],"picked":"SKIP","floor":14.0},{"not_picked":["Slimebound:ViciousTackle","Slimebound:LeechEnergy","Slimebound:SlimeTap"],"picked":"SKIP","floor":15.0},{"not_picked":["Slimebound:Schlurp+1","Slimebound:BestDefense"],"picked":"Slimebound:MegaLick+1","floor":19.0},{"not_picked":["Slimebound:PressTheAttack","Slimebound:ServeAndProtect"],"picked":"Slimebound:Recollect","floor":20.0},{"not_picked":["Slimebound:GrowthPunch","Slimebound:GoopTackle"],"picked":"Slimebound:SplitMire","floor":22.0},{"not_picked":["Slimebound:SlimeSpikes","Slimebound:ViciousTackle"],"picked":"Slimebound:LeechEnergy","floor":23.0},{"not_picked":["Slimebound:SlimeSpikes","Slimebound:SplitLeeching+1"],"picked":"Slimebound:TongueLash","floor":25.0},{"not_picked":["Slimebound:Schlurp","Slimebound:Chomp","Slimebound:SplitMire"],"picked":"SKIP","floor":26.0},{"not_picked":["Slimebound:Recollect","Slimebound:WasteNot"],"picked":"Slimebound:SpikyOuterGoop","floor":27.0},{"not_picked":["Slimebound:PressTheAttack","Slimebound:ProtectTheBoss","Slimebound:SamplingLick"],"picked":"SKIP","floor":29.0},{"not_picked":["Slimebound:LeechingTouch","Slimebound:Schlurp","Slimebound:FirmFortitude"],"picked":"SKIP","floor":31.0},{"not_picked":["Slimebound:LeechEnergy","Slimebound:FlameTackle"],"picked":"Slimebound:Dissolve+1","floor":32.0},{"not_picked":["Slimebound:ComboTackle"],"picked":"SKIP","floor":36.0},{"not_picked":[],"picked":"Slimebound:LivingWall+1","floor":37.0},{"not_picked":["Slimebound:SplitAcid"],"picked":"SKIP","floor":38.0},{"not_picked":["Slimebound:RollThrough"],"picked":"SKIP","floor":40.0},{"not_picked":[],"picked":"Slimebound:Schlurp+1","floor":43},{"not_picked":["Slimebound:Overexert"],"picked":"SKIP","floor":44},{"not_picked":["Slimebound:ServeAndProtect"],"picked":"SKIP","floor":45},{"not_picked":["Slimebound:PressTheAttack+1"],"picked":"SKIP","floor":46},{"not_picked":["Slimebound:LeechingTouch+1"],"picked":"SKIP","floor":48},{"not_picked":["Slimebound:FinishingTackle"],"picked":"SKIP","floor":49}],"player_experience":428654,"relics_obtained":[{"floor":14.0,"key":"Incense Burner"},{"floor":26.0,"key":"Kunai"},{"floor":43,"key":"PreservedInsect"},{"floor":46,"key":"Toxic Egg 2"}],"event_choices":[{"damage_healed":0.0,"max_hp_gain":0.0,"max_hp_loss":0.0,"gold_gain":0.0,"event_name":"Living Wall","player_choice":"Grow","floor":5.0,"gold_loss":0.0,"damage_taken":0.0,"cards_upgraded":["Slimebound:GrowthPunch"]},{"cards_removed":["Slimebound:Strike_Slimebound"],"damage_healed":0.0,"max_hp_gain":0.0,"max_hp_loss":0.0,"gold_gain":0.0,"event_name":"Bonfire Elementals","player_choice":"Offered Basic","floor":11.0,"gold_loss":0.0,"damage_taken":0.0},{"damage_healed":0.0,"max_hp_gain":0.0,"max_hp_loss":0.0,"gold_gain":0.0,"event_name":"The Library","player_choice":"Read","floor":21.0,"gold_loss":0.0,"damage_taken":0.0,"cards_obtained":["Slimebound:LivingWall"]}],"is_beta":false,"boss_relics":[{"not_picked":["expansioncontent:StudyCardRelic","Velvet Choker"],"picked":"Cursed Key"},{"not_picked":["SlaversCollar","Runic Pyramid"],"picked":"Busted Crown"}],"items_purged_floors":[31,38,45],"is_endless":false,"potions_floor_spawned":[6,8,13,14,22,23,26,27,33,40,43,46,49],"ascension_level":12}}