{"host":"9rplp4stncpaeegj","time":1609501665,"event":{"mods":["AchievementEnabler","BaseMod","Best Route Mod","Colored Map","Evolution","Highlight Path","Keyboard Shortcuts","Minty Spire (QoL Compilation)","Shop Mod","StSLib"],"gold_per_floor":[109,109,34,34,34,62,62,62,88,88,98,129,129,161,161,256,256,269,300,300,79,94,94,123,123,147,177,177,191,191,191,191,289,289,309,7,25,43,43,43,68,87,87,114,114,114,114,114,114,114],"floor_reached":51,"playtime":1442,"items_purged":["Strike_R","Strike_R"],"score":828,"play_id":"7f7e4388-e00e-4dc1-aa1b-126cb4d99fb7","local_time":"20210101124745","is_ascension_mode":false,"campfire_choices":[{"data":"Rampage","floor":10,"key":"SMITH"},{"data":"Inflame","floor":15,"key":"SMITH"},{"data":"Inflame","floor":23,"key":"SMITH"},{"data":"Feed","floor":25,"key":"SMITH"},{"data":"Flex","floor":28,"key":"SMITH"},{"data":"Seeing Red","floor":30,"key":"SMITH"},{"data":"Sword Boomerang","floor":32,"key":"SMITH"},{"data":"Enlightenment","floor":40,"key":"SMITH"},{"data":"Pummel","floor":45,"key":"SMITH"},{"data":"Metallicize","floor":47,"key":"SMITH"},{"floor":49,"key":"REST"}],"circlet_count":0,"master_deck":["Twin Strike","Twin Strike+1","Defend_R+1","Defend_R+1","Defend_R+1","Defend_R+1","Bash","Rampage+1","Inflame+1","Sword Boomerang+1","Metallicize+1","Barricade","Cleave","Inflame+1","Flex+1","Feed+1","Seeing Red+1","Pummel+1","Enlightenment+1","Heavy Blade+1","Shockwave+1"],"relics":["Burning Blood","EVO:Axolotl","NeowsBlessing","Mercury Hourglass","Regal Pillow","WingedGreaves","Bird Faced Urn","Sozu","Red Mask","Nilry\u0027s Codex","Bronze Scales","Anchor","Self Forming Clay","SlaversCollar","PreservedInsect","Sling","Oddly Smooth Stone","Toxic Egg 2","Red Skull"],"acts_visited":["Exordium","TheCity","TheBeyond"],"potions_floor_usage":[16,16,19],"damage_taken":[{"damage":0,"enemies":"Cultist","floor":1,"turns":1},{"damage":0,"enemies":"3 Sentries","floor":6,"turns":1},{"damage":0,"enemies":"Small Slimes","floor":11,"turns":1},{"damage":0,"enemies":"Gremlin Nob","floor":12,"turns":3},{"damage":15,"enemies":"3 Sentries","floor":14,"turns":6},{"damage":13,"enemies":"Slime Boss","floor":16,"turns":5},{"damage":0,"enemies":"Chosen","floor":18,"turns":3},{"damage":5,"enemies":"Masked Bandits","floor":19,"turns":3},{"damage":9,"enemies":"Shell Parasite","floor":22,"turns":4},{"damage":37,"enemies":"Gremlin Leader","floor":24,"turns":5},{"damage":15,"enemies":"Book of Stabbing","floor":27,"turns":4},{"damage":8,"enemies":"Snecko","floor":29,"turns":3},{"damage":26,"enemies":"Champ","floor":33,"turns":8},{"damage":0,"enemies":"3 Shapes","floor":35,"turns":3},{"damage":15,"enemies":"3 Darklings","floor":37,"turns":4},{"damage":8,"enemies":"Sphere and 2 Shapes","floor":38,"turns":4},{"damage":27,"enemies":"Reptomancer","floor":41,"turns":4},{"damage":13,"enemies":"Jaw Worm Horde","floor":42,"turns":3},{"damage":66,"enemies":"Nemesis","floor":44,"turns":5},{"damage":41,"enemies":"Awakened One","floor":50,"turns":7}],"seed_played":"-4359545923069742617","potions_obtained":[{"floor":12,"key":"LiquidBronze"},{"floor":14,"key":"SkillPotion"},{"floor":16,"key":"Swift Potion"}],"is_trial":false,"path_per_floor":["M","?","$","?","$","E","$","?","T","R","M","E","?","E","R","B",null,"M","?","?","$","M","R","E","R","T","E","R","M","R","?","R","B",null,"M","$","M","M","?","R","E","M","T","E","R","?","R","?","R","B",null],"character_chosen":"IRONCLAD","items_purchased":["Inflame","Flex","PreservedInsect","Sling"],"campfire_rested":1,"item_purchase_floors":[21,21,36,36],"current_hp_per_floor":[80,80,80,64,64,70,70,75,75,75,81,85,78,69,69,66,85,85,85,69,69,72,72,49,49,49,48,48,52,52,52,52,44,89,93,93,88,92,92,92,77,80,80,28,28,28,28,28,70,45],"gold":114,"neow_bonus":"THREE_ENEMY_KILL","is_daily":false,"chose_seed":false,"campfire_upgraded":10,"win_rate":0.0,"timestamp":1609501665,"path_taken":["M","?","$","?","?","E","$","?","T","R","M","E","?","E","R","BOSS","M","?","?","?","?","R","E","R","T","E","R","M","R","?","R","BOSS","M","$","M","M","?","R","E","M","T","M","E","R","?","R","?","R","BOSS"],"items_purchased_type":["Card","Card","Relic","Relic"],"build_version":"2020-12-22","purchased_purges":2,"victory":true,"max_hp_per_floor":[80,80,80,80,80,80,80,85,85,85,85,85,85,85,85,85,85,85,85,85,85,85,85,85,85,85,89,89,89,89,89,89,89,89,93,93,93,97,97,97,97,97,97,97,97,92,92,92,92,92],"card_choices":[{"not_picked":["Thunderclap","Cleave"],"picked":"Rampage","floor":1},{"not_picked":["Combust","True Grit"],"picked":"Inflame","floor":6},{"not_picked":["Burning Pact","Uppercut","Sword Boomerang"],"picked":"SKIP","floor":11},{"not_picked":["Anger","Warcry"],"picked":"Sword Boomerang","floor":12},{"not_picked":["Barricade","Infernal Blade"],"picked":"Metallicize","floor":14},{"not_picked":["Fiend Fire","Bludgeon"],"picked":"Barricade","floor":16},{"not_picked":["True Grit+1","Dark Embrace","Warcry"],"picked":"SKIP","floor":18},{"not_picked":["Body Slam","Perfected Strike"],"picked":"Cleave","floor":19},{"not_picked":["Clash","Flex"],"picked":"Feed","floor":22},{"not_picked":["Sword Boomerang","Ghostly Armor+1"],"picked":"Seeing Red","floor":24},{"not_picked":["Iron Wave","Perfected Strike+1","Burning Pact"],"picked":"SKIP","floor":27},{"not_picked":["Twin Strike","Thunderclap","Rupture"],"picked":"SKIP","floor":29},{"not_picked":["Twin Strike","Headbutt+1"],"picked":"Pummel","floor":35},{"not_picked":["Flex","Power Through+1","Twin Strike"],"picked":"SKIP","floor":37},{"not_picked":["Second Wind+1","Pommel Strike","Shrug It Off+1"],"picked":"SKIP","floor":38},{"not_picked":["Mayhem","Deep Breath"],"picked":"Enlightenment","floor":39},{"not_picked":["Perfected Strike+1","Body Slam+1"],"picked":"Heavy Blade+1","floor":41},{"not_picked":["Sword Boomerang+1","Cleave+1"],"picked":"Shockwave+1","floor":42},{"not_picked":["Heavy Blade+1","Pommel Strike+1","Headbutt+1"],"picked":"SKIP","floor":44},{"not_picked":["Heavy Blade+1","Pommel Strike+1","Headbutt+1"],"picked":"SKIP","floor":44}],"player_experience":3149,"relics_obtained":[{"floor":6,"key":"Mercury Hourglass"},{"floor":9,"key":"Regal Pillow"},{"floor":12,"key":"WingedGreaves"},{"floor":14,"key":"Bird Faced Urn"},{"floor":19,"key":"Red Mask"},{"floor":20,"key":"Nilry\u0027s Codex"},{"floor":24,"key":"Bronze Scales"},{"floor":26,"key":"Anchor"},{"floor":27,"key":"Self Forming Clay"},{"floor":41,"key":"Oddly Smooth Stone"},{"floor":43,"key":"Toxic Egg 2"},{"floor":44,"key":"Red Skull"}],"event_choices":[{"damage_healed":0,"gold_gain":0,"player_choice":"Ignored","damage_taken":0,"max_hp_gain":0,"max_hp_loss":0,"event_name":"Liars Game","floor":2,"gold_loss":0},{"damage_healed":0,"gold_gain":0,"player_choice":"Entered Light","damage_taken":16,"max_hp_gain":0,"max_hp_loss":0,"event_name":"Shining Light","floor":4,"gold_loss":0,"cards_upgraded":["Twin Strike","Defend_R"]},{"damage_healed":0,"gold_gain":0,"player_choice":"Donut","damage_taken":0,"max_hp_gain":5,"max_hp_loss":0,"event_name":"Big Fish","floor":8,"gold_loss":0},{"cards_removed":["Strike_R"],"damage_healed":0,"gold_gain":0,"player_choice":"Card Removal","damage_taken":7,"max_hp_gain":0,"max_hp_loss":0,"event_name":"Golden Wing","floor":13,"gold_loss":0},{"damage_healed":0,"gold_gain":0,"player_choice":"Fought Bandits","damage_taken":0,"max_hp_gain":0,"max_hp_loss":0,"event_name":"Masked Bandits","floor":19,"gold_loss":0},{"damage_healed":0,"gold_gain":0,"player_choice":"Obtained Book","damage_taken":16,"max_hp_gain":0,"max_hp_loss":0,"event_name":"Cursed Tome","floor":20,"gold_loss":0},{"damage_healed":0,"gold_gain":0,"player_choice":"Simplicity","damage_taken":0,"max_hp_gain":0,"max_hp_loss":0,"event_name":"Back to Basics","floor":31,"gold_loss":0,"cards_upgraded":["Defend_R","Defend_R","Defend_R"]},{"damage_healed":0,"gold_gain":0,"player_choice":"Memory 1","damage_taken":0,"max_hp_gain":0,"max_hp_loss":0,"event_name":"SensoryStone","floor":39,"gold_loss":0},{"damage_healed":0,"gold_gain":0,"player_choice":"Max HP","damage_taken":0,"max_hp_gain":0,"max_hp_loss":5,"event_name":"Winding Halls","floor":46,"gold_loss":0},{"damage_healed":0,"gold_gain":0,"player_choice":"0 cards matched","damage_taken":0,"max_hp_gain":0,"max_hp_loss":0,"event_name":"Match and Keep!","floor":48,"gold_loss":0,"cards_obtained":[]}],"is_beta":false,"boss_relics":[{"not_picked":["Runic Pyramid","SacredBark"],"picked":"Sozu"},{"not_picked":["Tiny House","Busted Crown"],"picked":"SlaversCollar"}],"items_purged_floors":[3,21],"is_endless":false,"potions_floor_spawned":[12,14,16,18,24,35,37,41],"ascension_level":0}}