{"host":"pq168dofzzbbmuuf","time":1609508266,"event":{"mods":["BaseMod","Downfall","Friendly Minions","Minty Spire (QoL Compilation)","StSLib"],"gold_per_floor":[114,131,45,56,71,82,93,105,173,173,198,198,198,278,228,329,329,344,354,354,354,36,36,62,62,62,12,54,54,4,33,33,146,146,174,174,174,174],"floor_reached":36,"playtime":1540,"items_purged":[],"score":402,"play_id":"d5b7608c-e1e4-46fe-869b-56809b8e4c2d","local_time":"20210101083746","is_ascension_mode":false,"campfire_choices":[{"floor":10,"key":"REST"},{"floor":12,"key":"REST"},{"data":"expansioncontent:DefensiveStance","floor":15,"key":"SMITH"},{"data":"Slimebound:Gluttony","floor":23,"key":"SMITH"},{"floor":27,"key":"REST"},{"data":"Slimebound:AcidTongue","floor":30,"key":"SMITH"},{"data":"Slimebound:SamplingLick","floor":32,"key":"SMITH"}],"circlet_count":0,"master_deck":["Slimebound:Strike_Slimebound","Slimebound:Strike_Slimebound","Slimebound:Tackle","Slimebound:Defend_Slimebound","Slimebound:Defend_Slimebound","Slimebound:Defend_Slimebound","Slimebound:Split","Slimebound:CorrosiveSpit","Slimebound:RollThrough","Slimebound:RollThrough","expansioncontent:DefensiveStance+1","Slimebound:FinishingTackle","Slimebound:SlimeTap","Slimebound:SplitMire","Slimebound:Gluttony+1","Slimebound:GrowthPunch","Slimebound:PressTheAttack","Slimebound:LeechLife","Slimebound:LevelUp","Slimebound:SamplingLick+1","Writhe","Slimebound:AcidTongue+1","Slimebound:SlimeSpikes+1","Slimebound:SpikyOuterGoop+1","Slimebound:GrowthPunch+1","Slimebound:Recycling","Slimebound:GrowthPunch"],"relics":["Philosopher\u0027s Stone","Eternal Feather","MealTicket","Slimebound:GreedOozeRelic","Empty Cage","Darkstone Periapt","Bottled Lightning","WingedGreaves","Sundial","CeramicFish","SlaversCollar"],"acts_visited":["Exordium","TheCity","TheBeyond"],"potions_floor_usage":[5,7,16,18,19,33,33],"damage_taken":[{"damage":7,"enemies":"Cultist","floor":1,"turns":3},{"damage":4,"enemies":"2 Louse","floor":2,"turns":3},{"damage":4,"enemies":"Small Slimes","floor":4,"turns":3},{"damage":1,"enemies":"3 Louse","floor":5,"turns":2},{"damage":4,"enemies":"Looter","floor":6,"turns":3},{"damage":17,"enemies":"Exordium Wildlife","floor":7,"turns":2},{"damage":26,"enemies":"Lots of Slimes","floor":8,"turns":3},{"damage":24,"enemies":"Lagavulin","floor":11,"turns":5},{"damage":31,"enemies":"The Guardian","floor":16,"turns":9},{"damage":8,"enemies":"3 Byrds","floor":18,"turns":4},{"damage":19,"enemies":"Spheric Guardian","floor":19,"turns":3},{"damage":59,"enemies":"Slavers","floor":24,"turns":5},{"damage":20,"enemies":"Book of Stabbing","floor":28,"turns":5},{"damage":19,"enemies":"Centurion and Healer","floor":31,"turns":5},{"damage":49,"enemies":"Champ","floor":33,"turns":10},{"damage":20,"enemies":"Orb Walker","floor":35,"turns":4},{"damage":65,"enemies":"3 Darklings","floor":36,"turns":4}],"seed_played":"-3361040723861955831","potions_obtained":[{"floor":1,"key":"Fire Potion"},{"floor":4,"key":"Strength Potion"},{"floor":8,"key":"sneckomod:MuddlingPotion"},{"floor":11,"key":"Block Potion"},{"floor":16,"key":"Fire Potion"},{"floor":18,"key":"champ:CounterPotion"},{"floor":28,"key":"Strength Potion"}],"is_trial":false,"path_per_floor":["M","M","$","M","M","M","M","M","T","R","E","R","?","?","R","B",null,"M","M","?","?","$","R","E","$","T","R","E","$","R","M","R","B",null,"M","M"],"character_chosen":"SLIMEBOUND","items_purchased":["expansioncontent:DefensiveStance","Slimebound:AcidTongue","Bottled Lightning"],"campfire_rested":3,"item_purchase_floors":[3,22,22],"current_hp_per_floor":[57,57,57,57,56,56,43,21,21,48,32,59,59,59,60,37,60,60,45,51,66,66,66,15,30,30,61,49,64,66,61,66,25,66,54,0,0,0],"gold":174,"neow_bonus":"BOSS_RELIC","is_daily":false,"chose_seed":false,"campfire_upgraded":4,"win_rate":0.0,"timestamp":1609508266,"path_taken":["M","M","?","M","M","M","M","M","T","R","E","R","?","?","R","BOSS","M","M","?","?","$","R","E","?","T","R","E","$","R","M","R","BOSS","M","M"],"items_purchased_type":["Card","Card","Relic"],"build_version":"2020-12-22","purchased_purges":0,"victory":false,"max_hp_per_floor":[60,60,60,60,60,60,60,60,60,60,60,60,60,60,60,60,60,60,60,66,66,66,66,66,66,66,66,66,66,66,66,66,66,66,66,66,66,66],"card_choices":[{"not_picked":["Slimebound:Dissolve","Slimebound:SplitMire"],"picked":"Slimebound:RollThrough","floor":1},{"not_picked":["Slimebound:RejuvenatingLick","Slimebound:SplitBruiser"],"picked":"Slimebound:RollThrough","floor":2},{"not_picked":["Slimebound:LivingWall","Slimebound:SlimeSlap"],"picked":"Slimebound:FinishingTackle","floor":4},{"not_picked":["Slimebound:SplitLeeching","Slimebound:SplitBruiser"],"picked":"Slimebound:SlimeTap","floor":5},{"not_picked":["Slimebound:Grow","Slimebound:TongueLash"],"picked":"Slimebound:SplitMire","floor":6},{"not_picked":["Slimebound:RainOfGoop","Slimebound:LeadByExample"],"picked":"Slimebound:Gluttony","floor":7},{"not_picked":["Slimebound:ItLooksTasty","Slimebound:Schlurp"],"picked":"Slimebound:GrowthPunch","floor":8},{"not_picked":["Slimebound:LeechEnergy","Slimebound:FormOfPuddle"],"picked":"Slimebound:PressTheAttack","floor":11},{"not_picked":["Slimebound:DuplicatedForm","Slimebound:MinionMaster"],"picked":"Slimebound:LeechLife","floor":16},{"not_picked":["Slimebound:GoopSpray+1","Slimebound:Grow"],"picked":"Slimebound:LevelUp","floor":18},{"not_picked":["Slimebound:Schlurp","Slimebound:LeechEnergy"],"picked":"Slimebound:SamplingLick","floor":19},{"not_picked":["Slimebound:PressTheAttack+1","Slimebound:SlimeTap"],"picked":"Slimebound:SlimeSpikes+1","floor":24},{"not_picked":["Slimebound:LeechEnergy","Slimebound:RollThrough"],"picked":"Slimebound:SpikyOuterGoop+1","floor":28},{"not_picked":["Slimebound:ProtectTheBoss+1","Slimebound:AcidTongue"],"picked":"Slimebound:GrowthPunch+1","floor":31},{"not_picked":["Slimebound:CheckThePlaybook","Slimebound:Teamwork"],"picked":"Slimebound:Recycling","floor":33},{"not_picked":["Slimebound:DivideAndConquer+1","Slimebound:SlimeSpikes"],"picked":"Slimebound:GrowthPunch","floor":35}],"player_experience":584005,"relics_obtained":[{"floor":9,"key":"Eternal Feather"},{"floor":11,"key":"MealTicket"},{"floor":24,"key":"WingedGreaves"},{"floor":26,"key":"Sundial"},{"floor":28,"key":"CeramicFish"}],"event_choices":[{"damage_healed":0,"gold_gain":80,"player_choice":"Gained Gold","damage_taken":0,"max_hp_gain":0,"max_hp_loss":0,"event_name":"Golden Wing","floor":14,"gold_loss":0},{"damage_healed":0,"gold_gain":0,"player_choice":"Opened","damage_taken":0,"relics_obtained":["Darkstone Periapt"],"max_hp_gain":0,"max_hp_loss":0,"event_name":"The Mausoleum","floor":20,"gold_loss":0,"cards_obtained":["Writhe"]},{"damage_healed":22,"gold_gain":0,"player_choice":"Heal","damage_taken":0,"max_hp_gain":0,"max_hp_loss":0,"event_name":"The Library","floor":21,"gold_loss":0}],"is_beta":false,"boss_relics":[{"not_picked":["Coffee Dripper","SacredBark"],"picked":"Empty Cage"},{"not_picked":["Velvet Choker","Astrolabe"],"picked":"SlaversCollar"}],"items_purged_floors":[],"is_endless":false,"potions_floor_spawned":[1,4,8,11,16,18,28],"killed_by":"3 Darklings","ascension_level":0}}