{"host":"bbcqjedmotowk2e9","time":1609509935,"event":{"mods":["AchievementEnabler","Aspiration","BaseMod","Colored Powertips","Energized Spire","GifTheSpireLib","Halation","Hubris","Hyrulean Relics","Infinite Spire","Marisa????????","Minty Spire (QoL Compilation)","Permanent Neow","Quick Restart","Relic Stats","Replay The Spire","Spires And Sneckos","StSLib","Stuff the Spire","Synergy Search","The Disciple"],"gold_per_floor":[115,40,56,56,75,75,75,75,75,95,95,95,95,95,95,200,200,212,212,230,230,230,264,264,264,264],"floor_reached":25,"playtime":611,"items_purged":["Strike_R"],"score":207,"play_id":"beccb7fc-c3e6-4551-85be-bd439848eccb","local_time":"20210101170535","is_ascension_mode":false,"campfire_choices":[{"data":"ReplayReversal","floor":8,"key":"SMITH"},{"data":"Shrug It Off","floor":11,"key":"SMITH"},{"data":"Defend_R","floor":13,"key":"SMITH"},{"data":"Defend_R","floor":15,"key":"SMITH"},{"floor":24,"key":"REST"}],"circlet_count":0,"master_deck":["Strike_R","Strike_R","Defend_R+1","Defend_R+1","Defend_R","Bash","Shrug It Off+1","ReplayReversal+1","hubris:DuctTapeCard","ReplayTheSpireMod:Stacked","Hemokinesis","Brutality","Armaments+1"],"relics":["Burning Blood","NeowsBlessing","halation:PinkSoulGem","hubris:Backtick","hubris:DuctTape","Nloth\u0027s Gift"],"acts_visited":["Exordium","TheCity"],"potions_floor_usage":[10,16,23],"damage_taken":[{"damage":0,"enemies":"Small Slimes","floor":1,"turns":1},{"damage":0,"enemies":"Cultist","floor":3,"turns":1},{"damage":0,"enemies":"Jaw Worm","floor":5,"turns":1},{"damage":0,"enemies":"Looter","floor":10,"turns":4},{"damage":23,"enemies":"Hexaghost","floor":16,"turns":13},{"damage":7,"enemies":"Shell Parasite","floor":18,"turns":9},{"damage":6,"enemies":"Spheric Guardian","floor":20,"turns":9},{"damage":50,"enemies":"Book of Stabbing","floor":23,"turns":10},{"damage":0,"enemies":"Chosen and Byrds","floor":25,"turns":1}],"seed_played":"8600910161584955774","potions_obtained":[{"floor":1,"key":"Milkshake"},{"floor":3,"key":"PowerPotion"},{"floor":4,"key":"Milkshake"},{"floor":4,"key":"Elixir"},{"floor":4,"key":"GamblersBrew"},{"floor":18,"key":"BlessingOfTheForge"},{"floor":20,"key":"Languid Potion"},{"floor":23,"key":"LiquidMemories"}],"is_trial":false,"path_per_floor":["M","$","M","?","M","$","$","R","T","M","R","?","R","?","R","B",null,"M","?","M","?","?","E","R","M"],"character_chosen":"IRONCLAD","items_purchased":[],"campfire_rested":1,"item_purchase_floors":[],"current_hp_per_floor":[80,80,80,80,80,80,80,80,80,80,80,80,80,80,80,63,80,79,79,79,79,79,35,59,59,59],"gold":264,"neow_bonus":"THREE_ENEMY_KILL","is_daily":false,"chose_seed":false,"campfire_upgraded":4,"win_rate":0.0,"timestamp":1609509935,"path_taken":["M","$","M","?","?","?","$","R","T","M","R","?","R","?","R","BOSS","M","?","M","?","?","E","R","M"],"items_purchased_type":[],"build_version":"2020-12-22","purchased_purges":1,"victory":false,"max_hp_per_floor":[80,80,80,80,80,80,80,80,80,80,80,80,80,80,80,80,80,80,80,80,80,80,80,80,80,80],"relic_stats":{"counters":[9,49],"Nloth\u0027s Gift":1,"obtain_stats":[{"hubris:Backtick":17,"NeowsBlessing":0,"hubris:DuctTape":17,"Nloth\u0027s Gift":22,"Mirror":9,"halation:PinkSoulGem":14,"Burning Blood":0},{"hubris:Backtick":5,"NeowsBlessing":0,"hubris:DuctTape":5,"Nloth\u0027s Gift":7,"Mirror":3,"halation:PinkSoulGem":4,"Burning Blood":0},{"hubris:Backtick":20,"NeowsBlessing":0,"hubris:DuctTape":20,"Nloth\u0027s Gift":38,"Mirror":3,"halation:PinkSoulGem":7,"Burning Blood":0}],"Burning Blood":24},"card_choices":[{"not_picked":["Wild Strike","Life Link","ReplayTheSpireMod:Stacked"],"picked":"SKIP","floor":1},{"not_picked":["Pommel Strike","Clash"],"picked":"Shrug It Off","floor":3},{"not_picked":["Replay:Undeath\u0027s Touch","Whirlwind"],"picked":"ReplayReversal","floor":5},{"not_picked":["Shrug It Off","Run Through","Metallicize"],"picked":"SKIP","floor":10},{"not_picked":["Replay:Many Hands","Demon Form"],"picked":"Demonic Infusion","floor":16},{"not_picked":["Flex","Sever Soul"],"picked":"ReplayTheSpireMod:Stacked","floor":18},{"not_picked":["True Grit","Warcry"],"picked":"Armaments+1","floor":20},{"not_picked":["Immolate","Sever Soul+1","Armaments+1"],"picked":"SKIP","floor":23}],"player_experience":577588,"relics_obtained":[{"floor":9,"key":"Mirror"}],"event_choices":[{"damage_healed":0,"gold_gain":0,"player_choice":"Got Potions","damage_taken":0,"max_hp_gain":0,"max_hp_loss":0,"event_name":"Lab","floor":4,"gold_loss":0},{"damage_healed":0,"gold_gain":0,"cards_transformed":["Strike_R","Strike_R"],"player_choice":"Became Test Subject","damage_taken":0,"max_hp_gain":0,"max_hp_loss":0,"event_name":"Drug Dealer","floor":19,"gold_loss":0,"cards_obtained":["Hemokinesis","Brutality"]},{"damage_healed":0,"gold_gain":0,"player_choice":"Ignored","damage_taken":0,"max_hp_gain":0,"max_hp_loss":0,"event_name":"Vampires","floor":21,"gold_loss":0},{"damage_healed":0,"gold_gain":0,"player_choice":"Traded Relic","damage_taken":0,"relics_obtained":["Nloth\u0027s Gift"],"max_hp_gain":0,"max_hp_loss":0,"event_name":"N\u0027loth","floor":22,"relics_lost":["Mirror"],"gold_loss":0}],"is_beta":false,"boss_relics":[{"not_picked":["aspiration:RandomNobGenerator","energizedSpire:NeverEndingSparkler"],"picked":"hubris:Backtick"}],"items_purged_floors":[2],"is_endless":false,"potions_floor_spawned":[1,3,18,20,23],"killed_by":"Chosen and Byrds","ascension_level":0}}