{"host":"344lv32hnei0mdhu","time":1609535041,"event":{"mods":["Act Like it!","BaseMod","Better Match","Better Sensory Stone","Better Skull","Better Third Choice","Better Vampires","Colored Powertips","Highlight Path","Minty Spire (QoL Compilation)","Quick Restart","Random Character Button","Rare Cards Sparkle","StSLib"],"gold_per_floor":[110,28,28,28,53,89,89,105,128,166,187,222,246,108,108,233,233,251,251,251,269,294,294,325,325,349,249,270,303,402,402,402],"floor_reached":31,"playtime":1350,"items_purged":["Strike_R"],"score":461,"play_id":"52dd0f7d-1c1a-4e43-b6d1-0231ecb37e3b","local_time":"20210101150401","is_ascension_mode":true,"campfire_choices":[{"data":"Entrench","floor":7.0,"key":"SMITH"},{"floor":15.0,"key":"REST"},{"floor":23.0,"key":"REST"},{"floor":25.0,"key":"REST"}],"circlet_count":0,"master_deck":["Strike_R+1","Strike_R","Strike_R","Strike_R+1","Defend_R","Defend_R","Defend_R+1","Defend_R+1","Bash+1","Blood for Blood","Spot Weakness","LessonLearned","Uppercut","Entrench+1","Power Through","Flame Barrier","Barricade","Anger","Feed+1","Berserk+1","Body Slam+1","Sword Boomerang+1","Armaments+1","Flame Barrier+1"],"relics":["Burning Blood","NeowsBlessing","Golden Idol","Bag of Marbles","Bag of Preparation","Oddly Smooth Stone","Paper Frog","Blue Candle","Runic Pyramid","Unceasing Top","Smiling Mask","Dream Catcher"],"acts_visited":["Exordium","TheCity"],"potions_floor_usage":[28,28,31],"damage_taken":[{"damage":0.0,"enemies":"2 Louse","floor":1.0,"turns":1.0},{"damage":0.0,"enemies":"Small Slimes","floor":5.0,"turns":1.0},{"damage":0.0,"enemies":"Gremlin Nob","floor":6.0,"turns":1.0},{"damage":9.0,"enemies":"Jaw Worm","floor":8.0,"turns":2.0},{"damage":23.0,"enemies":"3 Sentries","floor":10.0,"turns":11.0},{"damage":0.0,"enemies":"Lots of Slimes","floor":11.0,"turns":2.0},{"damage":18.0,"enemies":"Gremlin Nob","floor":12.0,"turns":3.0},{"damage":6.0,"enemies":"Exordium Thugs","floor":13.0,"turns":3.0},{"damage":36.0,"enemies":"Hexaghost","floor":16.0,"turns":10.0},{"damage":24.0,"enemies":"Spheric Guardian","floor":18.0,"turns":6.0},{"damage":0.0,"enemies":"Chosen","floor":21.0,"turns":5.0},{"damage":8.0,"enemies":"3 Cultists","floor":22.0,"turns":6.0},{"damage":69.0,"enemies":"Book of Stabbing","floor":24.0,"turns":6.0},{"damage":20,"enemies":"Snake Plant","floor":28,"turns":5},{"damage":16,"enemies":"Slavers","floor":29,"turns":6},{"damage":38,"enemies":"Snecko","floor":31,"turns":6}],"seed_played":"-1758389550503277362","potions_obtained":[{"floor":8.0,"key":"Regen Potion"},{"floor":10.0,"key":"DistilledChaos"},{"floor":11.0,"key":"Dexterity Potion"},{"floor":21.0,"key":"FearPotion"},{"floor":24.0,"key":"Regen Potion"},{"floor":28,"key":"BlessingOfTheForge"},{"floor":29,"key":"SkillPotion"}],"is_trial":false,"path_per_floor":["M","$","?","?","M","E","R","M","T","E","M","E","M","$","R","B",null,"M","?","?","M","M","R","E","R","T","$","M","E","?","M"],"character_chosen":"IRONCLAD","items_purchased":["Spot Weakness","Feed","BlessingOfTheForge"],"campfire_rested":3,"item_purchase_floors":[2,14,27],"current_hp_per_floor":[78,78,58,44,50,56,56,53,53,51,57,45,45,45,69,39,70,52,52,52,58,59,83,20,44,44,44,44,34,34,0,0],"gold":402,"neow_bonus":"THREE_ENEMY_KILL","is_daily":false,"chose_seed":false,"campfire_upgraded":1,"win_rate":0.0,"timestamp":1609535041,"path_taken":["M","$","?","?","M","E","R","M","T","E","M","E","M","$","R","BOSS","M","?","?","?","M","R","E","R","T","?","?","E","?","M"],"items_purchased_type":["Card","Card","Potion"],"build_version":"2020-12-22","purchased_purges":1,"victory":false,"max_hp_per_floor":[80,80,80,80,80,80,80,80,80,80,80,80,80,80,80,80,80,80,80,80,80,83,83,83,83,83,83,83,83,83,83,83],"card_choices":[{"not_picked":["Flex","Reckless Charge"],"picked":"Blood for Blood","floor":1.0},{"not_picked":["Clash","Clothesline"],"picked":"Uppercut","floor":5.0},{"not_picked":["Armaments","Headbutt"],"picked":"Entrench","floor":6.0},{"not_picked":["Hemokinesis","Cleave"],"picked":"Power Through","floor":8.0},{"not_picked":["Whirlwind","Disarm"],"picked":"Flame Barrier","floor":10.0},{"not_picked":["Havoc","Perfected Strike","Battle Trance"],"picked":"SKIP","floor":11.0},{"not_picked":["Battle Trance","Anger"],"picked":"Barricade","floor":12.0},{"not_picked":["Wild Strike","Feel No Pain"],"picked":"Anger","floor":13.0},{"not_picked":["Offering","Bludgeon"],"picked":"Berserk","floor":16.0},{"not_picked":["Anger","Twin Strike"],"picked":"Body Slam+1","floor":18.0},{"not_picked":["Armaments+1","Body Slam"],"picked":"Sword Boomerang+1","floor":21.0},{"not_picked":["Anger","Rupture","Clothesline"],"picked":"SKIP","floor":22.0},{"not_picked":["Clash","Combust+1"],"picked":"Armaments+1","floor":24.0},{"not_picked":["Cleave","Twin Strike"],"picked":"Flame Barrier+1","floor":28},{"not_picked":["Perfected Strike","Warcry","Heavy Blade"],"picked":"SKIP","floor":29}],"player_experience":295196,"relics_obtained":[{"floor":6.0,"key":"Bag of Preparation"},{"floor":9.0,"key":"Oddly Smooth Stone"},{"floor":10.0,"key":"Paper Frog"},{"floor":12.0,"key":"Blue Candle"},{"floor":24.0,"key":"Unceasing Top"},{"floor":26.0,"key":"Smiling Mask"},{"floor":29,"key":"Dream Catcher"}],"event_choices":[{"damage_healed":0.0,"max_hp_gain":0.0,"max_hp_loss":0.0,"gold_gain":0.0,"event_name":"Golden Idol","player_choice":"Take Damage","floor":3.0,"gold_loss":0.0,"damage_taken":20.0,"relics_obtained":["Golden Idol"]},{"damage_healed":0.0,"max_hp_gain":0.0,"max_hp_loss":0.0,"gold_gain":0.0,"event_name":"Beggar","player_choice":"Ignored","floor":19.0,"gold_loss":0.0,"damage_taken":0.0},{"damage_healed":0.0,"max_hp_gain":0.0,"max_hp_loss":0.0,"gold_gain":0.0,"event_name":"Upgrade Shrine","player_choice":"Upgraded","floor":20.0,"gold_loss":0.0,"damage_taken":0.0,"cards_upgraded":["Berserk"]},{"damage_healed":0,"gold_gain":99,"player_choice":"Steal","damage_taken":0,"max_hp_gain":0,"max_hp_loss":0,"event_name":"betterThird:BetterNest","floor":30,"gold_loss":0}],"is_beta":false,"boss_relics":[{"not_picked":["Empty Cage","Fusion Hammer"],"picked":"Runic Pyramid"}],"items_purged_floors":[27],"is_endless":false,"potions_floor_spawned":[8,10,11,21,24,28,29],"killed_by":"Snecko","ascension_level":9}}