{"host":"879u177vr8bnqwsn","time":1609528885,"event":{"mods":["BaseMod","Infinite Spire","Minty Spire (QoL Compilation)","Replay The Spire","StSLib"],"gold_per_floor":[113,188,19,19,38,38,77,96,96,116,116,116,129,142,142,272,272,287,287,287,300,274,313,88,102,157,170,269,269,294,317,317,447,447,472,397,497,512,291,331,347,366,366,366,385,419,443,443,443,443,443,443,312,345,345],"floor_reached":56,"playtime":3985,"items_purged":["Strike_B","Strike_B","Defend_B"],"score":1331,"play_id":"ca2edbc9-1cce-45b6-a71c-57c1fe338566","local_time":"20210101172125","is_ascension_mode":false,"campfire_choices":[{"data":"Sunder","floor":6,"key":"SMITH"},{"data":"Zap","floor":12,"key":"SMITH"},{"data":"ReplayTheSpireMod:Calculation Training","floor":15,"key":"SMITH"},{"data":"Defragment","floor":32,"key":"SMITH"},{"floor":44,"key":"RECALL"}],"circlet_count":0,"master_deck":["Strike_B","Defend_B","Defend_B","Defend_B","Zap+1","Dualcast","Sunder+1","BasicCrystalCard+1","Capacitor","Ball Lightning+1","ReplayTheSpireMod:Calculation Training+1","Hello World+1","Cold Snap+1","Cold Snap","Mirror Shield","Barrage","infinitespire:Collect","Conserve Battery","ReplayTheSpireMod:Black Plague","Go for the Eyes","Defragment+1","Undo","Stack","Stack","BootSequence","Echo Form","ReplayTheSpireMod:Calculation Training","Auto Shields","BasicCrystalCard+1","Amplify","Buffer","ReplayTheSpireMod:Calculation Training","Replay:Sssssssssshield","Hologram","Crystallizer"],"relics":["Honey Jar","Membership Card","Golden Idol","Bottled Flame","Inserter","Whetstone","Sozu","Enchiridion","Solar Panel","Replay:Multitool","infinitespire:PuzzleCube","SlaversCollar","Raider\u0027s Mask","Pantograph","Potion Belt","Sundial","Emotion Chip","Replay:Ringing Soul","Chameleon Ring"],"acts_visited":["Exordium","TheCity","TheBeyond","TheEnding"],"potions_floor_usage":[50,55],"damage_taken":[{"damage":0,"enemies":"2 Louse","floor":1,"turns":4},{"damage":1,"enemies":"Cultist","floor":5,"turns":3},{"damage":15,"enemies":"Lagavulin","floor":7,"turns":5},{"damage":0,"enemies":"Small Slimes","floor":8,"turns":2},{"damage":2,"enemies":"Exordium Wildlife","floor":10,"turns":3},{"damage":0,"enemies":"Large Slime","floor":13,"turns":5},{"damage":2,"enemies":"3 Louse","floor":14,"turns":2},{"damage":3,"enemies":"Hexaghost","floor":16,"turns":8},{"damage":7,"enemies":"Chosen","floor":18,"turns":4},{"damage":0,"enemies":"Spheric Guardian","floor":21,"turns":3},{"damage":4,"enemies":"Nightmare","floor":23,"turns":6},{"damage":0,"enemies":"Snecko","floor":25,"turns":4},{"damage":2,"enemies":"Chosen and Byrds","floor":27,"turns":5},{"damage":9,"enemies":"Centurion and Healer","floor":30,"turns":4},{"damage":0,"enemies":"Sentry and Sphere","floor":31,"turns":4},{"damage":0,"enemies":"Champ","floor":33,"turns":8},{"damage":0,"enemies":"Orb Walker","floor":35,"turns":4},{"damage":7,"enemies":"3 Darklings","floor":38,"turns":6},{"damage":4,"enemies":"Giant Head","floor":40,"turns":8},{"damage":7,"enemies":"Jaw Worm Horde","floor":41,"turns":6},{"damage":0,"enemies":"Maw","floor":42,"turns":7},{"damage":4,"enemies":"Writhing Mass","floor":45,"turns":6},{"damage":0,"enemies":"Nightmare","floor":46,"turns":10},{"damage":0,"enemies":"4 Shapes","floor":47,"turns":7},{"damage":38,"enemies":"Awakened One","floor":50,"turns":11},{"damage":0,"enemies":"Shield and Spear","floor":54,"turns":9},{"damage":32,"enemies":"The Heart","floor":55,"turns":11}],"seed_played":"4782998811961611925","potions_obtained":[{"floor":5,"key":"SneckoOil"},{"floor":8,"key":"CultistPotion"},{"floor":18,"key":"Languid Potion"}],"is_trial":false,"path_per_floor":["M","?","$","?","M","R","E","M","T","M","?","R","M","M","R","B",null,"M","AVR","?","M","$","NM","$","M","T","M","?","?","M","M","R","B",null,"M","$","?","M","$","E","M","M","T","R","M","NM","M","?","R","B",null,"R","$","E","B",null],"character_chosen":"DEFECT","items_purchased":["Membership Card","BasicCrystalCard+1","Conserve Battery","Defragment","Replay:Multitool","Raider\u0027s Mask","Pantograph","Auto Shields","Replay:Sssssssssshield","Hologram"],"campfire_rested":0,"item_purchase_floors":[3,3,22,24,24,36,39,39,53,53],"current_hp_per_floor":[75,68,68,50,49,49,34,34,34,32,32,32,32,30,30,27,75,68,68,52,52,52,48,48,50,50,50,50,50,43,47,47,55,75,75,75,75,75,75,75,70,74,74,74,74,75,75,75,75,39,75,75,78,81,53],"gold":345,"neow_bonus":"BOSS_RELIC","is_daily":false,"chose_seed":false,"campfire_upgraded":4,"win_rate":0.0,"timestamp":1609528885,"path_taken":["M","?","?","?","M","R","E","?","T","M","?","R","M","M","R","BOSS","M","AVR","?","M","$","NM","$","M","T","M","?","?","M","M","R","BOSS","M","$","?","M","?","E","M","M","T","R","?","NM","M","?","R","BOSS","R","$","E","BOSS"],"items_purchased_type":["Relic","Card","Card","Card","Relic","Relic","Relic","Card","Card","Card"],"build_version":"2020-12-22","purchased_purges":3,"victory":true,"max_hp_per_floor":[75,75,75,75,75,75,75,75,75,75,75,75,75,75,75,75,75,75,75,75,75,75,75,75,75,75,75,75,75,75,75,75,75,75,75,75,75,75,75,75,75,75,75,75,75,75,75,75,75,75,75,75,78,81,81],"card_choices":[{"not_picked":["ReplayGash","Hologram","ReplayTheSpireMod:Calculation Training"],"picked":"Sunder","floor":1},{"not_picked":["Chaos","Sweeping Beam","Panic Button"],"picked":"Steam","floor":5},{"not_picked":["Blizzard","Gash","Chaos"],"picked":"Capacitor","floor":7},{"not_picked":["Conserve Battery","Gash","Reinforced Body"],"picked":"Ball Lightning","floor":8},{"not_picked":["ReplayTheSpireMod:GoodbyeWorld","Cold Snap","Hologram"],"picked":"ReplayTheSpireMod:Calculation Training","floor":10},{"not_picked":["Storm","ReplayTheSpireMod:Reroute Power","Conserve Battery"],"picked":"Cold Snap","floor":13},{"not_picked":["Blizzard","Go for the Eyes","Streamline"],"picked":"Cold Snap","floor":14},{"not_picked":["Core Surge","Reboot","ReplayRNGCard"],"picked":"Mirror Shield","floor":16},{"not_picked":["Gash","Cold Snap","Capacitor"],"picked":"Barrage","floor":18},{"not_picked":["Scrape+1","Compile Driver+1","ReplayTheSpireMod:Reroute Power","Meteor Strike"],"picked":"SKIP","floor":21},{"not_picked":["infinitespire:Gouge","infinitespire:Menacing"],"picked":"ReplayTheSpireMod:Black Plague","floor":23},{"not_picked":["Multi-Cast","Ball Lightning","Chaos"],"picked":"Go for the Eyes","floor":23},{"not_picked":["Static Discharge","BasicCrystalCard","Stack"],"picked":"Undo","floor":25},{"not_picked":["Hologram","Go for the Eyes","Turbo"],"picked":"Stack","floor":27},{"not_picked":["Hologram+1","Streamline+1","Rebound"],"picked":"Stack","floor":30},{"not_picked":["ReplayTheSpireMod:Repulse","Stack+1","Compile Driver"],"picked":"BootSequence","floor":31},{"not_picked":["ReplayTheSpireMod:Fabricate Wheel","Electrodynamics","Meteor Strike"],"picked":"Echo Form","floor":33},{"not_picked":["Gash","Panic Button","Beam Cell+1"],"picked":"ReplayTheSpireMod:Calculation Training","floor":35},{"not_picked":["Turbo+1","Chaos+1","Sweeping Beam","Hologram"],"picked":"SKIP","floor":38},{"not_picked":["Steam+1","Beam Cell+1","Compile Driver+1"],"picked":"BasicCrystalCard+1","floor":40},{"not_picked":["Sunder","Sweeping Beam+1","ReplaySolidLightProjector"],"picked":"Amplify","floor":41},{"not_picked":["Time Bomb+1","Melter+1","Turbo","BasicCrystalCard"],"picked":"SKIP","floor":42},{"not_picked":["Rip and Tear+1","Genetic Algorithm","Melter","Redo"],"picked":"SKIP","floor":45},{"not_picked":["Compile Driver+1","Heatsinks+1","ReplayTheSpireMod:GoodbyeWorld+1","Recycle+1"],"picked":"SKIP","floor":46},{"not_picked":["Sweeping Beam+1","Coolheaded","Ball Lightning+1"],"picked":"Buffer","floor":47},{"not_picked":["Auto Shields+1","Compile Driver+1","Go for the Eyes+1"],"picked":"Crystallizer","floor":54}],"player_experience":712803,"relics_obtained":[{"floor":7,"key":"Bottled Flame"},{"floor":20,"key":"Enchiridion"},{"floor":23,"key":"Solar Panel"},{"floor":26,"key":"infinitespire:PuzzleCube"},{"floor":40,"key":"Potion Belt"},{"floor":43,"key":"Sundial"},{"floor":46,"key":"Emotion Chip"},{"floor":54,"key":"Chameleon Ring"}],"event_choices":[{"damage_healed":0,"gold_gain":75,"player_choice":"Touch","damage_taken":7,"max_hp_gain":0,"max_hp_loss":0,"event_name":"FaceTrader","floor":2,"gold_loss":0},{"damage_healed":0,"gold_gain":0,"player_choice":"Take Damage","damage_taken":18,"relics_obtained":["Golden Idol"],"max_hp_gain":0,"max_hp_loss":0,"event_name":"Golden Idol","floor":4,"gold_loss":0},{"damage_healed":0,"gold_gain":0,"player_choice":"Obtained Book","damage_taken":16,"max_hp_gain":0,"max_hp_loss":0,"event_name":"Cursed Tome","floor":20,"gold_loss":0},{"damage_healed":0,"gold_gain":99,"player_choice":"Stole From Cult","damage_taken":0,"max_hp_gain":0,"max_hp_loss":0,"event_name":"Nest","floor":28,"gold_loss":0},{"damage_healed":0,"gold_gain":0,"player_choice":"Ignored","damage_taken":0,"max_hp_gain":0,"max_hp_loss":0,"event_name":"The Mausoleum","floor":29,"gold_loss":0},{"damage_healed":0,"gold_gain":100,"player_choice":"Pray","damage_taken":0,"max_hp_gain":0,"max_hp_loss":0,"event_name":"Golden Shrine","floor":37,"gold_loss":0},{"damage_healed":0,"gold_gain":0,"player_choice":"Ignored","damage_taken":0,"max_hp_gain":0,"max_hp_loss":0,"event_name":"NoteForYourself","floor":48,"gold_loss":0},{"damage_healed":0,"gold_gain":0,"player_choice":"Gave Potion","damage_taken":0,"relics_obtained":["Replay:Ringing Soul"],"max_hp_gain":0,"max_hp_loss":0,"event_name":"WeMeetAgain","floor":52,"gold_loss":0}],"is_beta":false,"boss_relics":[{"not_picked":["Cursed Key","Runic Dome"],"picked":"Inserter"},{"not_picked":["ReplayTheSpireMod:DimensionalGlitch","Snecko Eye"],"picked":"SlaversCollar"}],"items_purged_floors":[24,39,53],"is_endless":false,"potions_floor_spawned":[5,8,18,25,30,31,35,46],"ascension_level":0}}