{"host":"lkyw40t68mxhwfjf","time":1609528062,"event":{"mods":["2.2 Compatiblity","Act Like it!","Arknights The Spire","BaseMod","Better Note","Hallownest","HololiveMod","Hubris","Koishi","Lobotomy","Marisa¡]Ãú«B¡@Å]²z¨F¡^","Minty Spire (QoL Compilation)","Prisma Mod","Reimu¡]³Õ???¡^","Remilia¡]Á¢¦Ì²ú?¡^","Replay The Spire","RumiaBox-ÅS¦Ì?ªº¯«¯µ²°¤l","StSLib","The Animator","The Servant 0.9.4","WarShipGirlsR/??¤Ö¤kR mod","Youmu¡]»î¾z§¯?¡^","Yuyuko"],"gold_per_floor":[125,137,149,171,32,32,32,32,58,58,78,103,103,278,278,376,376,394,108,108,127,142,142,170,170,194,209,238,258,258,168,168,266,266,282,293,293,308,233,233,233],"floor_reached":40,"playtime":1742,"items_purged":["ats:Strike G"],"score":422,"play_id":"35dc065e-78f2-4b0c-b9b6-526bb824c927","local_time":"20210102030742","is_ascension_mode":false,"campfire_choices":[{"data":"ats:Emotion Absorption","floor":6,"key":"SMITH"},{"data":"ats:Composite Medical Shells","floor":8,"key":"SMITH"},{"floor":10,"key":"RECALL"},{"data":"ats:Armor Crushing Shot","floor":15,"key":"SMITH"},{"data":"ats:Healing Strengthening","floor":23,"key":"SMITH"},{"data":"ats:Dogmatic Field","floor":25,"key":"SMITH"},{"data":"ats:Childhood Dance","floor":32,"key":"SMITH"}],"circlet_count":0,"master_deck":["ats:Strike S","ats:Armor Crushing Shot+1","ats:Defend","ats:Defend+1","ats:Defend","ats:Defend","ats:Emotion Absorption+1","ats:Composite Medical Shells+1","ats:Shell Defense","ats:Shadow Raid","ats:Poison Spread","ReplayTheSpireMod:Faulty Equipment","ats:Dogmatic Field+1","Conserve Battery","ats:Healing Strengthening+1","ats:Charging Defense","Self Repair","ats:Revitalization","ats:Magnetic Hammer+1","ats:Childhood Dance+1","ats:Assault Order","ats:Apocalypse","ats:Shell Defense","Skim","ats:Calcification","ats:Apocalypse+1","ats:Apocalypse"],"relics":["ats:Sanity","MawBank","ats:Hidden Killer","WarpedTongs","Pen Nib","ats:Originium","Pear","hubris:DisguiseKit","Empty Cage","Orrery","Potion Belt","ats:Spiritual Recovery","Replay:Accelerometer","Sozu"],"acts_visited":["Exordium","TheCity","TheBeyond"],"potions_floor_usage":[12,12,21,21,22,22,24,24,28,33,33,40],"damage_taken":[{"damage":5,"enemies":"Cultist","floor":1,"turns":4},{"damage":6,"enemies":"2 Louse","floor":4,"turns":4},{"damage":2,"enemies":"Small Slimes","floor":11,"turns":5},{"damage":23,"enemies":"Gremlin Nob","floor":12,"turns":5},{"damage":43,"enemies":"Fading Forest","floor":16,"turns":11},{"damage":40,"enemies":"3 Byrds","floor":18,"turns":5},{"damage":69,"enemies":"Shell Parasite","floor":21,"turns":9},{"damage":21,"enemies":"Cultist and Chosen","floor":22,"turns":8},{"damage":116,"enemies":"Gremlin Leader","floor":24,"turns":9},{"damage":63,"enemies":"Chosen and Byrds","floor":27,"turns":8},{"damage":74,"enemies":"Slavers","floor":28,"turns":5},{"damage":69,"enemies":"Sentry and Sphere","floor":29,"turns":7},{"damage":118,"enemies":"Champ","floor":33,"turns":15},{"damage":40,"enemies":"Orb Walker","floor":35,"turns":4},{"damage":60,"enemies":"3 Darklings","floor":36,"turns":4},{"damage":22,"enemies":"4 Shapes","floor":38,"turns":3},{"damage":269,"enemies":"Giant Head","floor":40,"turns":12}],"seed_played":"-7653701779157893141","potions_obtained":[{"floor":1,"key":"Weak Potion"},{"floor":4,"key":"DuplicationPotion"},{"floor":20,"key":"EntropicBrew"},{"floor":20,"key":"Venom Potion"},{"floor":20,"key":"LifebloodPotion"},{"floor":21,"key":"AttackPotion"},{"floor":28,"key":"FearPotion"},{"floor":29,"key":"Fire Potion"},{"floor":33,"key":"LiquidBronze"}],"is_trial":false,"path_per_floor":["M","?","?","M","$","R","$","R","T","R","M","E","?","?","R","B",null,"M","$","?","M","M","R","E","R","T","M","E","M","?","?","R","B",null,"M","M","?","M","$","E"],"character_chosen":"DOCTOR_CLASS","items_purchased":["Pen Nib","ats:Healing Strengthening","ats:Charging Defense","Orrery"],"campfire_rested":0,"item_purchase_floors":[5,19,19,19],"current_hp_per_floor":[67,55,55,49,49,49,49,49,49,49,49,41,41,41,41,11,82,64,64,64,82,82,82,82,82,82,82,67,82,82,82,82,82,82,82,82,82,82,82,0,0],"gold":233,"neow_bonus":"RANDOM_COMMON_RELIC","is_daily":false,"chose_seed":false,"campfire_upgraded":6,"win_rate":0.0,"timestamp":1609528062,"path_taken":["M","?","?","M","$","R","$","R","T","R","?","E","?","?","R","BOSS","M","$","?","M","M","R","E","R","T","M","E","M","?","?","R","BOSS","M","?","?","M","$","E"],"items_purchased_type":["Relic","Card","Card","Relic"],"build_version":"2020-12-22","purchased_purges":1,"victory":false,"max_hp_per_floor":[72,72,72,72,72,72,72,72,72,72,72,82,82,82,82,82,82,82,82,82,82,82,82,82,82,82,82,82,82,82,82,82,82,82,82,82,82,82,82,82,82],"card_choices":[{"not_picked":["ats:Part Time Job","ats:Revitalization"],"picked":"ats:Composite Medical Shells","floor":1},{"not_picked":["ats:Shadow Raid","ats:Flame Of Heaven"],"picked":"ats:Shell Defense","floor":4},{"not_picked":["ats:Sword Rain","ats:Demon Strength"],"picked":"ats:Shadow Raid","floor":11},{"not_picked":["ats:Flexible Camouflage","ats:Spore Proliferation"],"picked":"ats:Poison Spread","floor":12},{"not_picked":["ats:Fractured Body","ats:Disruption Kick","Hyperbeam"],"picked":"ats:Dogmatic Field","floor":16},{"not_picked":["ats:Powerful Strike+1","ats:Sunburst+1","ats:Explosion Area Strengthen"],"picked":"Conserve Battery","floor":18},{"not_picked":["ats:Nebulous Foxfire","ats:Hammer On+1","ats:Childhood Dance"],"picked":"Self Repair","floor":19},{"not_picked":["ats:Charging Defense","ats:Consecutive Shot Auto","Darkness"],"picked":"ats:Revitalization","floor":19},{"not_picked":["ats:Cat Scratch","ats:Shadow Raid","ReplayTheSpireMod:Repulse"],"picked":"ats:Magnetic Hammer+1","floor":19},{"not_picked":["ats:Encircling Forest+1","ats:Mental Burst","Compile Driver"],"picked":"ats:Childhood Dance","floor":21},{"not_picked":["ats:Poison Spread","ats:Fractured Body","Steam"],"picked":"ats:Assault Order","floor":22},{"not_picked":["ats:Beaten Up","ats:True Silver Slash","Stack"],"picked":"ats:Apocalypse","floor":24},{"not_picked":["ats:Encircling Forest","ats:Spore Proliferation","ats:Ignite","Storm"],"picked":"SKIP","floor":27},{"not_picked":["ats:Ignite","ats:Part Time Job","Tempest"],"picked":"ats:Shell Defense","floor":28},{"not_picked":["ats:Rapid Magazine","ats:Leaping Hammer+1","ats:Flexible Camouflage"],"picked":"Skim","floor":29},{"not_picked":["ats:Nebulous Foxfire","ats:Dogmatic Field","ReplayTheSpireMod:Omega Cannon"],"picked":"ats:Calcification","floor":33},{"not_picked":["ats:Powerful Strike","ats:Explosion Area Strengthen+1","Compile Driver"],"picked":"ats:Apocalypse+1","floor":35},{"not_picked":["ats:Mental Burst","ats:Cat Scratch","ats:Poison Spread","ReplayTheSpireMod:Reroute Power"],"picked":"SKIP","floor":36},{"not_picked":["ats:Defend Order+1","ats:Explosion Area Strengthen","hubris:PowerSurge"],"picked":"ats:Apocalypse","floor":38}],"player_experience":405235,"relics_obtained":[{"floor":12,"key":"ats:Originium"},{"floor":12,"key":"Pear"},{"floor":24,"key":"ats:Originium"},{"floor":24,"key":"Potion Belt"},{"floor":26,"key":"ats:Spiritual Recovery"},{"floor":28,"key":"ats:Originium"},{"floor":28,"key":"Replay:Accelerometer"}],"event_choices":[{"damage_healed":0,"gold_gain":0,"player_choice":"Success","damage_taken":12,"relics_obtained":["ats:Hidden Killer"],"max_hp_gain":0,"max_hp_loss":0,"event_name":"Scrap Ooze","floor":2,"gold_loss":0},{"damage_healed":0,"gold_gain":0,"player_choice":"Rummage","damage_taken":0,"relics_obtained":["WarpedTongs"],"max_hp_gain":0,"max_hp_loss":0,"event_name":"Accursed Blacksmith","floor":3,"gold_loss":0,"cards_obtained":["Pain"]},{"damage_healed":0,"gold_gain":175,"player_choice":"AGREE","damage_taken":0,"max_hp_gain":0,"max_hp_loss":0,"event_name":"Liars Game","floor":14,"gold_loss":0,"cards_obtained":["Doubt"]},{"damage_healed":0,"gold_gain":0,"player_choice":"Got Potions","damage_taken":0,"max_hp_gain":0,"max_hp_loss":0,"event_name":"Lab","floor":20,"gold_loss":0},{"cards_removed":["ats:Strike V"],"damage_healed":0,"gold_gain":0,"player_choice":"Purged","damage_taken":0,"max_hp_gain":0,"max_hp_loss":0,"event_name":"Purifier","floor":30,"gold_loss":0},{"cards_removed":["ats:Strike C"],"damage_healed":0,"gold_gain":0,"player_choice":"Upgrade and Remove","damage_taken":0,"max_hp_gain":0,"max_hp_loss":0,"event_name":"Designer","floor":31,"gold_loss":90,"cards_upgraded":["ats:Defend"]},{"damage_healed":0,"gold_gain":0,"player_choice":"0 cards matched","damage_taken":0,"max_hp_gain":0,"max_hp_loss":0,"event_name":"Match and Keep!","floor":37,"gold_loss":0,"cards_obtained":[]}],"is_beta":false,"boss_relics":[{"not_picked":["Astrolabe","Honey Jar"],"picked":"Empty Cage"},{"not_picked":["hubris:GrandSneckoEye","AddBug"],"picked":"Sozu"}],"items_purged_floors":[39],"is_endless":false,"potions_floor_spawned":[1,4,21,28,29,33],"killed_by":"Giant Head","ascension_level":0}}