{"host":"vs449n3fto5g3ggm","time":1609467352,"event":{"mods":["BaseMod","Better Note","Better Third Choice","Better Vampires","Hermit","Highlight Path","JesterMod","Minty Spire (QoL Compilation)","Rare Cards Sparkle","Relic Stats","Robot Space Explorer","Somnambulant","Spicy Shops","StSLib","The Blackbeard","The Cursed","The Disciple","The Dragon Tamer","The Hierophant","The Servant 0.9.4","The Witch","TheFirefly"],"gold_per_floor":[115,126,126,61,61,61,89,89,112,27,38,38,49,60,60,165,165,179,89,14,29,29,29,29,29,77,106,122,140,158,2,2,2,2],"floor_reached":33,"playtime":2019,"items_purged":["somnambulantmod: Defend_Somnambulant"],"score":290,"play_id":"9cecbe11-f28f-4996-ab79-0ca7abe319bf","local_time":"20201231181552","is_ascension_mode":false,"campfire_choices":[{"data":"1","floor":6,"key":"LIFT"},{"floor":8,"key":"REST"},{"data":"2","floor":12,"key":"LIFT"},{"floor":15,"key":"REST"},{"floor":23,"key":"REST"},{"floor":25,"key":"REST"},{"floor":32,"key":"REST"}],"circlet_count":0,"master_deck":["somnambulantmod: Defend_Somnambulant","somnambulantmod: Defend_Somnambulant+1","somnambulantmod: Defend_Somnambulant+1","somnambulantmod: Defend_Somnambulant+1","somnambulantmod: QuickNap","somnambulantmod: PrimingPunch+1","somnambulantmod: Blink","somnambulantmod: Repression","somnambulantmod: Inspiration","somnambulantmod: Remember","somnambulantmod: Harden","somnambulantmod: MuscleMemory+1","somnambulantmod: Trauma","somnambulantmod: GalaxyBrain","somnambulantmod: MindWave","somnambulantmod: Unmake","Bite","Bite","Bite","Bite","somnambulantmod: Bruise+1","somnambulantmod: RacingThoughts+1","somnambulantmod: Pinch"],"relics":["somnambulantmod: DreamJournal","Girya","CaptainsWheel","Bag of Marbles","Philosopher\u0027s Stone","Ancient Tea Set","Vajra","Orichalcum"],"acts_visited":["Exordium","TheCity"],"potions_floor_usage":[18,21,21,28,33],"damage_taken":[{"damage":5,"enemies":"2 Louse","floor":1,"turns":3},{"damage":9,"enemies":"Cultist","floor":2,"turns":4},{"damage":21,"enemies":"3 Sentries","floor":7,"turns":8},{"damage":1,"enemies":"Jaw Worm","floor":11,"turns":3},{"damage":7,"enemies":"Gremlin Gang","floor":13,"turns":3},{"damage":0,"enemies":"3 Louse","floor":14,"turns":3},{"damage":45,"enemies":"The Guardian","floor":16,"turns":9},{"damage":16,"enemies":"3 Byrds","floor":18,"turns":6},{"damage":0,"enemies":"Chosen","floor":21,"turns":4},{"damage":65,"enemies":"Slavers","floor":27,"turns":8},{"damage":10,"enemies":"Shelled Parasite and Fungi","floor":28,"turns":4},{"damage":0,"enemies":"3 Cultists","floor":29,"turns":3},{"damage":17,"enemies":"Centurion and Healer","floor":30,"turns":4},{"damage":57,"enemies":"Champ","floor":33,"turns":7}],"seed_played":"480005637799720084","potions_obtained":[{"floor":2,"key":"EssenceOfSteel"},{"floor":13,"key":"DuplicationPotion"},{"floor":14,"key":"ColorlessPotion"},{"floor":18,"key":"EssenceOfSteel"},{"floor":27,"key":"DistilledChaos"}],"is_trial":false,"path_per_floor":["M","M","?","$","$","R","E","R","T","$","M","R","M","M","R","B",null,"M","?","$","M","?","R","?","R","T","E","M","M","M","$","R","B"],"character_chosen":"THE_SOMNAMBULANT","items_purchased":["somnambulantmod: Repression","somnambulantmod: Remember","somnambulantmod: Harden","Orichalcum"],"campfire_rested":5,"item_purchase_floors":[4,10,10,31],"current_hp_per_floor":[72,63,63,63,63,63,42,67,67,67,66,66,59,59,81,36,81,65,65,65,65,65,83,63,65,65,12,11,19,8,8,29,0,0],"gold":2,"neow_bonus":"TEN_PERCENT_HP_BONUS","is_daily":false,"chose_seed":false,"campfire_upgraded":0,"win_rate":0.0,"timestamp":1609467352,"path_taken":["M","M","?","?","$","R","E","R","T","$","M","R","M","M","R","BOSS","M","?","$","M","?","R","?","R","T","E","M","M","M","$","R","BOSS"],"items_purchased_type":["Card","Card","Card","Relic"],"build_version":"2020-12-22","purchased_purges":1,"victory":false,"max_hp_per_floor":[77,77,77,77,77,77,77,79,79,79,79,79,79,79,81,81,81,81,81,81,81,81,83,63,65,65,65,65,65,65,65,67,67,67],"relic_stats":{"counters":[14,69],"Orichalcum":[12],"obtain_stats":[{"Girya":3,"CaptainsWheel":7,"Vajra":27,"somnambulantmod: DreamJournal":0,"Philosopher\u0027s Stone":17,"Bag of Marbles":9,"Orichalcum":31,"Ancient Tea Set":26},{"Girya":2,"CaptainsWheel":3,"Vajra":10,"somnambulantmod: DreamJournal":0,"Philosopher\u0027s Stone":7,"Bag of Marbles":3,"Orichalcum":13,"Ancient Tea Set":9},{"Girya":7,"CaptainsWheel":15,"Vajra":51,"somnambulantmod: DreamJournal":0,"Philosopher\u0027s Stone":33,"Bag of Marbles":15,"Orichalcum":62,"Ancient Tea Set":43}]},"card_choices":[{"not_picked":["somnambulantmod: HeadSmack","somnambulantmod: DreamBig"],"picked":"somnambulantmod: Blink","floor":1},{"not_picked":["somnambulantmod: Trauma","somnambulantmod: TimeCompression"],"picked":"somnambulantmod: RecurringDream","floor":2},{"not_picked":["somnambulantmod: RecurringDream","somnambulantmod: SickeningSwathe"],"picked":"somnambulantmod: Inspiration","floor":7},{"not_picked":["somnambulantmod: RecurringDream","somnambulantmod: PillowFort"],"picked":"somnambulantmod: MuscleMemory","floor":11},{"not_picked":["somnambulantmod: TimeCompression","somnambulantmod: SnuggleUp"],"picked":"somnambulantmod: Trauma","floor":13},{"not_picked":["somnambulantmod: UnthoughtKnown","somnambulantmod: SleepingBody","somnambulantmod: DeeperSleep"],"picked":"SKIP","floor":14},{"not_picked":["somnambulantmod: Reinterpret","somnambulantmod: Refracture"],"picked":"somnambulantmod: GalaxyBrain","floor":16},{"not_picked":["somnambulantmod: Unknow+1","somnambulantmod: Hush+1"],"picked":"somnambulantmod: MindWave","floor":18},{"not_picked":["somnambulantmod: HorrificThought","somnambulantmod: BadIdea"],"picked":"somnambulantmod: Unmake","floor":21},{"not_picked":["somnambulantmod: Unmake","somnambulantmod: MuscleMemory+1"],"picked":"somnambulantmod: Bruise","floor":27},{"not_picked":["somnambulantmod: Trauma","somnambulantmod: Inspiration","somnambulantmod: Bloom"],"picked":"SKIP","floor":28},{"not_picked":["somnambulantmod: HorrificThought+1","somnambulantmod: UnthoughtKnown"],"picked":"somnambulantmod: RacingThoughts+1","floor":29},{"not_picked":["somnambulantmod: LeechFears+1","somnambulantmod: Unknow"],"picked":"somnambulantmod: Pinch","floor":30}],"player_experience":165050,"relics_obtained":[{"floor":7,"key":"CaptainsWheel"},{"floor":9,"key":"Bag of Marbles"},{"floor":26,"key":"Ancient Tea Set"},{"floor":27,"key":"Vajra"}],"event_choices":[{"cards_removed":["somnambulantmod: RecurringDream"],"damage_healed":0,"gold_gain":0,"player_choice":"Gave Card","damage_taken":0,"relics_obtained":["Girya"],"max_hp_gain":0,"max_hp_loss":0,"event_name":"WeMeetAgain","floor":3,"gold_loss":0},{"cards_removed":["somnambulantmod: SomnambulantStrike"],"damage_healed":0,"gold_gain":0,"player_choice":"Upgrade and Remove","damage_taken":0,"max_hp_gain":0,"max_hp_loss":0,"event_name":"Designer","floor":19,"gold_loss":90,"cards_upgraded":["somnambulantmod: MuscleMemory"]},{"damage_healed":0,"gold_gain":0,"player_choice":"Ignored","damage_taken":0,"max_hp_gain":0,"max_hp_loss":0,"event_name":"betterNote:BetterNote","floor":22,"gold_loss":0,"cards_obtained":["thefirefly:StealthMode"]},{"damage_healed":0,"gold_gain":0,"player_choice":"Became a vampire","damage_taken":0,"max_hp_gain":0,"max_hp_loss":20,"event_name":"Vampires","floor":24,"gold_loss":0,"cards_obtained":["Bite","Bite","Bite","Bite"]}],"is_beta":false,"boss_relics":[{"not_picked":["Snecko Eye","Cursed Key"],"picked":"Philosopher\u0027s Stone"}],"items_purged_floors":[20],"is_endless":false,"potions_floor_spawned":[2,13,14,18,27],"killed_by":"Champ","ascension_level":0}}