{"host":"ftwnpa9ceeptmrn1","time":1609527967,"event":{"mods":["Aspiration","BaseMod","Colored Map","Colored Powertips","Conspire","Downfall","Hubris","Infinite Spire","Minty Spire (QoL Compilation)","Relic Stats","Replay The Spire","StSLib","Waifu the Spire","vexMod"],"gold_per_floor":[99,109,109,128,141,241,241,241,253,280,23,23,49,83,99,211,211,136,163,163,49,49,49,72,109,137,62,97,131,131,131,131],"floor_reached":30,"playtime":3288,"items_purged":["hexamod:Strike","Shame"],"score":276,"play_id":"d2bb721a-534a-41bc-81c0-101d1336fcde","local_time":"20210101130607","is_ascension_mode":false,"campfire_choices":[{"data":"hexamod:Sear","floor":1,"key":"SMITH"},{"floor":8,"key":"RECALL"},{"floor":12,"key":"REST"},{"data":"hexamod:GhostflameInferno","floor":23,"key":"SMITH"},{"floor":27,"key":"REST"}],"circlet_count":0,"master_deck":["hexamod:Strike","hexamod:Strike","hexamod:Strike","hexamod:Defend+1","hexamod:Defend","hexamod:Defend+1","hexamod:Sear+1","hexamod:Float","hexamod:SpectersWail","hexamod:AdvancingGuard+1","hexamod:ThermalTransfer","hexamod:Firestarter","hexamod:SecondSeal","hexamod:SecondSeal","hexamod:EtherealExpedition+1","hexamod:Incineration","hexamod:Haunt","hexamod:ExtraCrispy","hexamod:ThirdSeal","hexamod:GhostflameInferno+1","hexamod:FifthSeal","hexamod:Rewind","hexamod:SoulSteal+1","hexamod:SecondSeal","hexamod:HexaLevel","hexamod:ExtraCrispy+1","hexamod:SixthSeal","hexamod:BurningTouch","hexamod:FastForward","hexamod:SixthSeal","hexamod:Hexaguard+1","hexamod:AdvancingGuard","hexamod:FirstSeal","hexamod:ShieldOfDarkness+1","hexamod:FirstSeal","hexamod:FastForward","hexamod:FifthSeal"],"relics":["hexamod:SpiritBrand","hubris:Towel","Happy Flower","Mummified Hand","MealTicket","Runic Pyramid","downfall:HeartBlessingRed","Snack Pack","downfall:HeartBlessingBlue"],"acts_visited":["Exordium","TheCity"],"potions_floor_usage":[6,16,30],"damage_taken":[{"damage":0,"enemies":"Cultist","floor":2,"turns":3},{"damage":2,"enemies":"2 Louse","floor":4,"turns":2},{"damage":2,"enemies":"Small Slimes","floor":5,"turns":4},{"damage":24,"enemies":"downfall:LadyInBlue","floor":6,"turns":11},{"damage":10,"enemies":"2 Fungi Beasts","floor":9,"turns":3},{"damage":11,"enemies":"Exordium Thugs","floor":10,"turns":4},{"damage":0,"enemies":"downfall:FleeingMerchant","floor":11,"turns":4},{"damage":2,"enemies":"Red Slaver","floor":13,"turns":3},{"damage":9,"enemies":"Large Slime","floor":14,"turns":8},{"damage":2,"enemies":"3 Louse","floor":15,"turns":3},{"damage":11,"enemies":"downfall:Ironclad","floor":16,"turns":7},{"damage":0,"enemies":"Chosen","floor":19,"turns":3},{"damage":0,"enemies":"downfall:FleeingMerchant","floor":21,"turns":4},{"damage":26,"enemies":"3 Byrds","floor":25,"turns":5},{"damage":13,"enemies":"Cultist and Chosen","floor":26,"turns":4},{"damage":0,"enemies":"Snecko","floor":28,"turns":4},{"damage":35,"enemies":"Sentry and Sphere","floor":29,"turns":9},{"damage":31,"enemies":"Cultist and Chosen","floor":30,"turns":7}],"seed_played":"4621081805946609590","potions_obtained":[{"floor":5,"key":"Fire Potion"},{"floor":6,"key":"LiquidBronze"},{"floor":6,"key":"Weak Potion"},{"floor":6,"key":"FearPotion"},{"floor":9,"key":"Swift Potion"},{"floor":14,"key":"EssenceOfSteel"},{"floor":19,"key":"SmokeBomb"},{"floor":28,"key":"Adrenaline Potion"},{"floor":29,"key":"Energy Potion"}],"is_trial":false,"path_per_floor":["R","M","?","M","M","?","T","R","M","M","$","R","M","M","M","B",null,"R_BF","M","?","$","?","R","T","M","M","R","M","M","M"],"character_chosen":"THE_SPIRIT","items_purchased":["hexamod:Incineration","MealTicket","hexamod:FastForward"],"campfire_rested":2,"item_purchase_floors":[11,11,21],"current_hp_per_floor":[77,77,77,75,73,49,49,49,39,28,28,51,49,40,38,27,77,77,77,77,77,77,77,77,51,38,74,74,46,17,17,17],"gold":131,"neow_bonus":"TEN_PERCENT_HP_BONUS","is_daily":false,"chose_seed":false,"campfire_upgraded":2,"win_rate":0.0,"timestamp":1609527967,"path_taken":["R","M","?","M","M","?","T","R","M","M","$","R","?","M","M","BOSS","R_BF","M","?","$","?","R","T","M","M","R","?","M","M"],"items_purchased_type":["Card","Relic","Card"],"build_version":"2020-12-22","purchased_purges":2,"victory":false,"max_hp_per_floor":[77,77,77,77,77,77,77,77,77,77,77,77,77,77,77,77,77,77,77,77,77,77,77,77,77,77,87,87,87,87,87,87],"relic_stats":{"Happy Flower":[22],"counters":[18,88],"Mummified Hand":[79],"MealTicket":0,"obtain_stats":[{"Happy Flower":6,"downfall:HeartBlessingRed":18,"Mummified Hand":7,"downfall:HeartBlessingBlue":27,"MealTicket":11,"Snack Pack":20,"hubris:Towel":3,"hexamod:SpiritBrand":0,"Runic Pyramid":17},{"Happy Flower":4,"downfall:HeartBlessingRed":11,"Mummified Hand":4,"downfall:HeartBlessingBlue":15,"MealTicket":7,"Snack Pack":12,"hubris:Towel":1,"hexamod:SpiritBrand":0,"Runic Pyramid":11},{"Happy Flower":20,"downfall:HeartBlessingRed":52,"Mummified Hand":20,"downfall:HeartBlessingBlue":68,"MealTicket":31,"Snack Pack":55,"hubris:Towel":3,"hexamod:SpiritBrand":0,"Runic Pyramid":52}]},"card_choices":[{"not_picked":["hexamod:Incineration","hexamod:HauntingEcho"],"picked":"hexamod:SpectersWail","floor":2},{"not_picked":["hexamod:EtherealExpedition","hexamod:StepThrough"],"picked":"hexamod:AdvancingGuard","floor":4},{"not_picked":["hexamod:RainOfEmbers","hexamod:BacktrackSmack"],"picked":"hexamod:ThermalTransfer","floor":5},{"not_picked":["hexamod:FastForward","hexamod:RainOfEmbers"],"picked":"hexamod:Firestarter","floor":6},{"not_picked":["hexamod:EtherealExpedition","hexamod:Haunt"],"picked":"hexamod:SecondSeal","floor":9},{"not_picked":["hexamod:RainOfEmbers","hexamod:BacktrackSmack"],"picked":"hexamod:SecondSeal","floor":10},{"not_picked":["hexamod:HeatMetal","hexamod:NightmareStrike"],"picked":"hexamod:EtherealExpedition","floor":11},{"not_picked":["hexamod:GhostShield","hexamod:AdvancingGuard"],"picked":"hexamod:Haunt","floor":13},{"not_picked":["hexamod:NightmareStrike","hexamod:SwordOfDarkness"],"picked":"hexamod:ExtraCrispy","floor":14},{"not_picked":["hexamod:GhostShield","hexamod:Firestarter"],"picked":"hexamod:ThirdSeal","floor":15},{"not_picked":["hexamod:TurnItUp","hexamod:UnleashSpirits"],"picked":"hexamod:GhostflameInferno","floor":16},{"not_picked":["hexamod:ParanormalForm","hexamod:HexaLevel"],"picked":"hexamod:FifthSeal","floor":16},{"not_picked":["hexamod:GhostShield","hexamod:SkipABeat"],"picked":"hexamod:SoulSteal+1","floor":19},{"not_picked":["hexamod:FourthSeal","hexamod:ThirdSeal"],"picked":"hexamod:SecondSeal","floor":19},{"not_picked":["hexamod:Firestarter","hexamod:ShieldOfDarkness+1"],"picked":"hexamod:HexaLevel","floor":19},{"not_picked":["hexamod:BacktrackSmack+1","hexamod:SpectersWail+1"],"picked":"hexamod:ExtraCrispy+1","floor":21},{"not_picked":["hexamod:FourthSeal","hexamod:FirstSeal"],"picked":"hexamod:SixthSeal","floor":21},{"not_picked":["hexamod:GhostOfSpirePresent","hexamod:ShieldOfDarkness+1"],"picked":"hexamod:BurningTouch","floor":21},{"not_picked":["hexamod:SecondSeal","hexamod:FourthSeal"],"picked":"hexamod:SixthSeal","floor":25},{"not_picked":["hexamod:HeatCrush","hexamod:NightmareStrike"],"picked":"hexamod:Hexaguard","floor":25},{"not_picked":["hexamod:SkipABeat","hexamod:NightmareGuise"],"picked":"hexamod:AdvancingGuard","floor":25},{"not_picked":["hexamod:EtherealExpedition","hexamod:Haunt","hexamod:StepThrough"],"picked":"SKIP","floor":26},{"not_picked":["hexamod:ThirdSeal","hexamod:SecondSeal"],"picked":"hexamod:FirstSeal","floor":28},{"not_picked":["hexamod:SearingWound","hexamod:SpectersWail"],"picked":"hexamod:ShieldOfDarkness+1","floor":28},{"not_picked":["hexamod:SecondSeal","hexamod:SixthSeal"],"picked":"hexamod:FirstSeal","floor":29},{"not_picked":["hexamod:GhostLash+1","hexamod:Firestarter"],"picked":"hexamod:FastForward","floor":29},{"not_picked":["hexamod:BacktrackSmack+1","hexamod:Rewind"],"picked":"hexamod:FifthSeal","floor":29}],"player_experience":227058,"relics_obtained":[{"floor":6,"key":"Happy Flower"},{"floor":7,"key":"Mummified Hand"}],"event_choices":[{"damage_healed":0,"gold_gain":0,"player_choice":"Stole Relic","damage_taken":0,"relics_obtained":["Snack Pack"],"max_hp_gain":0,"max_hp_loss":0,"event_name":"Addict","floor":20,"gold_loss":0,"cards_obtained":["Shame"]}],"is_beta":false,"boss_relics":[{"not_picked":["hubris:CrackedHourglass","Empty Cage"],"picked":"Runic Pyramid"}],"items_purged_floors":[11,21],"is_endless":false,"potions_floor_spawned":[5,9,10,14,19,28,29],"killed_by":"Cultist and Chosen","ascension_level":0}}