{"host":"9kewg1uyt0mdi15p","time":1609528893,"event":{"mods":["AchievementEnabler","BaseMod","Bestiary","Better Match","Better Note","Colored Powertips","Hermit","Highlight Path","Minty Spire (QoL Compilation)","Quick Restart","Rare Cards Sparkle","StSLib","slay the spire mod where everything is the same but ironclad has a cowboy hat"],"gold_per_floor":[110,125,136,136,136,166,166,166,166,58,93,107,120,170,170,294,294,313,89,109,199,5,5,5,49,49,65,109,109,109,129,129,257,257,273,323,338,102,152,152,167,167,193,218,284,25,0,13,13,13,13],"floor_reached":50,"playtime":7437,"items_purged":["Injury"],"score":555,"play_id":"f4e1bb57-0e34-46bd-b998-e46a34664050","local_time":"20210101172133","is_ascension_mode":false,"campfire_choices":[{"floor":8.0,"key":"REST"},{"data":"Double Energy","floor":15.0,"key":"SMITH"},{"data":"Loop","floor":29.0,"key":"SMITH"},{"data":"Barrage","floor":32.0,"key":"SMITH"},{"data":"Blind","floor":40,"key":"SMITH"},{"data":"Stack","floor":42,"key":"SMITH"},{"data":"Static Discharge","floor":49,"key":"SMITH"}],"circlet_count":0,"master_deck":["Strike_B+1","Strike_B","Strike_B","Strike_B","Defend_B+1","Defend_B+1","Defend_B","Defend_B","Zap","Dualcast","Leap","Double Energy+1","Sweeping Beam","Aggregate+1","Melter+1","Hello World","Self Repair","Electrodynamics","Stack+1","Machine Learning","Redo+1","Barrage+1","Conserve Battery","Loop+1","Auto Shields","Bandage Up","The Bomb","Glacier","Chaos","Ball Lightning+1","Ball Lightning","Machine Learning","Static Discharge+1","Streamline+1","Blind+1","Blizzard","Parasite"],"relics":["Cracked Core","Bag of Preparation","Kunai","Anchor","Golden Idol","Centennial Puzzle","Odd Mushroom","Lantern","Busted Crown","Gremlin Horn","Peace Pipe","White Beast Statue","SsserpentHead","Nuclear Battery","Orichalcum","Whetstone","HornCleat","Red Mask"],"acts_visited":["Exordium","TheCity","TheBeyond"],"potions_floor_usage":[41,45,45,45,50,50],"damage_taken":[{"damage":1.0,"enemies":"Cultist","floor":1.0,"turns":3.0},{"damage":0.0,"enemies":"Small Slimes","floor":2.0,"turns":3.0},{"damage":2.0,"enemies":"Jaw Worm","floor":3.0,"turns":2.0},{"damage":12.0,"enemies":"3 Sentries","floor":6.0,"turns":7.0},{"damage":12.0,"enemies":"The Mushroom Lair","floor":11.0,"turns":3.0},{"damage":1.0,"enemies":"Looter","floor":12.0,"turns":3.0},{"damage":13.0,"enemies":"3 Louse","floor":13.0,"turns":3.0},{"damage":39.0,"enemies":"Hexaghost","floor":16.0,"turns":13.0},{"damage":3.0,"enemies":"Shell Parasite","floor":18.0,"turns":4.0},{"damage":5.0,"enemies":"Spheric Guardian","floor":20.0,"turns":4.0},{"damage":8.0,"enemies":"Slavers","floor":25.0,"turns":3.0},{"damage":4.0,"enemies":"Cultist and Chosen","floor":27.0,"turns":8.0},{"damage":9.0,"enemies":"Gremlin Leader","floor":28.0,"turns":6.0},{"damage":12.0,"enemies":"Snake Plant","floor":31.0,"turns":4.0},{"damage":40.0,"enemies":"Champ","floor":33.0,"turns":11.0},{"damage":20.0,"enemies":"3 Shapes","floor":35.0,"turns":4.0},{"damage":12.0,"enemies":"3 Darklings","floor":37.0,"turns":5.0},{"damage":4,"enemies":"Spire Growth","floor":41,"turns":5},{"damage":18,"enemies":"Jaw Worm Horde","floor":44,"turns":3},{"damage":3,"enemies":"Writhing Mass","floor":45,"turns":6},{"damage":0,"enemies":"3 Darklings","floor":48,"turns":4},{"damage":84,"enemies":"Time Eater","floor":50,"turns":8}],"seed_played":"-5774126697573516311","potions_obtained":[{"floor":2.0,"key":"DuplicationPotion"},{"floor":6.0,"key":"DuplicationPotion"},{"floor":12.0,"key":"LiquidBronze"},{"floor":28.0,"key":"Energy Potion"},{"floor":31.0,"key":"Regen Potion"},{"floor":33.0,"key":"Energy Potion"},{"floor":35.0,"key":"Ancient Potion"},{"floor":37.0,"key":"Energy Potion"},{"floor":41,"key":"EntropicBrew"}],"is_trial":false,"path_per_floor":["M","M","M","?","?","E","?","R","T","$","?","M","M","T","R","B",null,"M","$","M","?","$","?","?","E","T","M","E","R","?","M","R","B",null,"M","?","M","$","?","R","M","R","T","M","M","$","?","M","R","B"],"character_chosen":"DEFECT","items_purchased":["Melter","Hello World","Barrage","Conserve Battery","Loop","The Bomb","Orichalcum","Blind","HornCleat"],"campfire_rested":1,"item_purchase_floors":[10,10,19,19,19,22,38,38,46],"current_hp_per_floor":[74,74,72,57,54,42,42,64,64,64,52,58,52,52,52,13,75,75,75,75,57,57,57,57,56,56,63,65,65,65,64,64,43,75,66,66,65,65,65,65,72,72,72,64,72,72,72,75,75,0,0],"gold":13,"neow_bonus":"RANDOM_COMMON_RELIC","is_daily":false,"chose_seed":false,"campfire_upgraded":6,"win_rate":0.0,"timestamp":1609528893,"path_taken":["M","M","?","?","?","E","?","R","T","$","?","?","M","?","R","BOSS","M","$","M","?","$","?","?","E","T","M","E","R","?","M","R","BOSS","M","?","M","$","?","R","M","R","T","M","?","$","?","M","R","BOSS"],"items_purchased_type":["Card","Card","Card","Card","Card","Card","Relic","Card","Relic"],"build_version":"2020-12-22","purchased_purges":1,"victory":false,"max_hp_per_floor":[75,75,75,75,75,75,75,75,75,75,75,75,75,75,75,75,75,75,75,75,75,75,75,75,75,75,75,75,75,75,75,75,75,75,75,75,75,75,75,75,75,75,75,75,75,75,75,75,75,75,75],"card_choices":[{"not_picked":["Rebound","Reinforced Body"],"picked":"Leap","floor":1.0},{"not_picked":["Doom and Gloom","Tempest"],"picked":"Double Energy","floor":2.0},{"not_picked":["Leap","BootSequence"],"picked":"Sweeping Beam","floor":3.0},{"not_picked":["Ball Lightning","Fusion"],"picked":"Aggregate","floor":6.0},{"not_picked":["Steam","Stack"],"picked":"Self Repair","floor":11.0},{"not_picked":["Rebound","Go for the Eyes"],"picked":"Electrodynamics","floor":12.0},{"not_picked":["Coolheaded","Skim"],"picked":"Stack","floor":13.0},{"not_picked":["Thunder Strike","Meteor Strike"],"picked":"Machine Learning","floor":16.0},{"not_picked":[],"picked":"Redo+1","floor":18.0},{"not_picked":[],"picked":"Auto Shields","floor":20.0},{"not_picked":[],"picked":"Glacier","floor":25.0},{"not_picked":[],"picked":"Chaos","floor":27.0},{"not_picked":[],"picked":"Ball Lightning+1","floor":28.0},{"not_picked":[],"picked":"Ball Lightning","floor":31.0},{"not_picked":[],"picked":"Machine Learning","floor":33.0},{"not_picked":[],"picked":"Static Discharge","floor":35.0},{"not_picked":[],"picked":"Streamline+1","floor":37.0},{"not_picked":[],"picked":"Blizzard","floor":41},{"not_picked":["Turbo"],"picked":"SKIP","floor":44},{"not_picked":["Aggregate"],"picked":"SKIP","floor":45},{"not_picked":["Turbo+1"],"picked":"SKIP","floor":48}],"player_experience":192441,"relics_obtained":[{"floor":6.0,"key":"Anchor"},{"floor":9.0,"key":"Centennial Puzzle"},{"floor":11.0,"key":"Odd Mushroom"},{"floor":14.0,"key":"Lantern"},{"floor":25.0,"key":"Gremlin Horn"},{"floor":26.0,"key":"Peace Pipe"},{"floor":28.0,"key":"White Beast Statue"},{"floor":43,"key":"Whetstone"}],"event_choices":[{"damage_healed":0.0,"max_hp_gain":0.0,"max_hp_loss":0.0,"gold_gain":0.0,"event_name":"Shining Light","player_choice":"Entered Light","floor":4.0,"gold_loss":0.0,"damage_taken":15.0,"cards_upgraded":["Defend_B","Defend_B"]},{"damage_healed":0.0,"max_hp_gain":0.0,"max_hp_loss":0.0,"gold_gain":0.0,"event_name":"Scrap Ooze","player_choice":"Success","floor":5.0,"gold_loss":0.0,"damage_taken":3.0,"relics_obtained":["Kunai"]},{"damage_healed":0.0,"max_hp_gain":0.0,"max_hp_loss":0.0,"gold_gain":0.0,"event_name":"Golden Idol","player_choice":"Take Wound","floor":7.0,"gold_loss":0.0,"damage_taken":0.0,"relics_obtained":["Golden Idol"],"cards_obtained":["Injury"]},{"damage_healed":0.0,"max_hp_gain":0.0,"max_hp_loss":0.0,"gold_gain":0.0,"event_name":"Mushrooms","player_choice":"Fought Mushrooms","floor":11.0,"gold_loss":0.0,"damage_taken":0.0},{"damage_healed":0.0,"max_hp_gain":0.0,"max_hp_loss":0.0,"gold_gain":90.0,"event_name":"Knowing Skull","player_choice":"CARD GOLD ","floor":21.0,"potions_obtained":[],"gold_loss":0.0,"damage_taken":18.0,"cards_obtained":["Bandage Up"]},{"damage_healed":0.0,"max_hp_gain":0.0,"max_hp_loss":0.0,"gold_gain":0.0,"event_name":"Transmorgrifier","player_choice":"Ignored","floor":23.0,"gold_loss":0.0,"damage_taken":0.0},{"damage_healed":0.0,"max_hp_gain":0.0,"max_hp_loss":0.0,"gold_gain":0.0,"event_name":"Upgrade Shrine","player_choice":"Upgraded","floor":24.0,"gold_loss":0.0,"damage_taken":0.0,"cards_upgraded":["Aggregate"]},{"damage_healed":0.0,"max_hp_gain":0.0,"max_hp_loss":0.0,"gold_gain":0.0,"event_name":"FaceTrader","player_choice":"Trade","floor":30.0,"gold_loss":0.0,"damage_taken":0.0,"relics_obtained":["SsserpentHead"]},{"damage_healed":0.0,"max_hp_gain":0.0,"max_hp_loss":0.0,"gold_gain":0.0,"event_name":"Mysterious Sphere","player_choice":"Ignored","floor":36.0,"gold_loss":0.0,"damage_taken":0.0},{"damage_healed":0,"gold_gain":0,"player_choice":"Ignored","damage_taken":0,"max_hp_gain":0,"max_hp_loss":0,"event_name":"Transmorgrifier","floor":39,"gold_loss":0},{"damage_healed":0,"gold_gain":0,"player_choice":"Paid","damage_taken":0,"relics_obtained":["Red Mask"],"max_hp_gain":0,"max_hp_loss":0,"event_name":"Tomb of Lord Red Mask","floor":47,"gold_loss":75}],"is_beta":false,"boss_relics":[{"not_picked":["Pandora\u0027s Box","Runic Pyramid"],"picked":"Busted Crown"},{"not_picked":["Inserter","Cursed Key"],"picked":"Nuclear Battery"}],"items_purged_floors":[19],"is_endless":false,"potions_floor_spawned":[2,6,12,20,28,31,33,35,37,41,44,45,48],"killed_by":"Time Eater","ascension_level":0}}