{"host":"cd9ii0p4lcq6b7m2","time":1609467844,"event":{"mods":["BaseMod","Block Reminder","Colored Map","Highlight Path","Minty Spire (QoL Compilation)"],"gold_per_floor":[116,130,130,29,50,50,85,85,167,167,201,201,222,253,253,379,379,399,399,123,137,137,137,137,173,173,196,217,217,217,142,142,142,142],"floor_reached":33,"playtime":2191,"items_purged":["Injury","Defend_B"],"score":316,"play_id":"bd851889-42f3-450f-9902-b50466379117","local_time":"20210101022404","daily_mods":["Green Cards"],"is_ascension_mode":true,"campfire_choices":[{"data":"Poisoned Stab","floor":6,"key":"SMITH"},{"data":"Noxious Fumes","floor":8,"key":"SMITH"},{"data":"Zap","floor":12,"key":"SMITH"},{"floor":15,"key":"REST"},{"data":"Storm","floor":24,"key":"SMITH"},{"floor":30,"key":"REST"},{"data":"Terror","floor":32,"key":"SMITH"}],"circlet_count":0,"master_deck":["Strike_B","Strike_B","Strike_B","Strike_B","Defend_B","Defend_B","Zap+1","Dualcast","Cold Snap","Go for the Eyes+1","Deflect","Poisoned Stab+1","Noxious Fumes+1","Terror+1","Machine Learning","Backflip+1","Storm+1","Capacitor","Chaos+1"],"relics":["FrozenCore","Golden Idol","Tiny Chest","White Beast Statue","Dream Catcher","StrikeDummy","Letter Opener","Molten Egg 2","DataDisk"],"acts_visited":["Exordium","TheCity"],"potions_floor_usage":[7,14,16,16,16,21,23,28,29,33],"damage_taken":[{"damage":0,"enemies":"Small Slimes","floor":1,"turns":2},{"damage":1,"enemies":"Jaw Worm","floor":2,"turns":3},{"damage":0,"enemies":"Cultist","floor":5,"turns":3},{"damage":19,"enemies":"Gremlin Nob","floor":7,"turns":4},{"damage":7,"enemies":"Lagavulin","floor":11,"turns":6},{"damage":14,"enemies":"Gremlin Gang","floor":13,"turns":4},{"damage":16,"enemies":"Gremlin Nob","floor":14,"turns":4},{"damage":4,"enemies":"Hexaghost","floor":16,"turns":7},{"damage":4,"enemies":"Chosen","floor":18,"turns":5},{"damage":6,"enemies":"Spheric Guardian","floor":21,"turns":6},{"damage":31,"enemies":"Slavers","floor":23,"turns":3},{"damage":35,"enemies":"Book of Stabbing","floor":25,"turns":6},{"damage":12,"enemies":"Cultist and Chosen","floor":28,"turns":5},{"damage":0,"enemies":"Sentry and Sphere","floor":29,"turns":1},{"damage":43,"enemies":"Automaton","floor":33,"turns":6}],"seed_played":"-5157604720866892852","potions_obtained":[{"floor":2,"key":"ColorlessPotion"},{"floor":5,"key":"SmokeBomb"},{"floor":11,"key":"Strength Potion"},{"floor":13,"key":"Fire Potion"},{"floor":14,"key":"SpeedPotion"},{"floor":16,"key":"Fruit Juice"},{"floor":18,"key":"PowerPotion"},{"floor":21,"key":"SmokeBomb"},{"floor":25,"key":"PowerPotion"},{"floor":28,"key":"EssenceOfSteel"}],"is_trial":true,"path_per_floor":["M","M","?","$","M","R","E","R","T","?","E","R","M","E","R","B",null,"M","?","$","M","?","E","R","E","T","T","M","M","R","?","R","B"],"character_chosen":"DEFECT","items_purchased":["Deflect","Capacitor","FairyPotion"],"campfire_rested":2,"item_purchase_floors":[4,20,20],"current_hp_per_floor":[75,74,74,74,74,74,55,55,55,55,48,48,34,18,40,41,80,76,76,76,70,70,39,39,4,4,4,19,19,43,43,43,0,0],"gold":142,"neow_bonus":"","is_daily":false,"chose_seed":false,"campfire_upgraded":5,"win_rate":0.0,"timestamp":1609467844,"path_taken":["M","M","?","$","M","R","E","R","T","?","E","R","M","E","R","BOSS","M","?","$","M","?","E","R","E","T","?","M","M","R","?","R","BOSS"],"items_purchased_type":["Card","Card","Potion"],"build_version":"2020-12-22","purchased_purges":2,"victory":false,"max_hp_per_floor":[75,75,75,75,75,75,75,75,75,75,75,75,75,75,75,80,80,80,80,80,80,80,80,80,80,80,80,80,80,80,80,80,80,80],"card_choices":[{"not_picked":["Steam","Compile Driver"],"picked":"Cold Snap","floor":1},{"not_picked":["Redo","Stack"],"picked":"Go for the Eyes","floor":2},{"not_picked":["PiercingWail","Defragment"],"picked":"Poisoned Stab","floor":5},{"not_picked":["Distraction","Rebound"],"picked":"Noxious Fumes","floor":7},{"not_picked":["Go for the Eyes","Beam Cell"],"picked":"Terror","floor":11},{"not_picked":["Force Field","Cloak And Dagger","Rebound"],"picked":"SKIP","floor":13},{"not_picked":["Biased Cognition","Steam","Compile Driver"],"picked":"SKIP","floor":14},{"not_picked":["Fission","Buffer"],"picked":"Machine Learning","floor":16},{"not_picked":["Recycle","Acrobatics"],"picked":"Backflip+1","floor":18},{"not_picked":["Blade Dance+1","Quick Slash","Conserve Battery"],"picked":"SKIP","floor":21},{"not_picked":["Gash","Capacitor+1"],"picked":"Chaos+1","floor":25},{"not_picked":["Double Energy","Setup","Beam Cell+1"],"picked":"SKIP","floor":28}],"player_experience":162746,"relics_obtained":[{"floor":7,"key":"Tiny Chest"},{"floor":9,"key":"White Beast Statue"},{"floor":11,"key":"Dream Catcher"},{"floor":14,"key":"StrikeDummy"},{"floor":25,"key":"Letter Opener"},{"floor":26,"key":"Molten Egg 2"},{"floor":27,"key":"DataDisk"}],"event_choices":[{"damage_healed":0,"gold_gain":0,"player_choice":"Take Wound","damage_taken":0,"relics_obtained":["Golden Idol"],"max_hp_gain":0,"max_hp_loss":0,"event_name":"Golden Idol","floor":3,"gold_loss":0,"cards_obtained":["Injury"]},{"damage_healed":0,"gold_gain":0,"player_choice":"Grow","damage_taken":0,"max_hp_gain":0,"max_hp_loss":0,"event_name":"Living Wall","floor":10,"gold_loss":0,"cards_upgraded":["Go for the Eyes"]},{"damage_healed":0,"gold_gain":0,"player_choice":"Read","damage_taken":0,"max_hp_gain":0,"max_hp_loss":0,"event_name":"The Library","floor":19,"gold_loss":0,"cards_obtained":["Storm"]},{"damage_healed":0,"gold_gain":0,"player_choice":"Ignored","damage_taken":0,"max_hp_gain":0,"max_hp_loss":0,"event_name":"Vampires","floor":22,"gold_loss":0},{"cards_removed":["Defend_B"],"damage_healed":0,"gold_gain":0,"player_choice":"Gave Gold","damage_taken":0,"max_hp_gain":0,"max_hp_loss":0,"event_name":"Beggar","floor":31,"gold_loss":75}],"is_beta":false,"boss_relics":[{"not_picked":["Ectoplasm","Fusion Hammer"],"picked":"FrozenCore"}],"items_purged_floors":[4,20],"is_endless":false,"potions_floor_spawned":[2,5,11,13,14,16,18,21,23,25,28,29],"killed_by":"Automaton","ascension_level":1}}