{"host":"3vgzk5mhz751jdrj","time":1609495685,"event":{"mods":["2.2 Compatiblity","AchievementEnabler","Act Like it!","Aspiration","BaseMod","Better Match","Better Note","Better Sensory Stone","Better Skull","Better Third Choice","Block Reminder","Colored Map","Conspire","Displayed Cursed Tome","Downfall","Downfall-Rebalance","Friendly Minions","GifTheSpireLib","Halation","Hubris","Marked Mod","Mimic Mod","Minty Spire (QoL Compilation)","Quick Restart","Rare Cards Sparkle","Replay The Spire","Reworked Bosses","Shop Mod","Spicy Shops","Spikes Relics","StSLib","Stuff the Spire","The Marked","Trackpad","vexMod"],"gold_per_floor":[212,226,226,238,257,257,195,195,234,266,286,286,286,320,320,425,425,438,438,326,351,380,380,380,65,95,148,148,148,148],"floor_reached":29,"playtime":1184,"items_purged":[],"score":231,"play_id":"3918043e-2e28-4a95-b408-29b3c7daf6d7","local_time":"20210101050805","is_ascension_mode":false,"campfire_choices":[{"data":"theMarked:Opportunist","floor":8,"key":"SMITH"},{"floor":13,"key":"REST"},{"floor":15,"key":"REST"},{"floor":23,"key":"REST"}],"circlet_count":0,"master_deck":["theMarked:Strike","theMarked:Strike","theMarked:Strike","theMarked:Strike","theMarked:Defend","theMarked:Defend","theMarked:Defend","theMarked:SoldierOfQuellstein","theMarked:RogueSparks+1","theMarked:EmpowerWeapon","theMarked:Opportunist+1","theMarked:ChainLightning","theMarked:EmpowerWeapon","theMarked:AttractMetal","theMarked:Aftermath","theMarked:UnarmedFury","theMarked:EternalStudent","theMarked:Parry+1","theMarked:ComboAttacks"],"relics":["theMarked:ArtifactOfAir","Guardian:PocketSentry","aspiration:DSix","CeramicFish","CultistMask","MerchantsRug","Bottled Flame","Omamori"],"acts_visited":["Exordium","TheCity"],"potions_floor_usage":[16,29,29],"damage_taken":[{"damage":0,"enemies":"2 Louse","floor":1,"turns":3},{"damage":0,"enemies":"Cultist","floor":2,"turns":3},{"damage":6,"enemies":"Jaw Worm","floor":4,"turns":3},{"damage":8,"enemies":"Red Slaver","floor":5,"turns":3},{"damage":0,"enemies":"Lots of Slimes","floor":9,"turns":5},{"damage":19,"enemies":"Gremlin Nob","floor":10,"turns":4},{"damage":11,"enemies":"Lots of Slimes","floor":11,"turns":4},{"damage":18,"enemies":"3 Sentries","floor":14,"turns":5},{"damage":22,"enemies":"The Guardian","floor":16,"turns":7},{"damage":18,"enemies":"3 Byrds","floor":18,"turns":4},{"damage":1,"enemies":"Chosen","floor":21,"turns":3},{"damage":26,"enemies":"Snake Plant","floor":22,"turns":4},{"damage":5,"enemies":"Centurion and Healer","floor":26,"turns":6},{"damage":27,"enemies":"Book of Stabbing","floor":29,"turns":3}],"seed_played":"-3219720927620363785","potions_obtained":[{"floor":2,"key":"DistilledChaos"},{"floor":14,"key":"SkillPotion"},{"floor":27,"key":"DuplicationPotion"},{"floor":27,"key":"Energy Potion"}],"is_trial":false,"path_per_floor":["M","M","?","M","M","?","$","R","MIM","E","M","?","R","E","R","B",null,"M","?","$","M","M","R","?","$","MIM","?","?","E"],"character_chosen":"THE_DEFAULT","items_purchased":["theMarked:ChainLightning","trackpad:BiPhaseBiplane","MerchantsRug","theMarked:ComboAttacks","Bottled Flame"],"campfire_rested":3,"item_purchase_floors":[7,20,20,25,25],"current_hp_per_floor":[70,70,70,64,56,56,56,56,56,37,26,19,40,22,43,21,70,52,52,52,51,25,46,46,46,41,24,24,0,0],"gold":148,"neow_bonus":"HUNDRED_GOLD","is_daily":false,"chose_seed":false,"campfire_upgraded":1,"win_rate":0.0,"timestamp":1609495685,"path_taken":["M","M","?","M","?","?","$","R","MIM","E","?","?","R","E","R","BOSS","M","?","$","M","?","R","?","$","MIM","?","?","E"],"items_purchased_type":["Card","Relic","Relic","Card","Relic"],"build_version":"2020-12-22","purchased_purges":0,"victory":false,"max_hp_per_floor":[70,70,70,70,70,70,70,70,70,70,70,70,70,70,70,70,70,70,70,70,70,70,70,70,70,70,70,70,70,70],"card_choices":[{"not_picked":["theMarked:Frustration","theMarked:Improvise","theMarked:Parkour"],"picked":"SKIP","floor":1},{"not_picked":["theMarked:Static","theMarked:Improvise"],"picked":"theMarked:RogueSparks","floor":2},{"not_picked":["theMarked:HeightenedSenses","theMarked:Standoff"],"picked":"theMarked:EmpowerWeapon","floor":4},{"not_picked":["theMarked:Polarize","theMarked:RepellingDischarge"],"picked":"theMarked:Opportunist","floor":5},{"not_picked":["theMarked:Frustration","theMarked:WastefulAttack"],"picked":"theMarked:EmpowerWeapon","floor":9},{"not_picked":["theMarked:Panic","theMarked:GodGivenPower","theMarked:WardOff"],"picked":"SKIP","floor":10},{"not_picked":["theMarked:Generate","theMarked:ElectricStrings"],"picked":"theMarked:AttractMetal","floor":11},{"not_picked":["theMarked:WastefulAttack","theMarked:ChannelForce"],"picked":"theMarked:Aftermath","floor":14},{"not_picked":["theMarked:Snap","theMarked:DispelDoubt"],"picked":"theMarked:UnarmedFury","floor":16},{"not_picked":["theMarked:WardOff+1","theMarked:HeightenedSenses","theMarked:Parkour+1"],"picked":"SKIP","floor":18},{"not_picked":["theMarked:TakeCover","theMarked:ResourceFulStrike"],"picked":"theMarked:EternalStudent","floor":21},{"not_picked":["theMarked:BanishingStrike","theMarked:TunnelVision"],"picked":"theMarked:Parry+1","floor":22}],"player_experience":403449,"relics_obtained":[{"floor":9,"key":"Guardian:PocketSentry"},{"floor":10,"key":"aspiration:DSix"},{"floor":14,"key":"CeramicFish"},{"floor":27,"key":"Omamori"}],"event_choices":[{"damage_healed":0,"gold_gain":0,"player_choice":"Upgraded","damage_taken":0,"max_hp_gain":0,"max_hp_loss":0,"event_name":"Upgrade Shrine","floor":3,"gold_loss":0,"cards_upgraded":["theMarked:RogueSparks"]},{"damage_healed":0,"gold_gain":0,"player_choice":"Gave Potion","damage_taken":0,"relics_obtained":["halation:KoshaPiece"],"max_hp_gain":0,"max_hp_loss":0,"event_name":"WeMeetAgain","floor":6,"gold_loss":0},{"damage_healed":0,"gold_gain":0,"player_choice":"Damaged","damage_taken":7,"max_hp_gain":0,"max_hp_loss":0,"event_name":"Wheel of Change","floor":12,"gold_loss":0},{"damage_healed":0,"gold_gain":0,"player_choice":"Trade","damage_taken":0,"relics_obtained":["CultistMask"],"max_hp_gain":0,"max_hp_loss":0,"event_name":"FaceTrader","floor":19,"gold_loss":0},{"cards_removed":["theMarked:ChainLightning"],"damage_healed":0,"gold_gain":0,"player_choice":"Give","damage_taken":0,"max_hp_gain":0,"max_hp_loss":0,"event_name":"betterNote:BetterNote","floor":24,"gold_loss":0,"cards_obtained":["None"]}],"is_beta":false,"boss_relics":[{"not_picked":["Kintsugi","trackpad:Trackpad"],"picked":"Empty Cage"}],"items_purged_floors":[],"is_endless":false,"potions_floor_spawned":[2,14],"killed_by":"Book of Stabbing","ascension_level":0}}