{"host":"44cj7v9849ev3ii0","time":1609499646,"event":{"mods":["BaseMod","Colored Powertips","Marisa£®ÏF”Í°°ƒß¿Ì…≥£©","Minty Spire (QoL Compilation)","Replay The Spire","Shop Mod","StSLib","The Cursed"],"gold_per_floor":[109,109,109,126,136,166,183,200,200,210,229,229,260,11,11,11,11],"floor_reached":16,"playtime":707,"items_purged":[],"score":114,"play_id":"4e9b2ace-b64c-41dc-853e-718078b35920","local_time":"20210101191406","is_ascension_mode":false,"campfire_choices":[{"floor":12,"key":"REST"},{"floor":15,"key":"REST"}],"circlet_count":0,"master_deck":["Strike_P","Strike_P","Strike_P","Strike_P","Defend_P","Defend_P","Defend_P","Defend_P","Eruption","Vigilance","CutThroughFate","Replay:AtTheReady","BattleHymn","Weave","Ragnarok","WheelKick","BattleHymn","Consecrate","Replay:LoomingThreat"],"relics":["PureWater","NeowsBlessing","Replay:Mystery Machine","Mercury Hourglass","Snack Pack","Replay:WaspNest","Frozen Egg 2"],"acts_visited":["Exordium"],"potions_floor_usage":[],"damage_taken":[{"damage":0,"enemies":"Jaw Worm","floor":1,"turns":1},{"damage":0,"enemies":"2 Louse","floor":4,"turns":1},{"damage":0,"enemies":"Cultist","floor":5,"turns":1},{"damage":36,"enemies":"Lagavulin","floor":6,"turns":4},{"damage":1,"enemies":"3 Louse","floor":7,"turns":2},{"damage":0,"enemies":"Large Slime","floor":8,"turns":3},{"damage":9,"enemies":"2 Fungi Beasts","floor":10,"turns":2},{"damage":19,"enemies":"Blue Slaver","floor":11,"turns":3},{"damage":27,"enemies":"3 Sentries","floor":13,"turns":7},{"damage":49,"enemies":"Fading Forest","floor":16,"turns":9}],"seed_played":"8279808295942840194","potions_obtained":[{"floor":1,"key":"Explosive Potion"},{"floor":5,"key":"SpeedPotion"},{"floor":10,"key":"DuplicationPotion"},{"floor":11,"key":"Block Potion"}],"is_trial":false,"path_per_floor":["M","?","?","M","M","E","M","M","T","M","M","R","E","$","R","B"],"character_chosen":"WATCHER","items_purchased":["Frozen Egg 2"],"campfire_rested":2,"item_purchase_floors":[14],"current_hp_per_floor":[72,72,72,72,72,36,35,35,35,26,9,30,5,5,26,0,0],"gold":11,"neow_bonus":"THREE_ENEMY_KILL","is_daily":false,"chose_seed":false,"campfire_upgraded":0,"win_rate":0.0,"timestamp":1609499646,"path_taken":["M","?","?","?","M","E","M","M","T","M","M","R","E","$","R","BOSS"],"items_purchased_type":["Relic"],"build_version":"2020-12-22","purchased_purges":0,"victory":false,"max_hp_per_floor":[72,72,72,72,72,72,72,72,72,72,72,72,72,72,72,72,72],"card_choices":[{"not_picked":["WreathOfFlame","WaveOfTheHand"],"picked":"CutThroughFate","floor":1},{"not_picked":["Prostrate","Pray"],"picked":"Replay:AtTheReady","floor":4},{"not_picked":["InnerPeace","Collect"],"picked":"BattleHymn","floor":5},{"not_picked":["Wallop","Replay:AtTheReady"],"picked":"Weave","floor":6},{"not_picked":["Conclude","ThirdEye"],"picked":"Ragnarok","floor":7},{"not_picked":["SashWhip","JustLucky"],"picked":"WheelKick","floor":8},{"not_picked":["DeceiveReality","JustLucky"],"picked":"BattleHymn","floor":10},{"not_picked":["Prostrate","FearNoEvil"],"picked":"Consecrate","floor":11},{"not_picked":["EmptyBody","JustLucky"],"picked":"Replay:LoomingThreat","floor":13}],"player_experience":28958,"relics_obtained":[{"floor":6,"key":"Mercury Hourglass"},{"floor":9,"key":"Snack Pack"},{"floor":13,"key":"Replay:WaspNest"}],"event_choices":[{"damage_healed":0,"gold_gain":0,"player_choice":"Ignored","damage_taken":0,"max_hp_gain":0,"max_hp_loss":0,"event_name":"Golden Wing","floor":2,"gold_loss":0},{"damage_healed":0,"gold_gain":0,"player_choice":"Gave Potion","damage_taken":0,"relics_obtained":["Replay:Mystery Machine"],"max_hp_gain":0,"max_hp_loss":0,"event_name":"WeMeetAgain","floor":3,"gold_loss":0}],"is_beta":false,"boss_relics":[],"items_purged_floors":[],"is_endless":false,"potions_floor_spawned":[1,5,10,11,13],"killed_by":"Fading Forest","ascension_level":0}}