{"host":"qfskrnw3pl1q86j0","time":1609511463,"event":{"mods":["BaseMod","Block Reminder","Hermit","Marisa????????","Minty Spire (QoL Compilation)","Quick Restart","Random Character Button","Relic Stats","StSLib","The Poker Player","slay the spire mod where everything is the same but ironclad has a cowboy hat"],"gold_per_floor":[109,125,125,125,136,136,171,171,171,171,205,30,49,49,49,147,147,163,173,98,108,108,143,143,43,43,43,43,63,76,91,91,91,91],"floor_reached":33,"playtime":1039,"items_purged":["Strike_R","Defend_R"],"score":275,"play_id":"6f282cf1-c67b-4961-8a5d-7273913e90d9","local_time":"20210101153103","is_ascension_mode":false,"campfire_choices":[{"data":"Bash","floor":6.0,"key":"SMITH"},{"data":"Pommel Strike","floor":8.0,"key":"SMITH"},{"data":"Spot Weakness","floor":10.0,"key":"SMITH"},{"data":"Impervious","floor":15,"key":"SMITH"},{"data":"Pommel Strike","floor":24,"key":"SMITH"},{"data":"Offering","floor":28,"key":"SMITH"},{"data":"Shrug It Off","floor":32,"key":"SMITH"}],"circlet_count":0,"master_deck":["Strike_R+1","Strike_R+1","Defend_R","Defend_R","Bash+1","Pommel Strike+1","Spot Weakness+1","Impervious+1","Offering+1","Pommel Strike+1","Shrug It Off+1","Feel No Pain","Sentinel","Shrug It Off+1"],"relics":["Burning Blood","Dead Branch","Calipers","StrikeDummy","Runic Dome","Red Skull","Torii"],"acts_visited":["Exordium","TheCity"],"potions_floor_usage":[11,16,16,16,33,33],"damage_taken":[{"damage":1.0,"enemies":"Cultist","floor":1.0,"turns":3.0},{"damage":8.0,"enemies":"Jaw Worm","floor":2.0,"turns":5.0},{"damage":0.0,"enemies":"2 Louse","floor":5.0,"turns":3.0},{"damage":31.0,"enemies":"3 Sentries","floor":7.0,"turns":7.0},{"damage":11,"enemies":"Lagavulin","floor":11,"turns":7},{"damage":6,"enemies":"Exordium Thugs","floor":13,"turns":4},{"damage":16,"enemies":"Slime Boss","floor":16,"turns":6},{"damage":6,"enemies":"Spheric Guardian","floor":18,"turns":2},{"damage":6,"enemies":"3 Byrds","floor":19,"turns":4},{"damage":6,"enemies":"Shelled Parasite and Fungi","floor":21,"turns":2},{"damage":12,"enemies":"Book of Stabbing","floor":23,"turns":4},{"damage":12,"enemies":"Centurion and Healer","floor":29,"turns":3},{"damage":9,"enemies":"Chosen and Byrds","floor":30,"turns":4},{"damage":21,"enemies":"Snake Plant","floor":31,"turns":2},{"damage":44,"enemies":"Collector","floor":33,"turns":7}],"seed_played":"-8589295356024894108","potions_obtained":[{"floor":1.0,"key":"Weak Potion"},{"floor":11,"key":"GamblersBrew"},{"floor":29,"key":"PowerPotion"}],"is_trial":false,"path_per_floor":["M","M","?","?","M","R","E","R","T","R","E","$","M","$","R","B",null,"M","M","?","M","$","E","R","$","T","$","R","M","M","M","R","B"],"character_chosen":"IRONCLAD","items_purchased":["EntropicBrew"],"campfire_rested":0,"item_purchase_floors":[12],"current_hp_per_floor":[72,70,56,56,62,62,37,37,37,37,32,32,32,32,32,22,72,72,72,72,72,72,66,66,66,66,66,66,60,57,42,42,0,0],"gold":91,"neow_bonus":"REMOVE_TWO","is_daily":false,"chose_seed":false,"campfire_upgraded":7,"win_rate":0.0,"timestamp":1609511463,"path_taken":["M","M","?","?","M","R","E","R","T","R","E","$","M","$","R","BOSS","M","M","?","M","$","E","R","$","T","?","R","M","M","M","R","BOSS"],"items_purchased_type":["Potion"],"build_version":"2020-12-22","purchased_purges":2,"victory":false,"max_hp_per_floor":[72,72,72,72,72,72,72,72,72,72,72,72,72,72,72,72,72,72,72,72,72,72,72,72,72,72,72,72,72,72,72,72,72,72],"relic_stats":{"Torii":7,"counters":[15,63],"Dead Branch":[17],"obtain_stats":[{"Runic Dome":17,"Calipers":9,"Torii":26,"Dead Branch":7,"StrikeDummy":11,"Burning Blood":0,"Red Skull":23},{"Runic Dome":7,"Calipers":4,"Torii":11,"Dead Branch":4,"StrikeDummy":5,"Burning Blood":0,"Red Skull":11},{"Runic Dome":35,"Calipers":18,"Torii":47,"Dead Branch":18,"StrikeDummy":25,"Burning Blood":0,"Red Skull":47}],"Burning Blood":79},"card_choices":[{"not_picked":["Infernal Blade","True Grit","Perfected Strike"],"picked":"SKIP","floor":1.0},{"not_picked":["Twin Strike","Rupture"],"picked":"Pommel Strike","floor":2.0},{"not_picked":["Heavy Blade","Wild Strike"],"picked":"Spot Weakness","floor":5.0},{"not_picked":["Reckless Charge","Feed"],"picked":"Impervious","floor":7.0},{"not_picked":["Havoc","Sentinel","Perfected Strike"],"picked":"SKIP","floor":11},{"not_picked":["Anger","Iron Wave","Pummel"],"picked":"SKIP","floor":13},{"not_picked":["Juggernaut","Brutality"],"picked":"Offering","floor":16},{"not_picked":["True Grit","Headbutt","Body Slam"],"picked":"SKIP","floor":18},{"not_picked":["True Grit","Clash"],"picked":"Pommel Strike","floor":19},{"not_picked":["Perfected Strike+1","Demon Form"],"picked":"Shrug It Off+1","floor":21},{"not_picked":["Power Through","Thunderclap"],"picked":"Feel No Pain","floor":23},{"not_picked":["Cleave","Armaments+1"],"picked":"Sentinel","floor":29},{"not_picked":["Feel No Pain","Entrench+1","Inflame"],"picked":"SKIP","floor":30},{"not_picked":["Havoc","Warcry"],"picked":"Shrug It Off","floor":31}],"player_experience":893555,"relics_obtained":[{"floor":7.0,"key":"Dead Branch"},{"floor":9.0,"key":"Calipers"},{"floor":11,"key":"StrikeDummy"},{"floor":23,"key":"Red Skull"},{"floor":26,"key":"Torii"}],"event_choices":[{"damage_healed":0.0,"max_hp_gain":0.0,"max_hp_loss":0.0,"gold_gain":0.0,"event_name":"Shining Light","player_choice":"Entered Light","floor":3.0,"gold_loss":0.0,"damage_taken":14.0,"cards_upgraded":["Strike_R","Strike_R"]},{"damage_healed":0.0,"max_hp_gain":0.0,"max_hp_loss":0.0,"gold_gain":0.0,"event_name":"Liars Game","player_choice":"Ignored","floor":4.0,"gold_loss":0.0,"damage_taken":0.0},{"cards_removed":["Strike_R"],"damage_healed":0,"gold_gain":0,"player_choice":"Gave Gold","damage_taken":0,"max_hp_gain":0,"max_hp_loss":0,"event_name":"Beggar","floor":20,"gold_loss":75}],"is_beta":false,"boss_relics":[{"not_picked":["Snecko Eye","SacredBark"],"picked":"Runic Dome"}],"items_purged_floors":[12,25],"is_endless":false,"potions_floor_spawned":[1,11,29,30],"killed_by":"Collector","ascension_level":0}}