{"host":"q9szs7qndgdlcq24","time":1609520648,"event":{"mods":["AchievementEnabler","BaseMod","Bestiary","Colored Powertips","DeckTracker","Minty Spire (QoL Compilation)","Random Character Button","StSLib"],"gold_per_floor":[119,219,91,101,115,140,154,172,172,72,72,72,72,102,102,205,205,225,244,51,61,61,81,107,107,107,107,107,33,33,33,33,33,33],"floor_reached":33,"playtime":3400,"items_purged":["Defend_B","Defend_B","Strike_B"],"score":273,"play_id":"3049549f-eca5-46ba-a350-707fbdaf7847","local_time":"20210101200408","is_ascension_mode":false,"campfire_choices":[{"floor":11,"key":"REST"},{"floor":13,"key":"REST"},{"floor":15,"key":"REST"},{"floor":28,"key":"REST"},{"floor":32,"key":"REST"}],"circlet_count":0,"master_deck":["Strike_B","Strike_B","Zap","Dualcast","White Noise","Conserve Battery","Conserve Battery","Rebound","Capacitor","Electrodynamics","Barrage","Ball Lightning","Creative AI","Redo","Rebound","Thunder Strike","Compile Driver+1","Leap+1","Storm","Undo","Defragment"],"relics":["Cracked Core","PreservedInsect","Juzu Bracelet","Orichalcum","Nuclear Battery","Molten Egg 2","Blood Vial","Enchiridion"],"acts_visited":["Exordium","TheCity"],"potions_floor_usage":[16,16,24],"damage_taken":[{"damage":3,"enemies":"2 Louse","floor":1,"turns":2},{"damage":1,"enemies":"Cultist","floor":4,"turns":4},{"damage":4,"enemies":"Small Slimes","floor":5,"turns":3},{"damage":27,"enemies":"Lagavulin","floor":6,"turns":7},{"damage":0,"enemies":"2 Fungi Beasts","floor":7,"turns":3},{"damage":19,"enemies":"Exordium Thugs","floor":8,"turns":4},{"damage":14,"enemies":"Gremlin Nob","floor":14,"turns":3},{"damage":17,"enemies":"The Guardian","floor":16,"turns":10},{"damage":5,"enemies":"Spheric Guardian","floor":18,"turns":3},{"damage":4,"enemies":"3 Byrds","floor":19,"turns":2},{"damage":23,"enemies":"Snake Plant","floor":21,"turns":4},{"damage":3,"enemies":"Chosen and Byrds","floor":23,"turns":4},{"damage":42,"enemies":"Slavers","floor":24,"turns":4},{"damage":68,"enemies":"Collector","floor":33,"turns":6}],"seed_played":"-1472798866105595479","potions_obtained":[{"floor":4,"key":"GamblersBrew"},{"floor":7,"key":"Explosive Potion"},{"floor":23,"key":"PowerPotion"},{"floor":24,"key":"SpeedPotion"}],"is_trial":false,"path_per_floor":["M","?","$","M","M","E","M","M","T","$","R","?","R","E","R","B",null,"M","M","$","M","?","M","E","?","T","?","R","$","?","?","R","B"],"character_chosen":"DEFECT","items_purchased":["Conserve Battery","Thunder Strike","Defragment"],"campfire_rested":5,"item_purchase_floors":[3,20,29],"current_hp_per_floor":[79,79,79,78,74,47,47,28,28,28,52,45,69,55,79,62,82,77,73,73,50,77,74,32,32,32,32,56,56,40,40,64,0,0],"gold":33,"neow_bonus":"TEN_PERCENT_HP_BONUS","is_daily":false,"chose_seed":false,"campfire_upgraded":0,"win_rate":0.0,"timestamp":1609520648,"path_taken":["M","?","$","M","M","E","?","M","T","$","R","?","R","E","R","BOSS","M","M","$","M","?","M","E","?","T","?","R","$","?","?","R","BOSS"],"items_purchased_type":["Card","Card","Card"],"build_version":"2020-12-22","purchased_purges":3,"victory":false,"max_hp_per_floor":[82,82,82,82,82,82,82,82,82,82,82,82,82,82,82,82,82,82,82,82,82,82,82,82,82,82,82,82,82,82,82,82,82,82],"card_choices":[{"not_picked":["Cold Snap","Steam"],"picked":"White Noise","floor":1},{"not_picked":["Hologram","Barrage"],"picked":"Conserve Battery","floor":4},{"not_picked":["FTL","Darkness"],"picked":"Rebound","floor":5},{"not_picked":["Conserve Battery","Go for the Eyes"],"picked":"Capacitor","floor":6},{"not_picked":["Conserve Battery","Sweeping Beam"],"picked":"Electrodynamics","floor":7},{"not_picked":["Consume","Hologram"],"picked":"Barrage","floor":8},{"not_picked":["Darkness","Cold Snap"],"picked":"Ball Lightning","floor":14},{"not_picked":["Thunder Strike","Amplify"],"picked":"Creative AI","floor":16},{"not_picked":["Go for the Eyes","Glacier+1"],"picked":"Redo","floor":18},{"not_picked":["Steam","Heatsinks+1"],"picked":"Rebound","floor":19},{"not_picked":["Consume","Rebound"],"picked":"Compile Driver+1","floor":21},{"not_picked":["Doom and Gloom","Redo"],"picked":"Leap+1","floor":23},{"not_picked":["Gash+1","Rip and Tear+1"],"picked":"Storm","floor":24}],"player_experience":20946,"relics_obtained":[{"floor":6,"key":"PreservedInsect"},{"floor":9,"key":"Juzu Bracelet"},{"floor":14,"key":"Orichalcum"},{"floor":24,"key":"Molten Egg 2"},{"floor":26,"key":"Blood Vial"},{"floor":30,"key":"Enchiridion"}],"event_choices":[{"damage_healed":0,"gold_gain":100,"player_choice":"Pray","damage_taken":0,"max_hp_gain":0,"max_hp_loss":0,"event_name":"Golden Shrine","floor":2,"gold_loss":0},{"cards_removed":["Strike_B"],"damage_healed":0,"gold_gain":0,"player_choice":"Card Removal","damage_taken":7,"max_hp_gain":0,"max_hp_loss":0,"event_name":"Golden Wing","floor":12,"gold_loss":0},{"damage_healed":27,"gold_gain":0,"player_choice":"Heal","damage_taken":0,"max_hp_gain":0,"max_hp_loss":0,"event_name":"The Library","floor":22,"gold_loss":0},{"cards_removed":["Defend_B"],"damage_healed":0,"gold_gain":0,"player_choice":"Elegance","damage_taken":0,"max_hp_gain":0,"max_hp_loss":0,"event_name":"Back to Basics","floor":25,"gold_loss":0},{"damage_healed":0,"gold_gain":0,"cards_transformed":["Defend_B"],"player_choice":"Transformed","damage_taken":0,"max_hp_gain":0,"max_hp_loss":0,"event_name":"Transmorgrifier","floor":27,"gold_loss":0,"cards_obtained":["Undo"]},{"damage_healed":0,"gold_gain":0,"player_choice":"Obtained Book","damage_taken":16,"max_hp_gain":0,"max_hp_loss":0,"event_name":"Cursed Tome","floor":30,"gold_loss":0},{"damage_healed":0,"gold_gain":0,"player_choice":"Ignored","damage_taken":0,"max_hp_gain":0,"max_hp_loss":0,"event_name":"NoteForYourself","floor":31,"gold_loss":0}],"is_beta":false,"boss_relics":[{"not_picked":["Runic Pyramid","Astrolabe"],"picked":"Nuclear Battery"}],"items_purged_floors":[3,10,20],"is_endless":false,"potions_floor_spawned":[4,7,16,23,24],"killed_by":"Collector","ascension_level":0}}