{"host":"2gugywxuw0nvjb3h","time":1609531324,"event":{"mods":["AchievementEnabler","BaseMod","Better Altar","Better Match","Better Note","Better Sensory Stone","Better Skull","Better Third Choice","BetterRewards","Colored Map","Colored Powertips","Curses Come First","Evolution","Filter the Spire","GifTheSpireLib","Key Reminder","Minty Spire (QoL Compilation)","Rare Cards Sparkle","Relic Sorter","Spicy Shops","StSLib"],"gold_per_floor":[109,124,134,134,153,179,179,193,193,224,224,240,265,277,277,379,379,393,410,301,301,314,342,342,370,370,370,395,405,417,450,450,547,547,563,613,632,632,112,112,138,138,138,192,44,44,7,0,0,0],"floor_reached":51,"playtime":16973,"items_purged":[],"score":1263,"play_id":"41d9ea3d-7f75-4daf-8efb-516b28d0e9f5","local_time":"20210101130204","is_ascension_mode":false,"campfire_choices":[{"data":"1","floor":7,"key":"LIFT"},{"data":"2","floor":11,"key":"LIFT"},{"data":"3","floor":15,"key":"LIFT"},{"floor":24,"key":"REST"},{"floor":32,"key":"REST"},{"data":"TalkToTheHand","floor":40,"key":"SMITH"},{"data":"Dramatic Entrance","floor":42,"key":"SMITH"},{"floor":46,"key":"DIG"},{"floor":49,"key":"DIG"}],"circlet_count":0,"master_deck":["FlyingSleeves","FlyingSleeves","FlyingSleeves","FlyingSleeves","Evaluate","Evaluate","Defend_P","Defend_P","Eruption","Vigilance","Dramatic Entrance+1","Sanctity+1","Collect+1","LikeWater","Consecrate","Nirvana","WreathOfFlame+1","InnerPeace+1","Halt+1","ThirdEye+1","Indignation+1","DeusExMachina+1","FlurryOfBlows+1","JustLucky","FollowUp","PathToVictory+1","Prostrate+1","TalkToTheHand+1","Tantrum","DeceiveReality+1","CrushJoints","FlurryOfBlows+1","Perseverance+1","Crescendo+1","Protect+1","Vault+1","EmptyMind+1","PathToVictory+1","JustLucky+1","Transmutation+1","LikeWater+1","Wireheading+1","Nirvana"],"relics":["HolyWater","EVO:Axolotl","Membership Card","Toxic Egg 2","GoldenEye","Girya","HornCleat","InkBottle","Damaru","Odd Mushroom","Sozu","Boot","Orrery","Lizard Tail","Mummified Hand","Dead Branch","Lantern","FossilizedHelix","Bird Faced Urn","Pen Nib","Incense Burner","MealTicket","Blood Vial","Omamori","Art of War","Shovel","Oddly Smooth Stone","Bronze Scales","Prayer Wheel","Red Mask","Bag of Preparation"],"acts_visited":["Exordium","TheCity","TheBeyond"],"potions_floor_usage":[5,10,10,10,25],"damage_taken":[{"damage":0,"enemies":"2 Louse","floor":1,"turns":1},{"damage":0,"enemies":"Cultist","floor":2,"turns":3},{"damage":0,"enemies":"Small Slimes","floor":3,"turns":1},{"damage":0,"enemies":"Exordium Wildlife","floor":5,"turns":3},{"damage":0,"enemies":"Lagavulin","floor":6,"turns":5},{"damage":0,"enemies":"Looter","floor":8,"turns":3},{"damage":0,"enemies":"Gremlin Nob","floor":10,"turns":4},{"damage":7,"enemies":"Blue Slaver","floor":12,"turns":3},{"damage":0,"enemies":"The Mushroom Lair","floor":13,"turns":3},{"damage":0,"enemies":"Exordium Wildlife","floor":14,"turns":2},{"damage":43,"enemies":"Hexaghost","floor":16,"turns":5},{"damage":0,"enemies":"Shell Parasite","floor":18,"turns":2},{"damage":1,"enemies":"Chosen","floor":19,"turns":3},{"damage":21,"enemies":"Snake Plant","floor":22,"turns":3},{"damage":0,"enemies":"Gremlin Leader","floor":23,"turns":4},{"damage":16,"enemies":"Book of Stabbing","floor":25,"turns":5},{"damage":0,"enemies":"Slavers","floor":28,"turns":3},{"damage":0,"enemies":"Centurion and Healer","floor":29,"turns":3},{"damage":0,"enemies":"Sentry and Sphere","floor":30,"turns":4},{"damage":0,"enemies":"Book of Stabbing","floor":31,"turns":4},{"damage":0,"enemies":"Automaton","floor":33,"turns":9},{"damage":0,"enemies":"3 Shapes","floor":35,"turns":3},{"damage":0,"enemies":"Mind Bloom Boss Battle","floor":36,"turns":5},{"damage":0,"enemies":"3 Darklings","floor":37,"turns":3},{"damage":0,"enemies":"Reptomancer","floor":41,"turns":4},{"damage":0,"enemies":"2 Orb Walkers","floor":44,"turns":5},{"damage":0,"enemies":"Donu and Deca","floor":50,"turns":5}],"seed_played":"6700771670493071180","potions_obtained":[{"floor":1,"key":"LiquidMemories"},{"floor":2,"key":"Fire Potion"},{"floor":3,"key":"Block Potion"},{"floor":6,"key":"EssenceOfSteel"},{"floor":8,"key":"Explosive Potion"},{"floor":16,"key":"Fire Potion"}],"is_trial":false,"path_per_floor":["M","M","M","?","M","E","R","M","T","E","R","M","?","M","R","B",null,"M","M","$","?","M","E","R","E","T","?","E","M","M","E","R","B",null,"M","?","M","?","$","R","E","R","T","?","$","R","$","?","R","B",null],"character_chosen":"WATCHER","items_purchased":["Membership Card","Toxic Egg 2","GoldenEye","Dramatic Entrance","Boot","Orrery","Transmutation+1","Pen Nib","Incense Burner","MealTicket","Blood Vial","Oddly Smooth Stone","Bronze Scales","Nirvana"],"campfire_rested":2,"item_purchase_floors":[0,0,0,0,20,20,39,39,39,39,39,45,45,47],"current_hp_per_floor":[72,72,72,72,72,72,72,72,72,72,72,65,65,65,65,22,72,72,71,71,71,50,50,71,55,55,55,55,55,55,55,72,72,72,72,72,72,72,72,72,72,72,72,72,72,72,72,72,72,72],"gold":0,"neow_bonus":"","is_daily":false,"chose_seed":false,"campfire_upgraded":2,"win_rate":0.0,"timestamp":1609531324,"path_taken":["M","M","M","?","?","E","R","M","T","E","R","M","?","M","R","BOSS","M","M","$","?","M","E","R","E","T","?","E","M","M","E","R","BOSS","M","?","M","?","$","R","E","R","T","?","?","R","$","?","R","BOSS"],"items_purchased_type":["Relic","Relic","Relic","Card","Relic","Relic","Card","Relic","Relic","Relic","Relic","Relic","Relic","Card"],"build_version":"2020-12-22","purchased_purges":0,"victory":true,"max_hp_per_floor":[72,72,72,72,72,72,72,72,72,72,72,72,72,72,72,72,72,72,72,72,72,72,72,72,72,72,72,72,72,72,72,72,72,72,72,72,72,72,72,72,72,72,72,72,72,72,72,72,72,72],"card_choices":[{"not_picked":["Crescendo+1","DeceiveReality+1"],"picked":"Sanctity+1","floor":1},{"not_picked":["SignatureMove","BattleHymn"],"picked":"Collect+1","floor":2},{"not_picked":["ReachHeaven","FlyingSleeves"],"picked":"LikeWater","floor":3},{"not_picked":["MentalFortress","Wallop"],"picked":"Consecrate","floor":5},{"not_picked":["PathToVictory+1","Crescendo+1"],"picked":"Nirvana","floor":6},{"not_picked":["FollowUp","Adaptation"],"picked":"WreathOfFlame+1","floor":8},{"not_picked":["ReachHeaven","EmptyMind+1"],"picked":"InnerPeace+1","floor":10},{"not_picked":["SashWhip","EmptyBody+1"],"picked":"Halt+1","floor":12},{"not_picked":["Collect+1","Worship+1"],"picked":"ThirdEye+1","floor":13},{"not_picked":["Pray+1","Halt+1"],"picked":"Indignation+1","floor":14},{"not_picked":["ConjureBlade+1","Brilliance"],"picked":"DeusExMachina+1","floor":16},{"not_picked":["Consecrate","Collect+1"],"picked":"FlurryOfBlows+1","floor":18},{"not_picked":["WreathOfFlame+1","PathToVictory+1"],"picked":"TalkToTheHand","floor":19},{"not_picked":["FlurryOfBlows","Study"],"picked":"JustLucky","floor":20},{"not_picked":["ClearTheMind+1","SandsOfTime"],"picked":"FollowUp","floor":20},{"not_picked":["SandsOfTime","WreathOfFlame+1"],"picked":"PathToVictory+1","floor":20},{"not_picked":["Evaluate+1","Fasting2"],"picked":"Prostrate+1","floor":20},{"not_picked":["Evaluate+1","LikeWater"],"picked":"TalkToTheHand","floor":20},{"not_picked":["Conclude+1","EmptyBody+1"],"picked":"Tantrum","floor":22},{"not_picked":["PathToVictory+1","Nirvana"],"picked":"DeceiveReality+1","floor":23},{"not_picked":["Tantrum+1","WreathOfFlame+1"],"picked":"CrushJoints","floor":25},{"not_picked":["Halt+1","Adaptation"],"picked":"FlurryOfBlows+1","floor":28},{"not_picked":["JustLucky","BattleHymn+1"],"picked":"Perseverance+1","floor":29},{"not_picked":["FlyingSleeves+1","DeusExMachina+1"],"picked":"Crescendo+1","floor":30},{"not_picked":["EmptyBody+1","WindmillStrike"],"picked":"Protect+1","floor":31},{"not_picked":["Omniscience+1","Wish+1"],"picked":"Vault+1","floor":33},{"not_picked":["WheelKick","Protect+1"],"picked":"EmptyMind+1","floor":35},{"not_picked":["SashWhip","Protect+1"],"picked":"PathToVictory+1","floor":36},{"not_picked":["Protect+1","Perseverance+1"],"picked":"JustLucky+1","floor":37},{"not_picked":["FlurryOfBlows","CutThroughFate"],"picked":"LikeWater+1","floor":41},{"not_picked":["CrushJoints","Evaluate+1"],"picked":"Wireheading+1","floor":44}],"player_experience":140715,"relics_obtained":[{"floor":6,"key":"HornCleat"},{"floor":9,"key":"InkBottle"},{"floor":10,"key":"Damaru"},{"floor":13,"key":"Odd Mushroom"},{"floor":23,"key":"Lizard Tail"},{"floor":25,"key":"Mummified Hand"},{"floor":26,"key":"Dead Branch"},{"floor":28,"key":"Lantern"},{"floor":31,"key":"FossilizedHelix"},{"floor":36,"key":"Bird Faced Urn"},{"floor":41,"key":"Omamori"},{"floor":43,"key":"Art of War"},{"floor":44,"key":"Shovel"},{"floor":46,"key":"Prayer Wheel"},{"floor":49,"key":"Bag of Preparation"}],"event_choices":[{"damage_healed":0,"gold_gain":0,"player_choice":"Bought 0 Potions","damage_taken":0,"max_hp_gain":0,"max_hp_loss":0,"event_name":"The Woman in Blue","floor":4,"gold_loss":0},{"damage_healed":0,"gold_gain":0,"player_choice":"Fought Mushrooms","damage_taken":0,"max_hp_gain":0,"max_hp_loss":0,"event_name":"Mushrooms","floor":13,"gold_loss":0},{"damage_healed":0,"gold_gain":0,"player_choice":"Ignored","damage_taken":0,"max_hp_gain":0,"max_hp_loss":0,"event_name":"betterNote:BetterNote","floor":21,"gold_loss":0,"cards_obtained":["Strike_P"]},{"damage_healed":0,"gold_gain":0,"player_choice":"Ignored","damage_taken":0,"max_hp_gain":0,"max_hp_loss":0,"event_name":"Vampires","floor":27,"gold_loss":0},{"damage_healed":0,"gold_gain":0,"player_choice":"Fight","damage_taken":0,"max_hp_gain":0,"max_hp_loss":0,"event_name":"MindBloom","floor":36,"gold_loss":0},{"cards_removed":["TalkToTheHand"],"damage_healed":0,"gold_gain":0,"player_choice":"Removed Attack","damage_taken":0,"max_hp_gain":0,"max_hp_loss":0,"event_name":"Falling","floor":38,"gold_loss":0},{"damage_healed":0,"gold_gain":0,"player_choice":"Fight","damage_taken":0,"max_hp_gain":0,"max_hp_loss":0,"event_name":"Mysterious Sphere","floor":44,"gold_loss":0},{"damage_healed":0,"gold_gain":0,"player_choice":"Paid","damage_taken":0,"relics_obtained":["Red Mask"],"max_hp_gain":0,"max_hp_loss":0,"event_name":"Tomb of Lord Red Mask","floor":48,"gold_loss":7}],"is_beta":false,"boss_relics":[{"not_picked":["Ectoplasm","Snecko Eye"],"picked":"Sozu"},{"not_picked":["Cursed Key","Busted Crown"],"picked":"HolyWater"}],"items_purged_floors":[],"is_endless":false,"potions_floor_spawned":[1,2,3,6,8,16,22,23,29,30,31,35,37,41],"ascension_level":0}}