{"host":"czyrp3agadxx2eka","time":1609459440,"event":{"mods":["Bard","BaseMod","Beaked The Cultist","BetterRewards","Colored Map","Downfall","Hermit","Hubris","Infinite Spire","Marisa????????","Minty Spire (QoL Compilation)","Replay The Spire","Shop Mod","StSLib","The Construct","The Cursed","The Elementalist","The Runesmith","TheBandit"],"gold_per_floor":[115,128,142,159,177,204,204,169,169,169,187,199,124,139,139,139,139,139],"floor_reached":16,"playtime":1435,"items_purged":[],"score":106,"play_id":"ec864e2b-e9dc-4965-9618-e525de4bfe1c","local_time":"20201231220400","is_ascension_mode":false,"campfire_choices":[{"data":"wariomod:DoubleDash","floor":7,"key":"SMITH"},{"floor":15,"key":"REST"}],"circlet_count":0,"master_deck":["wariomod:Strike","wariomod:Strike","wariomod:Strike","wariomod:Strike","wariomod:Defend","wariomod:Defend","wariomod:Defend","wariomod:Defend","wariomod:Step","wariomod:Leap","wariomod:DanceDash","wariomod:BumRush","wariomod:BlastDash","wariomod:ChargeForth","wariomod:Bomblaster","wariomod:DoubleDash+1","Parasite","wariomod:BoomBoom","wariomod:BoomBoom","wariomod:ChargeForth","expansioncontent:Torchfire+1"],"relics":["wariomod:TheHat","Happy Flower","Blue Doll"],"acts_visited":["Exordium"],"potions_floor_usage":[16,16],"damage_taken":[{"damage":3,"enemies":"Small Slimes","floor":1,"turns":3},{"damage":13,"enemies":"2 Louse","floor":2,"turns":3},{"damage":0,"enemies":"Jaw Worm","floor":3,"turns":2},{"damage":18,"enemies":"Exordium Wildlife","floor":4,"turns":3},{"damage":17,"enemies":"Exordium Thugs","floor":5,"turns":4},{"damage":12,"enemies":"3 Sentries","floor":6,"turns":6},{"damage":30,"enemies":"3 Louse","floor":11,"turns":4},{"damage":12,"enemies":"Looter","floor":12,"turns":3},{"damage":16,"enemies":"Large Slime","floor":14,"turns":2},{"damage":37,"enemies":"The Guardian","floor":16,"turns":5}],"seed_played":"3229133634241827479","potions_obtained":[{"floor":2,"key":"SteroidPotion"},{"floor":5,"key":"SkillPotion"},{"floor":6,"key":"SteroidPotion"}],"is_trial":false,"path_per_floor":["M","M","M","M","M","E","R","?","T","?","M","M","$","M","R_BF","B"],"character_chosen":"THE_BANDIT","items_purchased":["wariomod:ChargeForth","expansioncontent:Torchfire+1"],"campfire_rested":1,"item_purchase_floors":[13,13],"current_hp_per_floor":[85,72,72,54,37,25,25,47,47,69,39,27,27,11,37,0,0,0],"gold":139,"neow_bonus":"TEN_PERCENT_HP_BONUS","is_daily":false,"chose_seed":false,"campfire_upgraded":1,"win_rate":0.0,"timestamp":1609459440,"path_taken":["M","M","M","M","M","E","R","?","T","?","M","M","$","M","R_BF","BOSS"],"items_purchased_type":["Card","Card"],"build_version":"2020-12-22","purchased_purges":0,"victory":false,"max_hp_per_floor":[88,88,88,88,88,88,88,88,88,88,88,88,88,88,88,88,88,88],"card_choices":[{"not_picked":["wariomod:ThatsNotAll","wariomod:HastyRush"],"picked":"wariomod:DanceDash","floor":1},{"not_picked":["wariomod:BodyBlock","wariomod:Hopshield"],"picked":"wariomod:BumRush","floor":2},{"not_picked":["wariomod:ThatsNotAll","wariomod:Hopshield"],"picked":"wariomod:BlastDash","floor":3},{"not_picked":["wariomod:OctoJump","wariomod:SmackSlam"],"picked":"wariomod:ChargeForth","floor":4},{"not_picked":["wariomod:FabulousPrizes","wariomod:DisarmingMoves"],"picked":"wariomod:Bomblaster","floor":5},{"not_picked":["wariomod:ThatsNotAll","wariomod:SmackSlam"],"picked":"wariomod:DoubleDash","floor":6},{"not_picked":["wariomod:SmackSlam","wariomod:DoubleDip"],"picked":"wariomod:BoomBoom","floor":11},{"not_picked":["wariomod:Goblast","wariomod:SpikeSlash"],"picked":"wariomod:BoomBoom","floor":12},{"not_picked":["wariomod:Smackflip","wariomod:Leapslam","wariomod:SimpleShield"],"picked":"SKIP","floor":14}],"player_experience":31135,"relics_obtained":[{"floor":6,"key":"Happy Flower"},{"floor":9,"key":"Blue Doll"}],"event_choices":[{"damage_healed":22,"gold_gain":0,"player_choice":"Healed","damage_taken":0,"max_hp_gain":0,"max_hp_loss":0,"event_name":"The Cleric","floor":8,"gold_loss":35},{"damage_healed":22,"gold_gain":0,"player_choice":"Healed and dodged fight","damage_taken":0,"max_hp_gain":0,"max_hp_loss":0,"event_name":"Mushrooms","floor":10,"gold_loss":0,"cards_obtained":["Parasite"]}],"is_beta":false,"boss_relics":[],"items_purged_floors":[],"is_endless":false,"potions_floor_spawned":[2,5,6],"killed_by":"The Guardian","ascension_level":0}}