{"host":"khm4we1ijduz33xh","time":1609515174,"event":{"mods":["AchievementEnabler","BaseMod","Colored Map","Minty Spire (QoL Compilation)","Rare Cards Sparkle","StSLib","SuperFastMode"],"gold_per_floor":[113,125,125,78,93,93,106,106,132,150,150,150,181,181,181,278,278,289,289,300,315,15,15,0,0,50,50,50],"floor_reached":27,"playtime":769,"items_purged":["Strike_R"],"score":232,"play_id":"b0f4fbd5-b87a-4227-a558-ef8fbb3aa97f","local_time":"20210102003254","is_ascension_mode":true,"campfire_choices":[{"data":"Spot Weakness","floor":6.0,"key":"SMITH"},{"data":"True Grit","floor":8.0,"key":"SMITH"},{"data":"Heavy Blade","floor":12.0,"key":"SMITH"},{"data":"Bloodletting","floor":15,"key":"SMITH"},{"data":"Spot Weakness","floor":23,"key":"SMITH"},{"data":"Inflame","floor":25,"key":"SMITH"}],"circlet_count":0,"master_deck":["Strike_R","Strike_R","Strike_R","Defend_R+1","Defend_R","Defend_R+1","Defend_R","Bash","Spot Weakness+1","Bloodletting+1","Heavy Blade+1","Armaments+1","True Grit+1","Spot Weakness+1","Bloodletting","Offering","Ghostly Armor+1","Flame Barrier+1","Inflame+1"],"relics":["Burning Blood","NeowsBlessing","Boot","Red Skull","Centennial Puzzle","Black Star","Pen Nib","War Paint"],"acts_visited":["Exordium","TheCity"],"potions_floor_usage":[13,13,16,27],"damage_taken":[{"damage":0.0,"enemies":"Small Slimes","floor":1.0,"turns":1.0},{"damage":0.0,"enemies":"Cultist","floor":2.0,"turns":1.0},{"damage":0.0,"enemies":"Jaw Worm","floor":5.0,"turns":1.0},{"damage":4.0,"enemies":"Looter","floor":7.0,"turns":2.0},{"damage":1.0,"enemies":"2 Fungi Beasts","floor":10.0,"turns":3.0},{"damage":7,"enemies":"3 Sentries","floor":13,"turns":7},{"damage":34,"enemies":"Hexaghost","floor":16,"turns":7},{"damage":16,"enemies":"Shell Parasite","floor":18,"turns":3},{"damage":9,"enemies":"Chosen","floor":20,"turns":3},{"damage":31,"enemies":"Sentry and Sphere","floor":21,"turns":6},{"damage":44,"enemies":"3 Cultists","floor":27,"turns":5}],"seed_played":"4932338914742873010","potions_obtained":[{"floor":1.0,"key":"DistilledChaos"},{"floor":2.0,"key":"Explosive Potion"},{"floor":7.0,"key":"PowerPotion"},{"floor":16,"key":"Weak Potion"},{"floor":20,"key":"FearPotion"},{"floor":21,"key":"PowerPotion"}],"is_trial":false,"path_per_floor":["M","M","?","$","M","R","M","R","T","M","?","R","E","?","R","B",null,"M","?","M","M","$","R","?","R","T","M"],"character_chosen":"IRONCLAD","items_purchased":["Heavy Blade","Pen Nib","Inflame"],"campfire_rested":0,"item_purchase_floors":[4,22,22],"current_hp_per_floor":[80,80,80,80,80,80,80,80,80,80,80,80,79,54,54,26,80,70,70,67,42,42,42,42,42,42,0,0],"gold":50,"neow_bonus":"THREE_ENEMY_KILL","is_daily":false,"chose_seed":false,"campfire_upgraded":6,"win_rate":0.0,"timestamp":1609515174,"path_taken":["M","M","?","?","M","R","?","R","T","M","?","R","E","?","R","BOSS","M","?","M","M","$","R","?","R","T","M"],"items_purchased_type":["Card","Relic","Card"],"build_version":"2020-12-22","purchased_purges":1,"victory":false,"max_hp_per_floor":[80,80,80,80,80,80,80,80,80,80,80,80,80,80,80,80,80,80,80,80,80,80,80,80,80,80,80,80],"card_choices":[{"not_picked":["Shockwave","Ghostly Armor"],"picked":"Spot Weakness","floor":1.0},{"not_picked":["Searing Blow","Power Through"],"picked":"Bloodletting","floor":2.0},{"not_picked":["Feel No Pain","Pummel"],"picked":"Armaments","floor":5.0},{"not_picked":["Warcry","Pommel Strike"],"picked":"True Grit","floor":7.0},{"not_picked":["Havoc","Reckless Charge"],"picked":"Spot Weakness","floor":10.0},{"not_picked":["Dark Embrace","Dual Wield"],"picked":"Bloodletting","floor":13},{"not_picked":["Exhume","Corruption"],"picked":"Offering","floor":16},{"not_picked":["Metallicize","Body Slam"],"picked":"Ghostly Armor+1","floor":18},{"not_picked":["Battle Trance","Evolve"],"picked":"Flame Barrier+1","floor":20},{"not_picked":["Cleave","Combust","Sword Boomerang+1"],"picked":"SKIP","floor":21}],"player_experience":177043,"relics_obtained":[{"floor":9.0,"key":"Boot"},{"floor":13,"key":"Red Skull"},{"floor":26,"key":"War Paint"}],"event_choices":[{"cards_removed":["Strike_R"],"damage_healed":0.0,"max_hp_gain":0.0,"max_hp_loss":0.0,"gold_gain":0.0,"event_name":"Wheel of Change","player_choice":"Card Removal","floor":3.0,"gold_loss":0.0,"damage_taken":0.0},{"damage_healed":0.0,"max_hp_gain":0.0,"max_hp_loss":0.0,"gold_gain":0.0,"event_name":"Living Wall","player_choice":"Grow","floor":11.0,"gold_loss":0.0,"damage_taken":0.0,"cards_upgraded":["Armaments"]},{"damage_healed":0,"gold_gain":0,"player_choice":"Success","damage_taken":25,"relics_obtained":["Centennial Puzzle"],"max_hp_gain":0,"max_hp_loss":0,"event_name":"Scrap Ooze","floor":14,"gold_loss":0},{"damage_healed":0,"gold_gain":0,"player_choice":"Ignored","damage_taken":0,"max_hp_gain":0,"max_hp_loss":0,"event_name":"Cursed Tome","floor":19,"gold_loss":0},{"damage_healed":0,"gold_gain":0,"player_choice":"Paid Fearfully","damage_taken":0,"max_hp_gain":0,"max_hp_loss":0,"event_name":"Masked Bandits","floor":24,"gold_loss":15}],"is_beta":false,"boss_relics":[{"not_picked":["Sozu","Busted Crown"],"picked":"Black Star"}],"items_purged_floors":[22],"is_endless":false,"potions_floor_spawned":[1,2,7,16,20,21],"killed_by":"3 Cultists","ascension_level":2}}