{"host":"90x36nu4v14ydotx","time":1609496686,"event":{"mods":["BaseMod","Better Third Choice","Block Reminder","Colored Map","Curses Come First","Downfall","Highlight Path","Hubris","Minty Spire (QoL Compilation)","Permanent Neow","Random Character Button","Replay The Spire","Spicy Shops","StSLib","The Cursed","Wandering Minibosses","everything is the same but u backflip on backflip","slay the spire mod where everything is the same but ironclad has a cowboy hat"],"gold_per_floor":[99,99,111,122,142,177,201,100,100,127,127,127,165,206,239,361,361,361,393,393,32,52,52,52],"floor_reached":22,"playtime":2040,"items_purged":[],"score":236,"play_id":"b4d01839-8e52-4522-9617-d7a17bc8c7f0","local_time":"20210101022446","is_ascension_mode":false,"campfire_choices":[{"data":"Guardian:BaubleBeam","floor":1,"key":"SMITH"},{"data":"Guardian:ArmoredProtocol","floor":9,"key":"SMITH"},{"floor":12,"key":"REST"},{"floor":18,"key":"RECALL"}],"circlet_count":0,"master_deck":["Guardian:Strike_Guardian","Guardian:Strike_Guardian","Guardian:Strike_Guardian","Guardian:Strike_Guardian","Guardian:Defend_Guardian","Guardian:Defend_Guardian","Guardian:Defend_Guardian","Guardian:Defend_Guardian","Guardian:CurlUp","Guardian:TwinSlam","Guardian:ChargeCore","Guardian:PrimingBeam","Guardian:Preprogram","Guardian:PrimingBeam","Guardian:SentryBeam","Guardian:ArmoredProtocol+1","Guardian:ChargeUp","Guardian:Gem_Green","Guardian:PrimingBeam","Guardian:Gem_Red","Guardian:SphericShield","Guardian:Gem_White","Guardian:PrismaticBeam","Master of Strategy","HandOfGreed","hubris:Ssssneak"],"relics":["Guardian:ModeShifter","Replay:Bandana","Replay:Baseball","downfall:ShatteredFragment","Painkiller Herb","hubris:Towel","ReplayTheSpireMod:ShopPack","Pet Ghost"],"acts_visited":["Exordium","TheCity"],"potions_floor_usage":[6,21,21],"damage_taken":[{"damage":1,"enemies":"Small Slimes","floor":3,"turns":4},{"damage":0,"enemies":"Cultist","floor":4,"turns":3},{"damage":0,"enemies":"2 Louse","floor":5,"turns":2},{"damage":33,"enemies":"Lagavulin","floor":6,"turns":7},{"damage":0,"enemies":"downfall:FleeingMerchant","floor":8,"turns":6},{"damage":1,"enemies":"Exordium Wildlife","floor":10,"turns":3},{"damage":2,"enemies":"2 Fungi Beasts","floor":13,"turns":3},{"damage":0,"enemies":"Lots of Slimes","floor":14,"turns":6},{"damage":0,"enemies":"Exordium Thugs","floor":15,"turns":3},{"damage":0,"enemies":"downfall:Watcher","floor":16,"turns":6},{"damage":10,"enemies":"Shell Parasite","floor":19,"turns":5},{"damage":11,"enemies":"downfall:FleeingMerchant","floor":21,"turns":7},{"damage":0,"enemies":"3 Byrds","floor":22,"turns":3}],"seed_played":"7841215906698281537","potions_obtained":[{"floor":5,"key":"EssenceOfSteel"},{"floor":10,"key":"Fire Potion"},{"floor":15,"key":"Adrenaline Potion"}],"is_trial":false,"path_per_floor":["R","?","M","M","M","E","T","$","R","M","?","R","M","M","M","B",null,"T","?","?","T","?"],"character_chosen":"GUARDIAN","items_purchased":["Guardian:Gem_Crimson","Guardian:ArmoredProtocol","ReplayTheSpireMod:ShopPack","Pet Ghost","Guardian:PrismaticBeam"],"campfire_rested":1,"item_purchase_floors":[8,8,21,21,21],"current_hp_per_floor":[80,90,89,89,89,56,56,56,56,55,31,58,56,56,56,56,90,90,80,80,69,69,69,69],"gold":52,"neow_bonus":"ONE_RANDOM_RARE_CARD","is_daily":false,"chose_seed":false,"campfire_upgraded":2,"win_rate":0.0,"timestamp":1609496686,"path_taken":["R","?","M","?","M","E","T","$","R","M","?","R","M","M","M","BOSS","T","?","?","T","?"],"items_purchased_type":["Card","Card","Relic","Relic","Card"],"build_version":"2020-12-22","purchased_purges":0,"victory":false,"max_hp_per_floor":[80,90,90,90,90,90,90,90,90,90,90,90,90,90,90,90,90,90,90,90,90,90,90,90],"card_choices":[{"not_picked":["Guardian:Reroute","Guardian:TemporalShield"],"picked":"Guardian:ChargeCore","floor":3},{"not_picked":["Guardian:BronzeArmor","Guardian:CrystalBeam"],"picked":"Guardian:PrimingBeam","floor":4},{"not_picked":["Guardian:RollAttack","Guardian:VentSteam"],"picked":"Guardian:Preprogram","floor":5},{"not_picked":["Guardian:Emergency","Guardian:Gem_Green"],"picked":"Guardian:PrimingBeam","floor":6},{"not_picked":["Guardian:TemporalShield","Guardian:Suspension"],"picked":"Guardian:SentryBeam","floor":8},{"not_picked":["Guardian:ChargeCore","Guardian:ExploitGems"],"picked":"Guardian:ChargeUp","floor":10},{"not_picked":["Guardian:BronzeArmor","Guardian:TemporalShield"],"picked":"Guardian:Gem_Green","floor":13},{"not_picked":["Guardian:Gem_Red","Guardian:Gem_Blue"],"picked":"Guardian:PrimingBeam","floor":14},{"not_picked":["Guardian:Gem_Cyan","Guardian:Suspension"],"picked":"Guardian:Gem_Red","floor":15},{"not_picked":["Guardian:FastForward","Guardian:ConstructionForm"],"picked":"Guardian:SphericShield","floor":16},{"not_picked":["Guardian:Gem_Red","Guardian:Gem_Blue"],"picked":"Guardian:Gem_White","floor":19},{"not_picked":["Guardian:BronzeArmor","Guardian:Gem_Cyan","Guardian:PolyBeam"],"picked":"SKIP","floor":21},{"not_picked":["Crow Ritual","Chrysalis"],"picked":"Master of Strategy","floor":21},{"not_picked":["PanicButton","Swift Strike"],"picked":"HandOfGreed","floor":21},{"not_picked":["expansioncontent:PrepareCrush","expansioncontent:HyperBeam"],"picked":"hubris:Ssssneak","floor":21}],"player_experience":134515,"relics_obtained":[{"floor":6,"key":"Replay:Bandana"},{"floor":7,"key":"Replay:Baseball"}],"event_choices":[{"cards_removed":["Guardian:BaubleBeam"],"damage_healed":0,"gold_gain":0,"player_choice":"Offered Rare","damage_taken":0,"max_hp_gain":10,"max_hp_loss":0,"event_name":"Bonfire Elementals","floor":2,"gold_loss":0}],"is_beta":false,"boss_relics":[{"not_picked":["Guardian:StasisSlotReductionRelic","Cursed Key"],"picked":"Painkiller Herb"}],"items_purged_floors":[],"is_endless":false,"potions_floor_spawned":[5,10,15],"killed_by":"3 Byrds","ascension_level":0}}