{"host":"258i9hh742n85m0z","time":1609510758,"event":{"mods":["Act Like it!","Arknights The Spire","BaseMod","CapriCore","Decade(王小明)","Friendly Minions","Gensokyo","HololiveMod","Minty Spire (QoL Compilation)","Quick Restart","Relic Stats","Replay The Spire","RumiaBox-露米娅的神秘盒子","StSLib"],"gold_per_floor":[85,99,116,116,130,160,176,191,217,247,247,277,294,73,73,176,176,189,29,104,104,117,137,153,153,207,207,217,217,229,243,243,345,445,462,473,394,413,433,463,463,477,525,525,525,541,551,564,564,564,564,564,439,472,472,472],"floor_reached":55,"playtime":4822,"items_purged":["Hololive_HuntDinosaur","Hololive_Strike","Hololive_Strike"],"score":979,"play_id":"efac1cb0-fbe2-45c0-975f-c48e6a9be6ef","local_time":"20210101221918","is_ascension_mode":false,"campfire_choices":[{"data":"Hololive_CallHoshimachiSuisei","floor":11.0,"key":"SMITH"},{"data":"Hololive_Thief","floor":15.0,"key":"SMITH"},{"data":"Hololive_CocoNews","floor":25.0,"key":"SMITH"},{"data":"Hololive_IdolExercise","floor":27.0,"key":"SMITH"},{"data":"Hololive_CallNakiriAyame","floor":32.0,"key":"SMITH"},{"data":"Hololive_Rebirth","floor":41,"key":"SMITH"},{"floor":44,"key":"RECALL"},{"floor":49,"key":"DIG"},{"data":"Pot Of Greed","floor":52,"key":"SMITH"}],"circlet_count":0,"master_deck":["Hololive_Defend","Hololive_Defend+1","Hololive_CallMoonaHoshinova+1","Hololive_CallUsadaPekora","Hololive_CallTokinoSora","Hololive_CallRoboco","Hololive_CallMinatoAqua","Hololive_CallNatsuiroMatsuri","Hololive_CallHoshimachiSuisei+1","Hololive_StrengthChampion","Hololive_Psychosis","Hololive_Thief+1","Pot Of Greed+1","Pot Of Greed","Hololive_CallAkaiHaato","Hololive_FlyingPonyTail","Hololive_IdolExercise+1","Hololive_Thief","Hololive_CallShirakamiFubuki","Hololive_CallKiryuuCoco","Hololive_Thief","Pot Of Greed","Hololive_CallNakiriAyame+1","Hololive_SummonFox","Hololive_Rebirth+1","Hololive_CocoNews+1","Hololive_CallAkiRosenthal","Hololive_FlyingPonyTail","Parasite","Hololive_CallHimemoriLuna+1","Hololive_MaximGun","Hololive_CallDoris","Hololive_FlyingPonyTail","Hololive_CallHimemoriLuna+1","Pot Of Greed"],"relics":["Hololive_TheStar","Pet Ghost","Incense Burner","Grinning Jar","Replay:Mystery Machine","Bag of Preparation","ReplayTheSpireMod:TigerMarble","Philosopher\u0027s Stone","Happy Flower","Replay:Wanted Poster","Pen Nib","Blood Vial","Centennial Puzzle"],"acts_visited":["Exordium","TheCity","TheBeyond","TheEnding"],"potions_floor_usage":[40,46,50,50,50],"damage_taken":[{"damage":0.0,"enemies":"Cultist","floor":1.0,"turns":3.0},{"damage":0.0,"enemies":"Jaw Worm","floor":2.0,"turns":3.0},{"damage":0.0,"enemies":"2 Louse","floor":3.0,"turns":2.0},{"damage":0.0,"enemies":"2 Fungi Beasts","floor":5.0,"turns":3.0},{"damage":0.0,"enemies":"Gremlin Nob","floor":6.0,"turns":4.0},{"damage":0.0,"enemies":"Large Slime","floor":7.0,"turns":4.0},{"damage":0.0,"enemies":"Red Slaver","floor":8.0,"turns":3.0},{"damage":0.0,"enemies":"3 Sentries","floor":10.0,"turns":4.0},{"damage":0.0,"enemies":"Lagavulin","floor":12.0,"turns":3.0},{"damage":0.0,"enemies":"Exordium Thugs","floor":13.0,"turns":4.0},{"damage":0.0,"enemies":"Fading Forest","floor":16.0,"turns":9.0},{"damage":0.0,"enemies":"3 Byrds","floor":18.0,"turns":3.0},{"damage":0.0,"enemies":"Shell Parasite","floor":22.0,"turns":2.0},{"damage":0.0,"enemies":"Centurion and Healer","floor":23.0,"turns":4.0},{"damage":0.0,"enemies":"Sentry and Sphere","floor":24.0,"turns":2.0},{"damage":0.0,"enemies":"Chosen and Byrds","floor":28.0,"turns":3.0},{"damage":0.0,"enemies":"Centurion and Healer","floor":30.0,"turns":3.0},{"damage":0.0,"enemies":"3 Cultists","floor":31.0,"turns":3.0},{"damage":0.0,"enemies":"Collector","floor":33.0,"turns":5.0},{"damage":0.0,"enemies":"Orb Walker","floor":35.0,"turns":2.0},{"damage":0.0,"enemies":"3 Darklings","floor":36.0,"turns":4.0},{"damage":0,"enemies":"Transient","floor":38,"turns":5},{"damage":0,"enemies":"Spire Growth","floor":39,"turns":2},{"damage":0,"enemies":"Reptomancer","floor":40,"turns":3},{"damage":0,"enemies":"Writhing Mass","floor":42,"turns":3},{"damage":0,"enemies":"3 Darklings","floor":46,"turns":3},{"damage":0,"enemies":"Jaw Worm Horde","floor":47,"turns":3},{"damage":0,"enemies":"4 Shapes","floor":48,"turns":3},{"damage":21,"enemies":"Awakened One","floor":50,"turns":11},{"damage":0,"enemies":"Shield and Spear","floor":54,"turns":4},{"damage":11,"enemies":"The Heart","floor":55,"turns":3}],"seed_played":"6974300823042617591","potions_obtained":[{"floor":1.0,"key":"Explosive Potion"},{"floor":2.0,"key":"ColorlessPotion"},{"floor":3.0,"key":"Energy Potion"},{"floor":7.0,"key":"SpeedPotion"},{"floor":10.0,"key":"Adrenaline Potion"},{"floor":22.0,"key":"Energy Potion"},{"floor":23.0,"key":"SpeedPotion"},{"floor":31.0,"key":"Swift Potion"},{"floor":36.0,"key":"AttackPotion"},{"floor":38,"key":"SneckoOil"},{"floor":40,"key":"FearPotion"},{"floor":48,"key":"SteroidPotion"}],"is_trial":false,"path_per_floor":["M","M","M","?","M","E","M","M","T","E","R","E","M","$","R","B",null,"M","$","?","$","M","M","M","R","T","R","M","?","M","M","R","B",null,"M","M","$","M","M","E","R","M","T","R","?","M","M","M","R","B",null,"R","$","E","B"],"character_chosen":"Hololive_HololiveCharacter","items_purchased":["ReplayTheSpireMod:TigerMarble","Hololive_CallShirakamiFubuki","Hololive_CallAkiRosenthal"],"campfire_rested":0,"item_purchase_floors":[14,19,37],"current_hp_per_floor":[35,35,35,28,28,28,28,28,28,28,28,28,28,28,28,35,35,35,35,32,32,32,32,32,32,32,32,32,35,35,35,35,35,35,35,35,35,35,35,35,35,35,35,35,35,35,35,35,35,14,35,35,35,35,24,24],"gold":472,"neow_bonus":"RANDOM_COMMON_RELIC","is_daily":false,"chose_seed":false,"campfire_upgraded":7,"win_rate":0.0,"timestamp":1609510758,"path_taken":["M","M","M","?","M","E","M","M","T","E","R","E","M","$","R","BOSS","M","$","?","?","M","M","M","R","T","R","?","?","M","M","R","BOSS","M","M","?","M","M","E","R","M","T","R","?","M","M","M","R","BOSS","R","$","E","BOSS"],"items_purchased_type":["Relic","Card","Card"],"build_version":"2020-12-22","purchased_purges":3,"victory":false,"max_hp_per_floor":[35,35,35,35,35,35,35,35,35,35,35,35,35,35,35,35,35,35,35,35,35,35,35,35,35,35,35,35,35,35,35,35,35,35,35,35,35,35,35,35,35,35,35,35,35,35,35,35,35,35,35,35,35,35,35,35],"relic_stats":{"Blood Vial":0,"Centennial Puzzle":[1],"Happy Flower":[20],"counters":[31,113],"Pen Nib":[5],"Bag of Preparation":[44],"obtain_stats":[{"Happy Flower":26,"Pen Nib":40,"Incense Burner":6,"Bag of Preparation":12,"Replay:Mystery Machine":10,"Pet Ghost":0,"Replay:Wanted Poster":34,"Blood Vial":49,"Centennial Puzzle":54,"Hololive_TheStar":0,"Philosopher\u0027s Stone":17,"ReplayTheSpireMod:TigerMarble":14,"Grinning Jar":9},{"Happy Flower":15,"Pen Nib":24,"Incense Burner":5,"Bag of Preparation":9,"Replay:Mystery Machine":8,"Pet Ghost":0,"Replay:Wanted Poster":19,"Blood Vial":28,"Centennial Puzzle":30,"Hololive_TheStar":0,"Philosopher\u0027s Stone":11,"ReplayTheSpireMod:TigerMarble":10,"Grinning Jar":7},{"Happy Flower":53,"Pen Nib":83,"Incense Burner":15,"Bag of Preparation":29,"Replay:Mystery Machine":26,"Pet Ghost":0,"Replay:Wanted Poster":67,"Blood Vial":95,"Centennial Puzzle":110,"Hololive_TheStar":0,"Philosopher\u0027s Stone":42,"ReplayTheSpireMod:TigerMarble":33,"Grinning Jar":22}]},"card_choices":[{"not_picked":["Hololive_CallHoushouMarine","Hololive_CallArtia","Hololive_CallTokoyamiTowa"],"picked":"Hololive_CallNatsuiroMatsuri","floor":1.0},{"not_picked":["Hololive_CallDoris","Hololive_Psychosis","Hololive_CandyCastle"],"picked":"Hololive_CallHoshimachiSuisei","floor":2.0},{"not_picked":["Hololive_Trident","Hololive_HuntDinosaur","Hololive_FlyingPonyTail"],"picked":"Hololive_StrengthChampion","floor":3.0},{"not_picked":["Hololive_Breathe","Hololive_CallAmaneKanata","Hololive_Sequa","Hololive_Trident"],"picked":"SKIP","floor":5.0},{"not_picked":["Hololive_CallTokoyamiTowa","Hololive_Drill","Hololive_OvertimeWork"],"picked":"Hololive_Psychosis","floor":6.0},{"not_picked":["Hololive_CallSpadeEcho","Hololive_Breathe","Hololive_HuntDinosaur"],"picked":"Hololive_Thief","floor":7.0},{"not_picked":["Hololive_CallYogiri","Hololive_SoulCatcher","Hololive_CallSpadeEcho"],"picked":"Hololive_CocoNews","floor":8.0},{"not_picked":["Hololive_CocoNews","Hololive_CallUsadaPekora","Hololive_CallRoboco"],"picked":"Hololive_CallAkaiHaato","floor":10.0},{"not_picked":["Hololive_StrengthChampion","Hololive_LuckPotion","Hololive_Trident"],"picked":"Hololive_FlyingPonyTail","floor":12.0},{"not_picked":["Hololive_CallRoboco","Hololive_Drill","Hololive_OvertimeWork"],"picked":"Hololive_IdolExercise","floor":13.0},{"not_picked":["Hololive_ASMR","Hololive_DiamondStrike","Hololive_FlareMind"],"picked":"Hololive_Thief","floor":16.0},{"not_picked":["Hololive_LuckPotion","Hololive_HuntDinosaur","Hololive_Trident","Hololive_StrengthChampion"],"picked":"SKIP","floor":18.0},{"not_picked":["Hololive_Trident","Hololive_CallSpadeEcho","Hololive_Rebound","Hololive_OvertimeWork"],"picked":"SKIP","floor":22.0},{"not_picked":["Hololive_CallMurasakiShion","Hololive_CallAkaiHaato","Hololive_Rebound"],"picked":"Hololive_CallKiryuuCoco","floor":23.0},{"not_picked":["Hololive_RevenueBasedLive+1","Hololive_CallUruhaRushia","Hololive_Drill"],"picked":"Hololive_Thief","floor":24.0},{"not_picked":["Hololive_CallMoonaHoshinova","Hololive_Psychosis","Hololive_Breathe","Hololive_HuntDinosaur"],"picked":"SKIP","floor":28.0},{"not_picked":["Hololive_HuntDinosaur+1","Hololive_StrengthChampion","Hololive_CallMoonaHoshinova"],"picked":"Hololive_CallNakiriAyame","floor":30.0},{"not_picked":["Hololive_Drill","Hololive_CallAiraniIofifteen","Hololive_Rebound"],"picked":"Hololive_SummonFox","floor":31.0},{"not_picked":["Hololive_BeCareful","Hololive_MaximGun","Hololive_OpenUp"],"picked":"Hololive_Rebirth","floor":33.0},{"not_picked":["Hololive_CallArtia","Hololive_Psychosis","Hololive_HuntDinosaur+1","Hololive_Trident"],"picked":"SKIP","floor":35.0},{"not_picked":["Hololive_CallRoboco","Hololive_CallAkiRosenthal+1","Hololive_LuckPotion"],"picked":"Hololive_CocoNews+1","floor":36.0},{"not_picked":["Hololive_Breathe","Hololive_BeCareful","Hololive_Sequa+1","Hololive_CallTokinoSora"],"picked":"SKIP","floor":38},{"not_picked":["Hololive_Breathe","Hololive_CallUsadaPekora","Hololive_Trident"],"picked":"Hololive_FlyingPonyTail","floor":39},{"not_picked":["Hololive_LuckPotion","Hololive_Sequa+1","Hololive_Breathe","Hololive_Rebound"],"picked":"SKIP","floor":40},{"not_picked":["Hololive_Psychosis+1","Hololive_CallTokoyamiTowa+1","Hololive_CallManoAloe"],"picked":"Hololive_CallHimemoriLuna+1","floor":42},{"not_picked":["Hololive_CallOzoraSubaru+1","Hololive_RevenueBasedLive+1","Hololive_CocoNews"],"picked":"Hololive_MaximGun","floor":46},{"not_picked":["Hololive_RevenueBasedLive","Hololive_CallShirakamiFubuki","Hololive_Watashimo+1"],"picked":"Hololive_CallDoris","floor":47},{"not_picked":["Hololive_CocoNews+1","Hololive_RevenueBasedLive+1","Hololive_CallSakuraMiko"],"picked":"Hololive_FlyingPonyTail","floor":48},{"not_picked":["Hololive_Trident","Hololive_CallShiranuiFlare","Hololive_CallMoonaHoshinova"],"picked":"Hololive_CallHimemoriLuna+1","floor":54}],"player_experience":169808,"relics_obtained":[{"floor":6.0,"key":"Incense Burner"},{"floor":9.0,"key":"Grinning Jar"},{"floor":10.0,"key":"Replay:Mystery Machine"},{"floor":12.0,"key":"Bag of Preparation"},{"floor":26.0,"key":"Happy Flower"},{"floor":40,"key":"Pen Nib"},{"floor":49,"key":"Blood Vial"},{"floor":54,"key":"Centennial Puzzle"}],"event_choices":[{"damage_healed":0.0,"max_hp_gain":0.0,"max_hp_loss":0.0,"gold_gain":0.0,"event_name":"Shining Light","player_choice":"Entered Light","floor":4.0,"gold_loss":0.0,"damage_taken":7.0,"cards_upgraded":["Hololive_Defend","Hololive_CallMoonaHoshinova"]},{"damage_healed":0.0,"max_hp_gain":0.0,"max_hp_loss":0.0,"gold_gain":75.0,"event_name":"FaceTrader","player_choice":"Touch","floor":20.0,"gold_loss":0.0,"damage_taken":3.0},{"cards_removed":["Hololive_CallShirakamiFubuki"],"damage_healed":3.0,"max_hp_gain":0.0,"max_hp_loss":0.0,"gold_gain":0.0,"event_name":"Bonfire Elementals","player_choice":"Offered Uncommon","floor":29.0,"gold_loss":0.0,"damage_taken":0.0},{"cards_removed":["Hololive_CocoNews"],"damage_healed":0,"gold_gain":0,"player_choice":"Removed Attack","damage_taken":0,"max_hp_gain":0,"max_hp_loss":0,"event_name":"Falling","floor":45,"gold_loss":0}],"is_beta":false,"boss_relics":[{"not_picked":["Kintsugi","Astrolabe"],"picked":"Philosopher\u0027s Stone"},{"not_picked":["Calling Bell","Hololive_TopUpMoneyS"],"picked":"Replay:Wanted Poster"}],"items_purged_floors":[14,19,53],"is_endless":false,"potions_floor_spawned":[1,2,3,7,10,22,23,31,36,38,40,48],"killed_by":"The Heart","ascension_level":0}}