{"host":"zzf13dk0jcen0ncv","time":1609488861,"event":{"mods":["AchievementEnabler","BaseMod","BetterRewards","Colored Map","Keyboard Shortcuts","Minty Spire (QoL Compilation)","Quick Restart","Shop Mod","StSLib","SuperFastMode","The Dragon Tamer","Waifu the Spire"],"gold_per_floor":[113,213,7,24,44,44,63,78,102,102,120,147,164,179,179,279,279,293,293,303,218,295,328,344,13,13,32,32,50,68,87,87,182,182,199,124,140,154,174,207,207,218,287,287,4,50,50,61,61,61],"floor_reached":51,"playtime":1584,"items_purged":["DTMod:Strike"],"score":1114,"play_id":"accec6e9-a4d5-42cc-bf17-f5f02e0e6caa","local_time":"20210101171421","is_ascension_mode":true,"metric_token":799,"campfire_choices":[{"data":"DTMod:StunTrap","floor":6,"key":"SMITH"},{"data":"DTMod:BurningForce","floor":10,"key":"SMITH"},{"floor":15,"key":"REST"},{"floor":28,"key":"REST"},{"floor":32,"key":"REST"},{"data":"Parasite","floor":41,"key":"PURGE"},{"floor":44,"key":"REST"},{"floor":47,"key":"REST"},{"floor":49,"key":"REST"}],"dtmod_dragon_data":[24,50,2,3,12,11],"circlet_count":0,"master_deck":["DTMod:Strike","DTMod:Strike","DTMod:Strike","DTMod:DoubleHit","DTMod:TargetDefense","DTMod:TargetDefense","DTMod:TargetDefense","DTMod:TargetDefense","DTMod:SwitchingTactic","DTMod:Dissolve","DTMod:Weaken","DTMod:BurningForce+1","DTMod:Dissolve","DTMod:WarmUp","Master of Strategy","DTMod:Adaptation","DTMod:StunTrap+1","DTMod:Dissolve","DTMod:InvisibleFlame","DTMod:ForkedFire","DTMod:StarRain","DTMod:TagTeam","DTMod:ExcessFootwork","DTMod:BurningEnergy","DTMod:Cover","DTMod:Multitask","DTMod:GearUp","DTMod:ShieldDrain","DTMod:SealedStrike","DTMod:Conduct","DTMod:LastStand+1","DTMod:EchoTactic","DTMod:InvisibleFlame","DTMod:BalancedStrike","DTMod:DarkBreath+1","DTMod:HeadStart","DTMod:DragonDance","DTMod:Safeguard","DTMod:CleansingStrike+1","DTMod:DragonDance","DTMod:Cover+1","DTMod:Weaken+1","DTMod:CrossStep","DTMod:Coolant","DTMod:BurningForce+1"],"relics":["DTMod:PactStone","Sundial","CaptainsWheel","DollysMirror","DTMod:MindBender","Ginger","Boot","Mummified Hand","PreservedInsect","Potion Belt","Runic Dome","Pen Nib","StrikeDummy","Matryoshka","Akabeko","DTMod:OddArmor","MealTicket","Incense Burner","Peace Pipe","Vajra","Ornamental Fan","MerchantsRug","White Beast Statue","Unceasing Top"],"acts_visited":["Exordium","TheCity","TheBeyond"],"potions_floor_usage":[24,30,33,33,33,46,46,50,50],"damage_taken":[{"damage":2,"enemies":"2 Louse","floor":1,"turns":3},{"damage":3,"enemies":"Cultist","floor":4,"turns":3},{"damage":0,"enemies":"Jaw Worm","floor":5,"turns":2},{"damage":3,"enemies":"Exordium Wildlife","floor":7,"turns":2},{"damage":3,"enemies":"Blue Slaver","floor":8,"turns":3},{"damage":0,"enemies":"Lots of Slimes","floor":11,"turns":2},{"damage":3,"enemies":"3 Sentries","floor":12,"turns":5},{"damage":0,"enemies":"Gremlin Gang","floor":13,"turns":2},{"damage":0,"enemies":"Exordium Thugs","floor":14,"turns":4},{"damage":10,"enemies":"Hexaghost","floor":16,"turns":8},{"damage":7,"enemies":"Shell Parasite","floor":18,"turns":3},{"damage":0,"enemies":"Spheric Guardian","floor":20,"turns":1},{"damage":23,"enemies":"Book of Stabbing","floor":23,"turns":6},{"damage":15,"enemies":"Shelled Parasite and Fungi","floor":24,"turns":5},{"damage":0,"enemies":"Snake Plant","floor":27,"turns":4},{"damage":0,"enemies":"Chosen and Byrds","floor":29,"turns":4},{"damage":0,"enemies":"Shelled Parasite and Fungi","floor":30,"turns":4},{"damage":3,"enemies":"3 Cultists","floor":31,"turns":6},{"damage":3,"enemies":"Champ","floor":33,"turns":7},{"damage":0,"enemies":"Orb Walker","floor":35,"turns":4},{"damage":0,"enemies":"3 Darklings","floor":37,"turns":5},{"damage":0,"enemies":"Spire Growth","floor":38,"turns":4},{"damage":12,"enemies":"Writhing Mass","floor":39,"turns":8},{"damage":11,"enemies":"Giant Head","floor":40,"turns":9},{"damage":15,"enemies":"Jaw Worm Horde","floor":42,"turns":7},{"damage":0,"enemies":"2 Orb Walkers","floor":46,"turns":4},{"damage":0,"enemies":"Sphere and 2 Shapes","floor":48,"turns":3},{"damage":44,"enemies":"Time Eater","floor":50,"turns":9}],"seed_played":"8132994250601035221","potions_obtained":[{"floor":1,"key":"Regen Potion"},{"floor":5,"key":"Strength Potion"},{"floor":13,"key":"Explosive Potion"},{"floor":16,"key":"SpeedPotion"},{"floor":18,"key":"Ancient Potion"},{"floor":27,"key":"Block Potion"},{"floor":29,"key":"DuplicationPotion"},{"floor":30,"key":"SteroidPotion"},{"floor":33,"key":"FairyPotion"},{"floor":37,"key":"ColorlessPotion"},{"floor":38,"key":"Strength Potion"},{"floor":40,"key":"FearPotion"},{"floor":42,"key":"Weak Potion"},{"floor":46,"key":"CultistPotion"},{"floor":48,"key":"Block Potion"}],"is_trial":false,"path_per_floor":["M","?","$","M","M","R","M","M","T","R","M","E","M","M","R","B",null,"M","?","M","?","T","E","M","$","T","M","R","M","M","M","R","B",null,"M","$","M","M","M","E","R","M","T","R","$","?","R","M","R","B",null],"character_chosen":"THE_DT","items_purchased":["Sundial","CaptainsWheel","DTMod:Dissolve","DTMod:Weaken","DTMod:BurningForce","DollysMirror","DTMod:MindBender","Ginger","Boot","DTMod:WarmUp","Master of Strategy","Mummified Hand","DTMod:StunTrap","DTMod:Dissolve","DTMod:EchoTactic","DTMod:OddArmor","DTMod:InvisibleFlame","MerchantsRug","White Beast Statue"],"campfire_rested":6,"item_purchase_floors":[0,0,0,0,0,0,0,0,0,0,0,0,3,3,25,25,25,45,45],"current_hp_per_floor":[43,43,43,40,40,40,37,34,34,34,34,31,31,31,44,34,45,38,38,38,38,38,15,14,14,14,14,27,27,27,24,37,34,45,45,45,45,45,33,22,22,7,7,19,34,34,42,42,42,12],"gold":61,"neow_bonus":"","is_daily":false,"chose_seed":false,"campfire_upgraded":2,"win_rate":0.0,"timestamp":1609488861,"path_taken":["M","?","$","M","M","R","M","M","T","R","M","E","M","?","R","BOSS","M","?","M","?","?","E","M","$","T","?","R","M","M","M","R","BOSS","M","$","?","M","M","E","R","M","T","R","$","?","R","M","R","BOSS"],"items_purchased_type":["Relic","Relic","Card","Card","Card","Relic","Relic","Relic","Relic","Card","Card","Relic","Card","Card","Card","Relic","Card","Relic","Relic"],"build_version":"2020-12-22","purchased_purges":1,"victory":true,"max_hp_per_floor":[45,45,45,45,45,45,45,45,45,45,45,45,45,45,45,45,45,45,45,45,45,45,45,45,45,45,45,45,45,45,45,45,45,45,45,45,45,45,45,45,42,42,42,42,42,42,42,42,42,42],"card_choices":[{"not_picked":["DTMod:Hide","DTMod:Weaken"],"picked":"DTMod:Adaptation","floor":1},{"not_picked":["DTMod:DeepFocus","DTMod:BlazingStrike"],"picked":"DTMod:InvisibleFlame","floor":4},{"not_picked":["DTMod:ShieldDrain","DTMod:BizarreTactic"],"picked":"DTMod:ForkedFire","floor":5},{"not_picked":["DTMod:BlueScale","DTMod:BlazingStrike"],"picked":"DTMod:StarRain","floor":7},{"not_picked":["DTMod:Hide","DTMod:Feint"],"picked":"DTMod:TagTeam","floor":8},{"not_picked":["DTMod:Weaken","DTMod:MagiciansMark"],"picked":"DTMod:ExcessFootwork","floor":11},{"not_picked":["DTMod:BreakAttack","DTMod:CleansingStrike"],"picked":"DTMod:BurningEnergy","floor":12},{"not_picked":["DTMod:BreakAttack","DTMod:StarRain"],"picked":"DTMod:Cover","floor":13},{"not_picked":["DTMod:CleansingStrike","DTMod:Observe"],"picked":"DTMod:Multitask","floor":14},{"not_picked":["DTMod:FierySynthesis","DTMod:ExcessFootwork"],"picked":"DTMod:GearUp","floor":16},{"not_picked":["DTMod:Hide","DTMod:Feint"],"picked":"DTMod:ShieldDrain","floor":18},{"not_picked":["DTMod:HeatWave","DTMod:ComboAttack"],"picked":"DTMod:SealedStrike","floor":20},{"not_picked":["DTMod:BlueScale","DTMod:BuildUp"],"picked":"DTMod:Conduct","floor":23},{"not_picked":["DTMod:MagicField","DTMod:Cover"],"picked":"DTMod:LastStand+1","floor":24},{"not_picked":["DTMod:Haste+1","DTMod:Hide+1"],"picked":"DTMod:BalancedStrike","floor":27},{"not_picked":["DTMod:ShieldDrain","DTMod:Coolant"],"picked":"DTMod:DarkBreath+1","floor":29},{"not_picked":["DTMod:BalancedStrike","DTMod:Training"],"picked":"DTMod:HeadStart","floor":30},{"not_picked":["DTMod:BizarreTactic","DTMod:BlazingStrike"],"picked":"DTMod:DragonDance","floor":31},{"not_picked":["DTMod:Outburst","DTMod:FierySynthesis"],"picked":"DTMod:Safeguard","floor":33},{"not_picked":["DTMod:FlameSlash+1","DTMod:MaximumCharge"],"picked":"DTMod:CleansingStrike+1","floor":35},{"not_picked":["DTMod:BuildUp","DTMod:DarkBreath"],"picked":"DTMod:DragonDance","floor":37},{"not_picked":["DTMod:QuickFly+1","DTMod:Threaten+1"],"picked":"DTMod:Cover+1","floor":38},{"not_picked":["DTMod:Punisher+1","DTMod:ShieldDrain","DTMod:BreakAttack"],"picked":"SKIP","floor":39},{"not_picked":["DTMod:FierySynthesis","DTMod:MasterPlan"],"picked":"DTMod:Weaken+1","floor":40},{"not_picked":["DTMod:BurningEnergy","DTMod:BlazingStrike+1"],"picked":"DTMod:CrossStep","floor":42},{"not_picked":["DTMod:BlazingStrike","DTMod:BuildUp"],"picked":"DTMod:Coolant","floor":46},{"not_picked":["DTMod:MasterPlan","DTMod:ComboAttack"],"picked":"DTMod:BurningForce+1","floor":48}],"player_experience":928039,"relics_obtained":[{"floor":9,"key":"PreservedInsect"},{"floor":12,"key":"Potion Belt"},{"floor":22,"key":"Matryoshka"},{"floor":23,"key":"Akabeko"},{"floor":26,"key":"MealTicket"},{"floor":26,"key":"Incense Burner"},{"floor":40,"key":"Peace Pipe"},{"floor":43,"key":"Vajra"},{"floor":43,"key":"Ornamental Fan"},{"floor":46,"key":"Unceasing Top"}],"event_choices":[{"damage_healed":0,"gold_gain":100,"player_choice":"Pray","damage_taken":0,"max_hp_gain":0,"max_hp_loss":0,"event_name":"Golden Shrine","floor":2,"gold_loss":0},{"damage_healed":0,"gold_gain":0,"player_choice":"Opened","damage_taken":0,"relics_obtained":["Pen Nib"],"max_hp_gain":0,"max_hp_loss":0,"event_name":"The Mausoleum","floor":19,"gold_loss":0},{"damage_healed":0,"gold_gain":0,"player_choice":"Obtained Relic","damage_taken":0,"relics_obtained":["StrikeDummy"],"max_hp_gain":0,"max_hp_loss":0,"event_name":"Addict","floor":21,"gold_loss":85},{"damage_healed":0,"gold_gain":0,"player_choice":"Fight","damage_taken":0,"max_hp_gain":0,"max_hp_loss":0,"event_name":"Mysterious Sphere","floor":46,"gold_loss":0}],"is_beta":false,"boss_relics":[{"not_picked":["Busted Crown","Cursed Key"],"picked":"Runic Dome"},{"not_picked":["Coffee Dripper","Velvet Choker"],"picked":"DTMod:TheChair"}],"items_purged_floors":[36],"is_endless":false,"potions_floor_spawned":[1,5,13,16,18,27,29,30,33,37,38,40,42,46,48],"ascension_level":3}}