{"host":"lkyw40t68mxhwfjf","time":1609525347,"event":{"mods":["2.2 Compatiblity","Act Like it!","Arknights The Spire","BaseMod","Better Note","Hallownest","HololiveMod","Hubris","Koishi","Lobotomy","Marisa¡]Ãú«B¡@Å]²z¨F¡^","Minty Spire (QoL Compilation)","Prisma Mod","Reimu¡]³Õ???¡^","Remilia¡]Á¢¦Ì²ú?¡^","Replay The Spire","RumiaBox-ÅS¦Ì?ªº¯«¯µ²°¤l","StSLib","The Animator","The Servant 0.9.4","WarShipGirlsR/??¤Ö¤kR mod","Youmu¡]»î¾z§¯?¡^","Yuyuko"],"gold_per_floor":[111,111,128,145,157,157,184,184,184,184,211,19,32,32,32,129,129,144,144,94,19,19,49,49,64,87,106,106,106,125,139,139,139,139],"floor_reached":33,"playtime":1144,"items_purged":[],"score":300,"play_id":"9cbd0826-3f29-4e49-a541-9eba13230762","local_time":"20210102022227","is_ascension_mode":false,"campfire_choices":[{"data":"ats:Armor Crushing Shot","floor":6,"key":"SMITH"},{"floor":8,"key":"REST"},{"floor":15,"key":"REST"},{"floor":24,"key":"RECALL"},{"floor":32,"key":"REST"}],"circlet_count":0,"master_deck":["ats:Strike C","ats:Strike G","ats:Strike S","ats:Strike V","ats:Armor Crushing Shot+1","ats:Defend","ats:Defend","ats:Defend","ats:Defend","ats:Emotion Absorption+1","ats:Poison Spread","ats:Explosion Area Strengthen","ats:Powerful Strike","ats:Closed Bolt Burst Fire","ats:Cat Scratch","ats:Beaten Up","ats:Apocalypse","ats:Childhood Dance","ats:Soul Rend","ats:Apocalypse","ats:Explosion Area Strengthen","ats:Shadow Raid","ats:Apocalypse+1","ats:Flexible Camouflage+1","ats:Flexible Camouflage+1","ats:Hook Shot","ats:Explosion Area Strengthen"],"relics":["ats:Sanity","PreservedInsect","ats:Originium","Vajra","Ring of Searing","ReplayTheSpireMod:Ring of Exchange","MoreBug","Nunchaku","Tiny Chest","DollysMirror","SSSystem","ReplayTheSpireMod:Shallot","Toy Ornithopter"],"acts_visited":["Exordium","TheCity"],"potions_floor_usage":[7,7,30,31,31],"damage_taken":[{"damage":2,"enemies":"2 Louse","floor":1,"turns":4},{"damage":4,"enemies":"Jaw Worm","floor":3,"turns":4},{"damage":10,"enemies":"Small Slimes","floor":4,"turns":3},{"damage":10,"enemies":"Looter","floor":5,"turns":3},{"damage":37,"enemies":"Lagavulin","floor":7,"turns":3},{"damage":0,"enemies":"Gremlin Nob","floor":11,"turns":2},{"damage":0,"enemies":"2 Fungi Beasts","floor":13,"turns":2},{"damage":34,"enemies":"The Guardian","floor":16,"turns":13},{"damage":24,"enemies":"Spheric Guardian","floor":18,"turns":5},{"damage":13,"enemies":"Gremlin Leader","floor":23,"turns":4},{"damage":3,"enemies":"3 Byrds","floor":25,"turns":5},{"damage":43,"enemies":"Snake Plant","floor":27,"turns":5},{"damage":0,"enemies":"3 Cultists","floor":30,"turns":3},{"damage":49,"enemies":"Sentry and Sphere","floor":31,"turns":7},{"damage":83,"enemies":"Automaton","floor":33,"turns":6}],"seed_played":"-7490289031570305644","potions_obtained":[{"floor":1,"key":"DuplicationPotion"},{"floor":3,"key":"PowerPotion"},{"floor":11,"key":"Swift Potion"},{"floor":13,"key":"SmokeBomb"},{"floor":23,"key":"Weak Potion"},{"floor":25,"key":"GrandPatriotsElixir:ReiMu"}],"is_trial":false,"path_per_floor":["M","?","M","M","M","R","E","R","T","?","E","$","M","?","R","B",null,"M","?","?","$","T","E","R","M","T","M","?","?","M","M","R","B"],"character_chosen":"DOCTOR_CLASS","items_purchased":["ats:Apocalypse","Nunchaku","ats:Shadow Raid"],"campfire_rested":3,"item_purchase_floors":[12,12,21],"current_hp_per_floor":[70,70,66,56,46,46,9,30,30,30,30,30,30,5,26,26,72,54,54,54,54,54,50,50,51,51,28,28,28,42,24,45,0,0],"gold":139,"neow_bonus":"RANDOM_COMMON_RELIC","is_daily":false,"chose_seed":false,"campfire_upgraded":1,"win_rate":0.0,"timestamp":1609525347,"path_taken":["M","?","M","M","M","R","E","R","T","?","E","$","M","?","R","BOSS","M","?","?","?","?","E","R","?","T","M","?","?","M","M","R","BOSS"],"items_purchased_type":["Card","Relic","Card"],"build_version":"2020-12-22","purchased_purges":0,"victory":false,"max_hp_per_floor":[72,72,72,72,72,72,72,72,72,72,72,72,72,72,72,72,72,72,72,72,72,72,72,72,72,72,72,72,72,72,72,72,72,72],"card_choices":[{"not_picked":["ats:Childhood Dance","ats:Hammer On"],"picked":"ats:Poison Spread","floor":1},{"not_picked":["ats:Support Order","ats:Song Of Battle"],"picked":"ats:Explosion Area Strengthen","floor":3},{"not_picked":["ats:Ignite","ats:Chain Hook"],"picked":"ats:Powerful Strike","floor":4},{"not_picked":["ats:Leaping Hammer","ats:Assault Order"],"picked":"ats:Closed Bolt Burst Fire","floor":5},{"not_picked":["ats:Curse Doll","ats:Directed Diagnosis"],"picked":"ats:Cat Scratch","floor":7},{"not_picked":["ats:Steam Pump","ats:Curse Doll"],"picked":"ats:Beaten Up","floor":11},{"not_picked":["ats:Thorns","ats:Poison Spread"],"picked":"ats:Childhood Dance","floor":13},{"not_picked":["ats:True Silver Slash","ats:Echo Reverb"],"picked":"ats:Soul Rend","floor":16},{"not_picked":["ats:Hammer On","ats:Part Time Job"],"picked":"ats:Cat Scratch","floor":18},{"not_picked":["ats:Leaping Hammer","ats:Assault Order"],"picked":"ats:Apocalypse+1","floor":23},{"not_picked":["ats:Spore Proliferation","ats:Volcano","ats:Curse Doll"],"picked":"SKIP","floor":25},{"not_picked":["ats:Powerful Strike","ats:Consecutive Shot Auto+1"],"picked":"ats:Flexible Camouflage+1","floor":27},{"not_picked":["ats:Apocalypse","ats:Magnetic Hammer"],"picked":"ats:Hook Shot","floor":30},{"not_picked":["ats:Burning Ground","ats:Cat Scratch"],"picked":"ats:Explosion Area Strengthen","floor":31}],"player_experience":403148,"relics_obtained":[{"floor":7,"key":"ats:Originium"},{"floor":7,"key":"Vajra"},{"floor":10,"key":"Ring of Searing"},{"floor":10,"key":"ReplayTheSpireMod:Ring of Exchange"},{"floor":11,"key":"ats:Originium"},{"floor":11,"key":"MoreBug"},{"floor":22,"key":"SSSystem"},{"floor":23,"key":"ats:Originium"},{"floor":23,"key":"ReplayTheSpireMod:Shallot"},{"floor":26,"key":"Toy Ornithopter"}],"event_choices":[{"damage_healed":0,"gold_gain":0,"player_choice":"Grow","damage_taken":0,"max_hp_gain":0,"max_hp_loss":0,"event_name":"Living Wall","floor":2,"gold_loss":0,"cards_upgraded":["ats:Emotion Absorption"]},{"damage_healed":0,"gold_gain":0,"player_choice":"Success","damage_taken":25,"relics_obtained":["Tiny Chest"],"max_hp_gain":0,"max_hp_loss":0,"event_name":"Scrap Ooze","floor":14,"gold_loss":0},{"damage_healed":0,"gold_gain":0,"cards_transformed":["ats:Cat Scratch"],"player_choice":"Transformed","damage_taken":0,"max_hp_gain":0,"max_hp_loss":0,"event_name":"Transmorgrifier","floor":19,"gold_loss":0,"cards_obtained":["ats:Explosion Area Strengthen"]},{"damage_healed":0,"gold_gain":0,"player_choice":"Bet on Murderer","damage_taken":0,"max_hp_gain":0,"max_hp_loss":0,"event_name":"The Joust","floor":20,"gold_loss":50},{"damage_healed":0,"gold_gain":0,"player_choice":"Copied","damage_taken":0,"max_hp_gain":0,"max_hp_loss":0,"event_name":"Duplicator","floor":28,"gold_loss":0,"cards_obtained":["ats:Flexible Camouflage"]},{"damage_healed":0,"gold_gain":0,"player_choice":"Ignored","damage_taken":0,"max_hp_gain":0,"max_hp_loss":0,"event_name":"Ghosts","floor":29,"gold_loss":0}],"is_beta":false,"boss_relics":[{"not_picked":["AddBug","hubris:Stopwatch"],"picked":"DollysMirror"}],"items_purged_floors":[],"is_endless":false,"potions_floor_spawned":[1,3,11,13,23,25],"killed_by":"Automaton","ascension_level":0}}