{"host":"cop8ymgpsji2w9by","time":1609475703,"event":{"mods":["2.2 Compatiblity","Act Like it!","Astrologer","Bard","BaseMod","Beaked The Cultist","Better Third Choice","BetterRewards","CapriCore","CatGirl Mod","ChefMod","Colored Map","Colored Powertips","Conspire","Curses Come First","DeckTracker","Downfall","Elementarium","Energized Spire","Fiend Mod","Friendly Minions","Gensokyo","Gremlin Mod","Hallownest","Hermit","Hubris","Infinite Spire","Mad Scientist","Marisa????????","Marked Mod","Menagerie","Mimic Mod","Minty Spire (QoL Compilation)","READ ME - Guardian Mod","Random Character Button","Rare Cards Sparkle","Replay The Spire","Robot Space Explorer","SIMod","Shade Mod","Somnambulant","Spicy Shops","StSLib","The Accelerator","The Blackbeard","The Bladedancer","The Blue Laboratory","The Bug Knight","The Clintock","The Construct","The Cursed","The Death Knight","The Disciple","The Elementalist","The Factory","The Forsaken","The Gatherer","The Hayseed","The Hierophant","The Immortal","The Judge","The Jungle","The Marked","The Mystic","The Necromancer","The Poker Player","The Runesmith","The Servant 0.9.4","TheFirefly","TheSwordswoman","TheVacant","Wandering Minibosses","thorton"],"gold_per_floor":[110,110,35,51,63,63,96,96,96,107,107,7,7,49,49,148,148,161,171,286,286,286,296,21,21,45,71,103,121,134,149,149,252,252,268,287,287,316,316,316,328,328,355,367,415,337,367,410,422,434,446,458,72,72,72],"floor_reached":54,"playtime":4179,"items_purged":[],"score":1167,"play_id":"b0323bcf-ba9a-4219-af0e-73677f41048e","local_time":"20201231233503","is_ascension_mode":false,"campfire_choices":[{"floor":6.0,"key":"RECALL"},{"floor":8.0,"key":"REST"},{"floor":15.0,"key":"REST"},{"data":"TheCursedMod:OutForBlood","floor":32.0,"key":"SMITH"},{"floor":40.0,"key":"REST"},{"data":"TheCursedMod:SurpriseAttack","floor":42.0,"key":"SMITH"},{"data":"TheCursedMod:OutForBlood+1","floor":44.0,"key":"SMITH"},{"data":"Replay:SS_hec_2","floor":49.0,"key":"SMITH"},{"floor":52,"key":"REST"}],"circlet_count":0,"master_deck":["TheCursedMod:Defend_TheCursed","TheCursedMod:Defend_TheCursed","TheCursedMod:CursedWand","TheCursedMod:CleanUpWorkshop","TheCursedMod:Dregs","TheCursedMod:WearCloak+1","TheCursedMod:CursedBoomerang+1","thefirefly:Regeneration","TheCursedMod:SpitefulStrike","TheCursedMod:SurpriseAttack","TheCursedMod:CursedAmulet","Pain","Injury","TheCursedMod:ReleasedStrength","TheCursedMod:OutForBlood+2","TheCursedMod:WearCloak+1","TheCursedMod:CursedArmor+1","ReplayTheSpireMod:Splinters","TheCursedMod:FleshFromBone","TheCursedMod:Hemoplague+1","TheCursedMod:CursedBoomerang","infinitespire:DeathsTouch","expansioncontent:StudyTheSpire","Replay:SS_hec_2+1","Bandage Up","Bite","Bite","Bite","Bite","TheCursedMod:CursedMace","TheCursedMod:FleshFromBone","expansioncontent:ChargeUp","TheCursedMod:VitalStrike","TheCursedMod:SpitefulStrike","TheCursedMod:Stigma","TheCursedMod:FleshFromBone+1","TheCursedMod:SpitefulStrike+1","TheCursedMod:VoidForm","TheCursedMod:Torture+1","TheCursedMod:CursedBlade","TheCursedMod:SurpriseAttack+1","TheCursedMod:Hemoplague+1","TheCursedMod:SurpriseAttack","TheCursedMod:SurpriseAttack+1","TheCursedMod:CollectTribute","Gensokyo:CustomPotion","TheCursedMod:RavingStaff+1","TheCursedMod:SpitefulPray","TheCursedMod:SpitefulStrike","TheCursedMod:Hemoplague+1"],"relics":["TheCursedMod:BlackMagic101","Replay:Wax Seal","Anchor","infinitespire:Beetle Shell","HandDrill","Sling","thethorton:BrokenCalculator","conspire:InfiniteJournal","Gensokyo:LunaticRedEyes","infinitespire:ShieldingShard","Juzu Bracelet","hubris:VirtuousBlindfold","ReplayTheSpireMod:ShopPack","theForsaken:Lifeblossom","Boot","hubris:ToyBattleship","Ancient Tea Set","Pen Nib","energizedSpire:MagnifyingGlass","Snack Pack","MawBank","Replay:Bottled Flurry","HollowMod:PaleOreRelic","ReplayTheSpireMod:Lightbulb","ReplayFunnel"],"acts_visited":["Exordium","TheCity","TheCity","TheEnding"],"potions_floor_usage":[],"damage_taken":[{"damage":2.0,"enemies":"Gensokyo:2_Kodama","floor":1.0,"turns":4.0},{"damage":0.0,"enemies":"Gensokyo:Python","floor":4.0,"turns":2.0},{"damage":0.0,"enemies":"Gensokyo:3_Fairies","floor":5.0,"turns":4.0},{"damage":3.0,"enemies":"Gensokyo:Mamizou","floor":7.0,"turns":8.0},{"damage":0.0,"enemies":"Gensokyo:Python_and_Kodama","floor":10.0,"turns":4.0},{"damage":20.0,"enemies":"Gensokyo:LivingMonolith","floor":14.0,"turns":4.0},{"damage":19.0,"enemies":"Gensokyo:Kokoro","floor":16.0,"turns":11.0},{"damage":0.0,"enemies":"Shell Parasite","floor":18.0,"turns":3.0},{"damage":0.0,"enemies":"Spheric Guardian","floor":19.0,"turns":4.0},{"damage":3.0,"enemies":"Snecko","floor":23.0,"turns":5.0},{"damage":2.0,"enemies":"Replay:Snechameleon","floor":27.0,"turns":3.0},{"damage":0.0,"enemies":"conspire:MimicChest","floor":28.0,"turns":6.0},{"damage":1.0,"enemies":"conspire:HollyBat","floor":29.0,"turns":10.0},{"damage":38.0,"enemies":"3 Cultists","floor":30.0,"turns":4.0},{"damage":0.0,"enemies":"Shelled Parasite and Fungi","floor":31.0,"turns":5.0},{"damage":2.0,"enemies":"conspire:MysteriousRune","floor":33.0,"turns":7.0},{"damage":0.0,"enemies":"Gensokyo:3_Bats","floor":35.0,"turns":5.0},{"damage":23.0,"enemies":"Gensokyo:3_Boulders","floor":36.0,"turns":6.0},{"damage":25.0,"enemies":"Gensokyo:AtlasGolem","floor":38.0,"turns":6.0},{"damage":0.0,"enemies":"Gensokyo:Dusk_and_Dawn","floor":41.0,"turns":5.0},{"damage":0.0,"enemies":"Gensokyo:Doremy","floor":45.0,"turns":3.0},{"damage":0.0,"enemies":"Gensokyo:SeedOfUnknown","floor":47.0,"turns":4.0},{"damage":16.0,"enemies":"Gensokyo:Kasen","floor":48.0,"turns":6.0},{"damage":45,"enemies":"Gensokyo:Shinki","floor":50,"turns":8},{"damage":60,"enemies":"Shield and Spear","floor":54,"turns":3}],"seed_played":"-5233578490133344207","potions_obtained":[{"floor":7.0,"key":"DistilledChaos"},{"floor":10.0,"key":"blueLaboratory:FruitPunch"},{"floor":14.0,"key":"SpeedPotion"},{"floor":19.0,"key":"Reflective Coating"},{"floor":27.0,"key":"Reflective Coating"},{"floor":28.0,"key":"FearPotion"},{"floor":33.0,"key":"blueLaboratory:PolymorphPotion"},{"floor":35.0,"key":"blueLaboratory:BottleOfVodka"},{"floor":38.0,"key":"Weak Potion"},{"floor":45.0,"key":"SteroidPotion"},{"floor":47.0,"key":"Reflective Coating"}],"is_trial":false,"path_per_floor":["M","?","$","M","M","R","E","R","T","M","?","?","?","M","R","B",null,"M","M","?","AVR","?","M","$","?","T","E","?","M","M","M","R","B",null,"M","M","?","M","?","R","M","R","T","R","E","?","M","E","R","B",null,"R","$","E"],"character_chosen":"THE_CURSED","items_purchased":["Replay:Wax Seal","Anchor","infinitespire:Beetle Shell","HandDrill","Sling","TheCursedMod:WearCloak+1","thethorton:BrokenCalculator","theForsaken:Lifeblossom","Boot","TheCursedMod:FleshFromBone","ReplayTheSpireMod:Lightbulb","ReplayFunnel","TheCursedMod:Hemoplague+1"],"campfire_rested":4,"item_purchase_floors":[0,0,0,0,0,0,3,24,24,24,53,53,53],"current_hp_per_floor":[51,51,51,51,51,51,48,70,70,70,70,70,70,50,72,55,77,77,77,77,77,53,52,52,52,52,53,53,53,20,44,44,48,53,53,30,30,23,16,31,51,51,51,51,53,53,53,44,44,23,53,53,53,0,0],"gold":72,"neow_bonus":"","is_daily":false,"chose_seed":false,"campfire_upgraded":4,"win_rate":0.0,"timestamp":1609475703,"path_taken":["M","?","$","M","M","R","E","R","T","?","?","?","?","M","R","BOSS","M","M","?","AVR","?","M","?","?","T","E","?","M","M","M","R","BOSS","M","M","?","M","?","R","M","R","T","R","E","?","M","E","R","BOSS","R","$","E"],"items_purchased_type":["Relic","Relic","Relic","Relic","Relic","Card","Relic","Relic","Relic","Card","Relic","Relic","Card"],"build_version":"2020-12-22","purchased_purges":0,"victory":false,"max_hp_per_floor":[75,75,75,75,75,75,75,75,75,75,75,75,75,75,75,77,77,77,77,77,77,53,53,53,53,53,53,53,53,53,53,53,53,53,53,53,53,53,53,53,53,53,53,53,53,53,53,53,53,53,53,53,53,53,53],"card_choices":[{"not_picked":["TheCursedMod:TacticalStrike","TheCursedMod:CursedShiv"],"picked":"TheCursedMod:CursedBoomerang","floor":1.0},{"not_picked":["Shade:DarkOfNight","Sadistic Nature"],"picked":"thefirefly:Regeneration","floor":4.0},{"not_picked":["TheCursedMod:AshesToAshes","TheCursedMod:RapidMovement"],"picked":"TheCursedMod:SpitefulStrike","floor":5.0},{"not_picked":["TheCursedMod:FleshFromBone","TheCursedMod:OutForBlood"],"picked":"TheCursedMod:SurpriseAttack","floor":7.0},{"not_picked":["TheCursedMod:Stretching","TheCursedMod:SaltUponWound"],"picked":"TheCursedMod:CursedAmulet","floor":10.0},{"not_picked":["TheCursedMod:RavingStaff","TheCursedMod:RapidMovement"],"picked":"TheCursedMod:ReleasedStrength","floor":14.0},{"not_picked":["TheCursedMod:Neurasthenia","TheCursedMod:ShockAndAwe"],"picked":"TheCursedMod:OutForBlood","floor":16.0},{"not_picked":["TheCursedMod:Grudge","TheCursedMod:SoulCrush"],"picked":"TheCursedMod:WearCloak+1","floor":18.0},{"not_picked":["TheCursedMod:EmpowerCircles+1","TheCursedMod:TroublousMinions"],"picked":"TheCursedMod:CursedArmor+1","floor":19.0},{"not_picked":["TheCursedMod:TacticalStrike","TheCursedMod:PrepareRite"],"picked":"TheCursedMod:FleshFromBone","floor":20.0},{"not_picked":["TheCursedMod:VitalStrike","TheCursedMod:SmokeScreen+1"],"picked":"TheCursedMod:Hemoplague+1","floor":20.0},{"not_picked":["TheCursedMod:RavingStaff","TheCursedMod:CursedShiv+1"],"picked":"TheCursedMod:CursedBoomerang","floor":20.0},{"not_picked":["Transmutation","expansioncontent:DashGenerateEvil"],"picked":"expansioncontent:StudyTheSpire","floor":21.0},{"not_picked":["expansioncontent:PrepareCrush","expansioncontent:ManipulateTime"],"picked":"Replay:SS_hec_2","floor":21.0},{"not_picked":["Mind Blast","expansioncontent:TimeRipple"],"picked":"Bandage Up","floor":21.0},{"not_picked":["TheCursedMod:Stretching","TheCursedMod:CircleOfFlame"],"picked":"TheCursedMod:CursedMace","floor":23.0},{"not_picked":["TheCursedMod:ShockAndAwe","TheCursedMod:CursedAmulet"],"picked":"TheCursedMod:VitalStrike","floor":27.0},{"not_picked":["TheCursedMod:CircleOfBlood","TheCursedMod:TacticalStrike+1"],"picked":"TheCursedMod:SpitefulStrike","floor":28.0},{"not_picked":["TheCursedMod:BlessingInDisguise+1","TheCursedMod:TacticalStrike"],"picked":"TheCursedMod:Stigma","floor":29.0},{"not_picked":["TheCursedMod:SmokeScreen+1","TheCursedMod:ShockAndAwe"],"picked":"TheCursedMod:FleshFromBone+1","floor":30.0},{"not_picked":["TheCursedMod:WearCloak+1","TheCursedMod:Wield"],"picked":"TheCursedMod:SpitefulStrike+1","floor":31.0},{"not_picked":["TheCursedMod:ShockAndAwe","TheCursedMod:UltimatePain"],"picked":"TheCursedMod:VoidForm","floor":33.0},{"not_picked":["TheCursedMod:CircleOfFlame+1","TheCursedMod:Stretching+1"],"picked":"TheCursedMod:Torture+1","floor":35.0},{"not_picked":["TheCursedMod:Wield+1","TheCursedMod:Obscuration+1"],"picked":"TheCursedMod:CursedBlade","floor":36.0},{"not_picked":["TheCursedMod:RavingStaff+1","TheCursedMod:FuryStrike"],"picked":"TheCursedMod:SurpriseAttack+1","floor":38.0},{"not_picked":["TheCursedMod:WearCloak+1","TheCursedMod:Obscuration"],"picked":"TheCursedMod:SurpriseAttack","floor":41.0},{"not_picked":["TheCursedMod:BloodBarrier","TheCursedMod:CircleOfFlame"],"picked":"TheCursedMod:CollectTribute","floor":45.0},{"not_picked":["TheCursedMod:FuryStrike+1","TheCursedMod:CircleOfFlame"],"picked":"TheCursedMod:RavingStaff+1","floor":47.0},{"not_picked":["TheCursedMod:SurpriseAttack+1","TheCursedMod:PrepareRite+1"],"picked":"TheCursedMod:SpitefulPray","floor":48.0}],"player_experience":413304,"relics_obtained":[{"floor":7.0,"key":"conspire:InfiniteJournal"},{"floor":26.0,"key":"hubris:ToyBattleship"},{"floor":27.0,"key":"Ancient Tea Set"},{"floor":28.0,"key":"Pen Nib"},{"floor":43.0,"key":"MawBank"},{"floor":45.0,"key":"Replay:Bottled Flurry"},{"floor":48.0,"key":"HollowMod:PaleOreRelic"}],"event_choices":[{"damage_healed":0.0,"max_hp_gain":0.0,"max_hp_loss":24.0,"gold_gain":0.0,"event_name":"Vampires","player_choice":"Became a vampire","floor":22.0,"gold_loss":0.0,"damage_taken":0.0,"cards_obtained":["Bite","Bite","Bite","Bite","Bite"]},{"damage_healed":0.0,"max_hp_gain":0.0,"max_hp_loss":0.0,"gold_gain":0.0,"cards_transformed":["Bite"],"event_name":"Transmorgrifier","player_choice":"Transformed","floor":25.0,"gold_loss":0.0,"damage_taken":0.0,"cards_obtained":["expansioncontent:ChargeUp"]}],"is_beta":false,"boss_relics":[{"not_picked":["conspire:SlowCooker","Fusion Hammer"],"picked":"hubris:VirtuousBlindfold"},{"not_picked":["construct:ClawGrip","hubris:RunicObelisk"],"picked":"energizedSpire:MagnifyingGlass"}],"items_purged_floors":[],"is_endless":false,"potions_floor_spawned":[7,10,14,19,27,28,30,33,35,38,45,47],"killed_by":"Shield and Spear","ascension_level":0}}