{"host":"mi5vlje10yq9orgl","time":1609470521,"event":{"mods":["BaseMod","Minty Spire (QoL Compilation)"],"gold_per_floor":[119,4,0,0,12,42,42,70,96,116,116,116,143,159,159,236,286,300,300,42,56,56,89,89,104,104,133,7,7,7,0,0,73,73,84,84,84,0,12,12,41,41,67,78,107,107,117,128,128,128],"floor_reached":51,"playtime":6419,"items_purged":["Defend_G","Clumsy"],"score":1481,"play_id":"19a3ab8a-b3e4-4942-aa9f-4f215910cd6f","local_time":"20201231210841","is_ascension_mode":true,"campfire_choices":[{"floor":7.0,"key":"REST"},{"data":"Footwork","floor":12.0,"key":"SMITH"},{"data":"Noxious Fumes","floor":15.0,"key":"SMITH"},{"data":"Noxious Fumes","floor":24.0,"key":"SMITH"},{"data":"After Image","floor":30.0,"key":"SMITH"},{"data":"Footwork","floor":32.0,"key":"SMITH"},{"data":"PiercingWail","floor":40,"key":"SMITH"},{"data":"Corpse Explosion","floor":49,"key":"SMITH"}],"circlet_count":0,"master_deck":["AscendersBane","Strike_G+1","Defend_G","Defend_G+1","Defend_G","Defend_G+1","Survivor","Neutralize","PiercingWail+1","Well Laid Plans+1","Expertise+1","Quick Slash","Noxious Fumes+1","Noxious Fumes+1","Footwork+1","PiercingWail+1","Corpse Explosion+1","Backflip","After Image+1","Footwork+1","Backflip","Backstab","PiercingWail","Die Die Die","Noxious Fumes","Noxious Fumes+1","Master of Strategy","Acrobatics+1","Backflip","Flying Knee+1","Backflip"],"relics":["Astrolabe","Ancient Tea Set","Matryoshka","Letter Opener","Eternal Feather","War Paint","Blood Vial","Tiny House","Omamori","Art of War","The Courier","Molten Egg 2","Nunchaku","Tiny Chest","Membership Card","Coffee Dripper","Pear","Red Mask","Happy Flower","Centennial Puzzle","HornCleat"],"acts_visited":["Exordium","TheCity","TheBeyond"],"potions_floor_usage":[39,41,50,50],"damage_taken":[{"damage":18.0,"enemies":"Cultist","floor":1.0,"turns":6.0},{"damage":0.0,"enemies":"2 Louse","floor":5.0,"turns":4.0},{"damage":12.0,"enemies":"3 Sentries","floor":6.0,"turns":6.0},{"damage":2.0,"enemies":"Lagavulin","floor":8.0,"turns":9.0},{"damage":0.0,"enemies":"Small Slimes","floor":10.0,"turns":4.0},{"damage":4.0,"enemies":"3 Sentries","floor":13.0,"turns":5.0},{"damage":3.0,"enemies":"Red Slaver","floor":14.0,"turns":6.0},{"damage":21.0,"enemies":"The Guardian","floor":16.0,"turns":10.0},{"damage":0.0,"enemies":"Chosen","floor":18.0,"turns":7.0},{"damage":4.0,"enemies":"3 Byrds","floor":21.0,"turns":4.0},{"damage":12.0,"enemies":"Book of Stabbing","floor":23.0,"turns":7.0},{"damage":15.0,"enemies":"Snecko","floor":25.0,"turns":8.0},{"damage":46.0,"enemies":"Slavers","floor":27.0,"turns":6.0},{"damage":31.0,"enemies":"Collector","floor":33.0,"turns":9.0},{"damage":0,"enemies":"3 Darklings","floor":35,"turns":4},{"damage":15,"enemies":"Orb Walker","floor":39,"turns":5},{"damage":27,"enemies":"Reptomancer","floor":41,"turns":8},{"damage":4,"enemies":"Sphere and 2 Shapes","floor":44,"turns":5},{"damage":8,"enemies":"Giant Head","floor":45,"turns":11},{"damage":0,"enemies":"3 Darklings","floor":47,"turns":5},{"damage":0,"enemies":"4 Shapes","floor":48,"turns":5},{"damage":20,"enemies":"Donu and Deca","floor":50,"turns":8}],"seed_played":"-5484627021576953755","potions_obtained":[{"floor":5.0,"key":"DistilledChaos"},{"floor":10.0,"key":"EssenceOfSteel"},{"floor":14.0,"key":"SneckoOil"},{"floor":16.0,"key":"Weak Potion"},{"floor":17.0,"key":"LiquidBronze"},{"floor":18.0,"key":"DuplicationPotion"},{"floor":25.0,"key":"Weak Potion"},{"floor":27.0,"key":"LiquidBronze"},{"floor":35,"key":"SneckoOil"},{"floor":39,"key":"AttackPotion"},{"floor":45,"key":"AttackPotion"}],"is_trial":false,"path_per_floor":["M","$","?","?","M","E","R","E","T","M","?","R","E","M","R","B",null,"M","?","$","M","?","E","R","M","T","E","$","?","R","?","R","B",null,"M","?","T","?","M","R","E","?","T","M","E","T","M","M","R","B",null],"character_chosen":"THE_SILENT","items_purchased":["Noxious Fumes","Omamori","Membership Card"],"campfire_rested":1,"item_purchase_floors":[2,20,28],"current_hp_per_floor":[41,41,41,30,30,18,37,35,35,35,35,44,40,39,51,32,63,65,65,65,63,63,53,68,55,55,11,11,11,26,26,41,12,56,58,58,68,68,55,70,45,45,45,43,37,37,39,41,59,41],"gold":128,"neow_bonus":"BOSS_RELIC","is_daily":false,"chose_seed":false,"campfire_upgraded":7,"win_rate":0.0,"timestamp":1609470521,"path_taken":["M","$","?","?","M","E","R","E","T","M","?","R","E","M","R","BOSS","M","?","$","M","?","E","R","M","T","E","$","?","R","?","R","BOSS","M","?","?","?","M","R","E","?","T","?","E","?","M","M","R","BOSS"],"items_purchased_type":["Card","Relic","Relic"],"build_version":"2020-12-22","purchased_purges":2,"victory":true,"max_hp_per_floor":[66,66,66,66,66,66,66,66,66,66,66,66,66,66,66,66,71,71,71,71,71,71,71,71,71,71,71,71,71,71,71,71,71,71,71,71,81,81,81,81,81,81,81,81,81,81,81,81,81,81],"card_choices":[{"not_picked":["Concentrate","Bane"],"picked":"Quick Slash","floor":1.0},{"not_picked":["Well Laid Plans","Deflect"],"picked":"Noxious Fumes","floor":5.0},{"not_picked":["Backflip","Deadly Poison"],"picked":"Footwork","floor":6.0},{"not_picked":["Dagger Throw","Outmaneuver"],"picked":"PiercingWail","floor":8.0},{"not_picked":["Accuracy","Dagger Throw","Riddle With Holes"],"picked":"SKIP","floor":10.0},{"not_picked":["Tools of the Trade","Quick Slash","Bane"],"picked":"SKIP","floor":13.0},{"not_picked":["Endless Agony","Dodge and Roll"],"picked":"Backflip","floor":14.0},{"not_picked":["Grand Finale","Night Terror"],"picked":"After Image","floor":16.0},{"not_picked":["Choke","Poisoned Stab"],"picked":"Footwork","floor":17.0},{"not_picked":["PiercingWail","Poisoned Stab"],"picked":"Backflip","floor":18.0},{"not_picked":["Quick Slash","Dagger Throw"],"picked":"PiercingWail","floor":21.0},{"not_picked":["Choke","Backflip"],"picked":"Die Die Die","floor":23.0},{"not_picked":["Backflip","Blade Dance"],"picked":"Noxious Fumes","floor":25.0},{"not_picked":["Blur","Expertise"],"picked":"Noxious Fumes+1","floor":27.0},{"not_picked":["Slice+1","Riddle With Holes+1","Sucker Punch+1"],"picked":"SKIP","floor":35},{"not_picked":["Enlightenment","Bandage Up"],"picked":"Master of Strategy","floor":36},{"not_picked":["Dodge and Roll","Slice+1"],"picked":"Acrobatics+1","floor":39},{"not_picked":["Die Die Die+1","Quick Slash+1"],"picked":"Backflip","floor":41},{"not_picked":["Masterful Stab+1","Bouncing Flask","Quick Slash+1"],"picked":"SKIP","floor":44},{"not_picked":["Underhanded Strike+1","Flechettes+1","Eviscerate+1"],"picked":"SKIP","floor":45},{"not_picked":["Prepared+1","Footwork"],"picked":"Backflip","floor":47},{"not_picked":["Backstab+1","Eviscerate+1","Noxious Fumes"],"picked":"SKIP","floor":48}],"player_experience":311993,"relics_obtained":[{"floor":6.0,"key":"Matryoshka"},{"floor":8.0,"key":"Letter Opener"},{"floor":9.0,"key":"Eternal Feather"},{"floor":9.0,"key":"War Paint"},{"floor":13.0,"key":"Blood Vial"},{"floor":23.0,"key":"The Courier"},{"floor":26.0,"key":"Molten Egg 2"},{"floor":26.0,"key":"Nunchaku"},{"floor":27.0,"key":"Tiny Chest"},{"floor":37,"key":"Pear"},{"floor":41,"key":"Happy Flower"},{"floor":43,"key":"Centennial Puzzle"},{"floor":45,"key":"HornCleat"}],"event_choices":[{"damage_healed":0.0,"max_hp_gain":0.0,"max_hp_loss":0.0,"gold_gain":0.0,"event_name":"World of Goop","player_choice":"Left Gold","floor":3.0,"gold_loss":4.0,"damage_taken":0.0},{"damage_healed":0.0,"max_hp_gain":0.0,"max_hp_loss":0.0,"gold_gain":0.0,"event_name":"Scrap Ooze","player_choice":"Success","floor":4.0,"gold_loss":0.0,"damage_taken":11.0,"relics_obtained":["Ancient Tea Set"]},{"damage_healed":0.0,"max_hp_gain":0.0,"max_hp_loss":0.0,"gold_gain":0.0,"event_name":"Match and Keep!","player_choice":"2 cards matched","floor":11.0,"gold_loss":0.0,"damage_taken":0.0,"cards_obtained":["Clumsy","Corpse Explosion"]},{"damage_healed":0.0,"max_hp_gain":0.0,"max_hp_loss":0.0,"gold_gain":0.0,"event_name":"The Library","player_choice":"Read","floor":19.0,"gold_loss":0.0,"damage_taken":0.0,"cards_obtained":["Backstab"]},{"damage_healed":0.0,"max_hp_gain":0.0,"max_hp_loss":0.0,"gold_gain":0.0,"event_name":"Addict","player_choice":"Stole Relic","floor":22.0,"gold_loss":0.0,"damage_taken":0.0,"relics_obtained":["Art of War"],"cards_obtained":["Shame"]},{"damage_healed":0.0,"max_hp_gain":0.0,"max_hp_loss":0.0,"gold_gain":0.0,"event_name":"Forgotten Altar","player_choice":"Smashed Altar","floor":29.0,"gold_loss":0.0,"damage_taken":0.0,"cards_obtained":["Decay"]},{"damage_healed":0.0,"max_hp_gain":0.0,"max_hp_loss":0.0,"gold_gain":0.0,"event_name":"Masked Bandits","player_choice":"Paid Fearfully","floor":31.0,"gold_loss":7.0,"damage_taken":0.0},{"damage_healed":0,"gold_gain":0,"player_choice":"Memory 1","damage_taken":0,"max_hp_gain":0,"max_hp_loss":0,"event_name":"SensoryStone","floor":36,"gold_loss":0},{"damage_healed":0,"gold_gain":0,"player_choice":"Paid","damage_taken":0,"relics_obtained":["Red Mask"],"max_hp_gain":0,"max_hp_loss":0,"event_name":"Tomb of Lord Red Mask","floor":38,"gold_loss":84},{"damage_healed":0,"gold_gain":0,"cards_transformed":["Strike_G"],"player_choice":"Transformed","damage_taken":0,"max_hp_gain":0,"max_hp_loss":0,"event_name":"Transmorgrifier","floor":42,"gold_loss":0,"cards_obtained":["Flying Knee"]}],"is_beta":false,"boss_relics":[{"not_picked":["Velvet Choker","Snecko Eye"],"picked":"Tiny House"},{"not_picked":["Philosopher\u0027s Stone","Sozu"],"picked":"Coffee Dripper"}],"items_purged_floors":[2,20],"is_endless":false,"potions_floor_spawned":[5,10,14,16,18,25,27,35,39,45],"ascension_level":19}}