{"host":"pyvkqaq4yb2dtxwu","time":1609491882,"event":{"mods":["AchievementEnabler","BaseMod","Colored Map","Colored Powertips","DeckTracker","Minty Spire (QoL Compilation)"],"gold_per_floor":[118,135,150,160,180,214,214,230,253,269,269,269],"floor_reached":11,"playtime":856,"items_purged":[],"score":79,"play_id":"b07673e7-6afa-4484-8f6b-15ccc56e3b3c","local_time":"20210101010442","is_ascension_mode":false,"campfire_choices":[{"data":"Spot Weakness","floor":7,"key":"SMITH"}],"circlet_count":0,"master_deck":["Strike_R","Strike_R","Strike_R","Strike_R","Strike_R","Defend_R","Defend_R","Defend_R","Defend_R","Bash","Twin Strike","Spot Weakness+1","Twin Strike","Cleave","Inflame","Anger","Twin Strike","Headbutt"],"relics":["Burning Blood","Toxic Egg 2","Potion Belt"],"acts_visited":["Exordium"],"potions_floor_usage":[10,10,11],"damage_taken":[{"damage":0,"enemies":"Small Slimes","floor":1,"turns":3},{"damage":6,"enemies":"2 Louse","floor":2,"turns":3},{"damage":6,"enemies":"Jaw Worm","floor":3,"turns":2},{"damage":14,"enemies":"3 Louse","floor":4,"turns":2},{"damage":35,"enemies":"Large Slime","floor":5,"turns":8},{"damage":45,"enemies":"Lagavulin","floor":6,"turns":7},{"damage":5,"enemies":"Looter","floor":8,"turns":3},{"damage":9,"enemies":"3 Louse","floor":10,"turns":2},{"damage":28,"enemies":"Gremlin Nob","floor":11,"turns":3}],"seed_played":"2517965209095596141","potions_obtained":[{"floor":3,"key":"AttackPotion"},{"floor":4,"key":"Explosive Potion"},{"floor":10,"key":"SkillPotion"}],"is_trial":false,"path_per_floor":["M","M","M","M","M","E","R","M","T","M","E"],"character_chosen":"IRONCLAD","items_purchased":[],"campfire_rested":0,"item_purchase_floors":[],"current_hp_per_floor":[88,88,88,80,51,12,12,13,13,10,0,0],"gold":269,"neow_bonus":"TEN_PERCENT_HP_BONUS","is_daily":false,"chose_seed":false,"campfire_upgraded":1,"win_rate":0.0,"timestamp":1609491882,"path_taken":["M","M","M","M","M","E","R","M","T","M","E"],"items_purchased_type":[],"build_version":"2020-12-22","purchased_purges":0,"victory":false,"max_hp_per_floor":[88,88,88,88,88,88,88,88,88,88,88,88],"card_choices":[{"not_picked":["Body Slam","Shockwave"],"picked":"Twin Strike","floor":1},{"not_picked":["Cleave","Wild Strike"],"picked":"Spot Weakness","floor":2},{"not_picked":["Sword Boomerang","Havoc"],"picked":"Twin Strike","floor":3},{"not_picked":["Second Wind","Pommel Strike"],"picked":"Cleave","floor":4},{"not_picked":["Carnage","Second Wind"],"picked":"Inflame","floor":5},{"not_picked":["Clash","Shockwave"],"picked":"Anger","floor":6},{"not_picked":["Blood for Blood","Anger"],"picked":"Twin Strike","floor":8},{"not_picked":["Fiend Fire","Twin Strike"],"picked":"Headbutt","floor":10}],"player_experience":92999,"relics_obtained":[{"floor":6,"key":"Toxic Egg 2"},{"floor":9,"key":"Potion Belt"}],"event_choices":[],"is_beta":false,"boss_relics":[],"items_purged_floors":[],"is_endless":false,"potions_floor_spawned":[3,4,10],"killed_by":"Gremlin Nob","ascension_level":0}}