{"host":"33kzi5egasc5zeox","time":1609466566,"event":{"mods":["BaseMod","Minty Spire (QoL Compilation)","Remilia£®¿Ÿ√◊¿Ú—«£©","StSLib"],"gold_per_floor":[154,270,405,115,115,153,293,24,48,179,179,310,310,235,235,434,434,444,562,32,78,78,78,194,194,275,400,114,204,204,293,293,441,441,507,233,271,108,179,297,680,680,732,797,861,980,980,980,980,1094,1289,1289,1334,527,152,227,247,331,364,404,455,538,172,216,216,291,291,422,422,435,385,38,38,38,38,113,128,186,186,186],"floor_reached":79,"playtime":5635,"items_purged":["Stigmanizer","BloodHunter","Writhe","StarOfDavid+1","ScarletDevil+1","ReincarnationDial+1","BloodyMagicSquare+1"],"score":4203,"play_id":"d74f70f4-1cd2-41ec-a880-197ecf10ed94","local_time":"20210101100246","daily_mods":["SealedDeck","Vintage","Flight"],"is_ascension_mode":true,"campfire_choices":[{"data":"DevilSight","floor":11.0,"key":"SMITH"},{"data":"UnstableMagic","floor":15.0,"key":"SMITH"},{"data":"SuperhumanBloodyKnife","floor":23.0,"key":"SMITH"},{"data":"Ultimatum","floor":25.0,"key":"SMITH"},{"data":"BloodySeventeenLaser","floor":32.0,"key":"SMITH"},{"data":"UnstableMagic","floor":42.0,"key":"SMITH"},{"data":"ReincarnationDial","floor":49.0,"key":"SMITH"},{"data":"ForecastOfChange","floor":67.0,"key":"SMITH"}],"circlet_count":0,"master_deck":["AscendersBane","UnstableMagic+1","UnstableMagic+1","FavorOfDestiny+1","FavorOfDestiny+1","SuperhumanBloodyKnife+1","BloodySeventeenLaser+1","CurseOfVladTepes+1","ForecastOfChange+1","ScarletGensokyo+1","VampireFantasy+1"],"relics":["ScarletHat","Ancient Tea Set","Toy Ornithopter","White Beast Statue","Centennial Puzzle","Golden Idol","Vajra","MealTicket","Oddly Smooth Stone","Dream Catcher","Bronze Scales","Nunchaku","SacredBark","Happy Flower","Torii","Darkstone Periapt","Lantern","Thread and Needle","Strawberry","AntiCross","Singing Bowl","StrikeDummy","Lee\u0027s Waffle","HornCleat","Orichalcum","Coffee Dripper","Eternal Feather","Frozen Egg 2","RedBat","Medical Kit","Akabeko","Old Coin","Omamori","Pantograph","Anchor","ScarletDevilRocket","Philosopher\u0027s Stone","Smiling Mask","Blood Vial","Chemical X","Du-Vu Doll","Whetstone","Frozen Eye","Boot","Pen Nib","Bag of Preparation","Juzu Bracelet","War Paint","Astrolabe","CeramicFish","Gungnir","Sundial"],"acts_visited":["Exordium","TheCity","TheBeyond","Exordium","TheCity"],"potions_floor_usage":[],"damage_taken":[{"damage":0.0,"enemies":"Cultist","floor":1.0,"turns":5.0},{"damage":4.0,"enemies":"Small Slimes","floor":2.0,"turns":16.0},{"damage":7.0,"enemies":"2 Louse","floor":3.0,"turns":18.0},{"damage":21.0,"enemies":"Gremlin Nob","floor":6.0,"turns":5.0},{"damage":10.0,"enemies":"Lagavulin","floor":7.0,"turns":7.0},{"damage":13.0,"enemies":"3 Sentries","floor":10.0,"turns":14.0},{"damage":0.0,"enemies":"Lagavulin","floor":12.0,"turns":8.0},{"damage":0.0,"enemies":"Hexaghost","floor":16.0,"turns":11.0},{"damage":2.0,"enemies":"2 Thieves","floor":18.0,"turns":4.0},{"damage":33.0,"enemies":"3 Byrds","floor":19.0,"turns":5.0},{"damage":13.0,"enemies":"Snake Plant","floor":21.0,"turns":3.0},{"damage":69.0,"enemies":"Gremlin Leader","floor":24.0,"turns":6.0},{"damage":1.0,"enemies":"Colosseum Slavers","floor":27.0,"turns":3.0},{"damage":32.0,"enemies":"Colosseum Nobs","floor":27.0,"turns":5.0},{"damage":3.0,"enemies":"Book of Stabbing","floor":29.0,"turns":4.0},{"damage":29.0,"enemies":"Cultist and Chosen","floor":31.0,"turns":5.0},{"damage":13.0,"enemies":"Automaton","floor":33.0,"turns":4.0},{"damage":10.0,"enemies":"3 Shapes","floor":35.0,"turns":3.0},{"damage":0.0,"enemies":"Orb Walker","floor":37.0,"turns":1.0},{"damage":42.0,"enemies":"Writhing Mass","floor":39.0,"turns":5.0},{"damage":147.0,"enemies":"Giant Head","floor":40.0,"turns":8.0},{"damage":1.0,"enemies":"2 Orb Walkers","floor":41.0,"turns":2.0},{"damage":7.0,"enemies":"Nemesis","floor":44.0,"turns":3.0},{"damage":0.0,"enemies":"Sphere and 2 Shapes","floor":45.0,"turns":4.0},{"damage":15.0,"enemies":"Giant Head","floor":46.0,"turns":5.0},{"damage":2.0,"enemies":"Time Eater","floor":50.0,"turns":4.0},{"damage":31.0,"enemies":"Donu and Deca","floor":51.0,"turns":7.0},{"damage":0.0,"enemies":"2 Louse","floor":53.0,"turns":2.0},{"damage":4.0,"enemies":"Jaw Worm","floor":56.0,"turns":2.0},{"damage":0.0,"enemies":"Small Slimes","floor":57.0,"turns":1.0},{"damage":0.0,"enemies":"3 Sentries","floor":58.0,"turns":6.0},{"damage":0.0,"enemies":"Lagavulin","floor":59.0,"turns":1.0},{"damage":0.0,"enemies":"Gremlin Nob","floor":60.0,"turns":1.0},{"damage":23.0,"enemies":"3 Sentries","floor":62.0,"turns":5.0},{"damage":5.0,"enemies":"Red Slaver","floor":64.0,"turns":1.0},{"damage":0.0,"enemies":"Gremlin Nob","floor":66.0,"turns":2.0},{"damage":7.0,"enemies":"The Guardian","floor":68.0,"turns":4.0},{"damage":73.0,"enemies":"Spheric Guardian","floor":70.0,"turns":1.0},{"damage":0,"enemies":"Gremlin Leader","floor":76,"turns":1},{"damage":0,"enemies":"Chosen","floor":77,"turns":1},{"damage":15,"enemies":"Slavers","floor":78,"turns":4},{"damage":0,"enemies":"3 Cultists","floor":79,"turns":1}],"seed_played":"-5295912398873628676","potions_obtained":[{"floor":1.0,"key":"LiquidBronze"},{"floor":1.0,"key":"ColorlessPotion"},{"floor":2.0,"key":"DistilledChaos"},{"floor":2.0,"key":"ColorlessPotion"},{"floor":3.0,"key":"Block Potion"},{"floor":3.0,"key":"DestinyDice"},{"floor":3.0,"key":"FairyPotion"},{"floor":6.0,"key":"Swift Potion"},{"floor":10.0,"key":"Weak Potion"},{"floor":16.0,"key":"Fruit Juice"},{"floor":16.0,"key":"FairyPotion"},{"floor":24.0,"key":"Fruit Juice"},{"floor":30.0,"key":"ColorlessPotion"},{"floor":35.0,"key":"Fire Potion"},{"floor":44.0,"key":"Weak Potion"},{"floor":45.0,"key":"PowerPotion"},{"floor":50.0,"key":"GamblersBrew"},{"floor":51.0,"key":"CultistPotion"},{"floor":53.0,"key":"PowerPotion"}],"is_trial":true,"path_per_floor":["M","M","M","$","?","E","E","$","T","E","R","E","?","?","R","B",null,"M","M","$","M","?","R","E","R","T","?","$","E","?","M","R","B",null,"M","$","M","$","M","E","?","R","T","E","M","E","?","?","R","B","B",null,"M","$","$","M","M","E","E","E","T","E","$","M","?","E","R","B",null,"M","$","$","$","?","R","E","M","E","M"],"character_chosen":"REMILIA","items_purchased":["ScarletDevil","Centennial Puzzle","Oddly Smooth Stone","Darkstone Periapt","SuperhumanBloodyKnife","Lantern","Lee\u0027s Waffle","Frozen Egg 2","Medical Kit","Blood Vial","Chemical X","FairyPotion","Du-Vu Doll","Whetstone","Frozen Eye","Juzu Bracelet","ForecastOfChange","Gungnir"],"campfire_rested":0,"item_purchase_floors":[4,4,8,20,20,20,28,36,38,54,54,54,54,55,55,63,63,72],"current_hp_per_floor":[64,61,64,64,40,24,20,35,35,23,23,23,28,28,28,43,71,70,37,52,39,52,52,61,61,61,42,114,115,115,89,89,95,114,106,121,122,122,102,11,20,26,26,42,42,84,110,110,116,132,108,128,128,134,134,130,132,134,136,138,138,124,139,136,128,132,138,139,144,73,88,103,118,118,124,128,130,126,128,128],"gold":186,"neow_bonus":"","is_daily":false,"chose_seed":false,"campfire_upgraded":8,"win_rate":0.0,"timestamp":1609466566,"path_taken":["M","M","M","$","?","E","E","$","T","E","R","E","?","?","R","BOSS","M","M","$","M","?","R","E","R","T","?","$","E","?","?","R","BOSS","M","$","M","$","M","E","?","R","T","E","M","E","?","?","R","BOSS","BOSS","M","$","$","M","M","E","E","E","T","E","$","M","?","E","R","BOSS","M","$","$","$","?","R","E","M","E","M"],"items_purchased_type":["Card","Relic","Relic","Relic","Card","Relic","Relic","Relic","Relic","Relic","Relic","Potion","Relic","Relic","Relic","Relic","Card","Relic"],"build_version":"2020-12-22","purchased_purges":7,"victory":false,"max_hp_per_floor":[70,70,70,70,70,70,70,70,70,70,70,70,75,75,75,80,80,80,80,80,80,93,93,103,103,103,107,114,118,118,118,118,120,120,122,122,122,122,124,124,126,126,126,130,130,132,132,132,132,132,134,134,134,134,134,134,134,134,136,138,138,142,142,142,142,144,144,146,146,146,146,146,146,146,146,148,148,150,150,150],"card_choices":[{"not_picked":["EmergencyRegeneration","DiffusionOfMisfortune","NightLord"],"picked":"SKIP","floor":6.0},{"not_picked":["Ultimatum","BombardNight","BatForm"],"picked":"SKIP","floor":6.0},{"not_picked":["RedRainbow","ForbiddenFruit","ScarletGensokyo"],"picked":"SKIP","floor":7.0},{"not_picked":["BombardNight","NightLord","BadLadyScramble"],"picked":"SKIP","floor":10.0},{"not_picked":["EndlessAdversity","Septette","UltimateOffering"],"picked":"SKIP","floor":12.0},{"not_picked":["BombardNight","MastersStateliness","NightDance"],"picked":"SKIP","floor":12.0},{"not_picked":["MiserableFate","ForbiddenFruit","BloodyMagicSquare"],"picked":"SKIP","floor":24.0},{"not_picked":["ScarletDevil","RedNightlessCastle","BombardNight+1"],"picked":"Singing Bowl","floor":27.0},{"not_picked":["VampireKiss","BloodHunter","NightLord"],"picked":"Singing Bowl","floor":27.0},{"not_picked":["BloodHunter","BombardNight","DevilSight"],"picked":"Singing Bowl","floor":29.0},{"not_picked":["BloodHunter","DiffusionOfMisfortune","RedNightlessCastle"],"picked":"Singing Bowl","floor":29.0},{"not_picked":["NightLord","UnstableMagic"],"picked":"BloodySeventeenLaser","floor":31.0},{"not_picked":["HellCatastrophe","ScarletMeister","EquivalentExchange"],"picked":"Singing Bowl","floor":33.0},{"not_picked":["UnderTheZenith+1","VampireKiss+1","UnstableMagic"],"picked":"Singing Bowl","floor":35.0},{"not_picked":["FavorOfDestiny","BloodHunter","UnstableMagic"],"picked":"Singing Bowl","floor":39.0},{"not_picked":["UnderTheZenith","DevilSight"],"picked":"StarOfDavid+1","floor":40.0},{"not_picked":["BloodHunter","MastersStateliness+1","BlasphemousPunishment"],"picked":"Singing Bowl","floor":41.0},{"not_picked":["BatForm+1","CeilingFear","ReincarnationDial"],"picked":"Singing Bowl","floor":44.0},{"not_picked":["ScarletImprint","BombardNight+1","ScarletDevil"],"picked":"Singing Bowl","floor":44.0},{"not_picked":["ScarletGensokyo+1","HunterOfTheNight","ScarletDevilSign+1"],"picked":"Singing Bowl","floor":46.0},{"not_picked":["CeilingFear","ChaoticDestiny"],"picked":"CurseOfVladTepes+1","floor":50.0},{"not_picked":["TricksterDevil+1","ScarletMeister+1","DemonKingCradle+1"],"picked":"Singing Bowl","floor":51.0},{"not_picked":["MastersStateliness+1","VampirishNight"],"picked":"ScarletMeister+1","floor":58.0},{"not_picked":["StarOfDavid","BadLadyScramble","EndlessAdversity"],"picked":"Singing Bowl","floor":59.0},{"not_picked":["LeisurelyOfLord","VampirishNight","UnderTheZenith"],"picked":"Singing Bowl","floor":60.0},{"not_picked":["RedMagic","NightLord","EndlessAdversity"],"picked":"Singing Bowl","floor":62.0},{"not_picked":["BatForm+1","Septette","Stigmanizer"],"picked":"Singing Bowl","floor":62.0},{"not_picked":["ScarletImprint","LeisurelyOfLord","ScarletDevil"],"picked":"Singing Bowl","floor":66.0},{"not_picked":["EquivalentExchange+1","KillingBlow","BloodyCatastrophe"],"picked":"Singing Bowl","floor":68.0},{"not_picked":["ChainGang","FavorOfDestiny","BadLadyScramble"],"picked":"Singing Bowl","floor":76},{"not_picked":["UnderTheZenith+1","SuperhumanBloodyKnife","BlasphemousPunishment"],"picked":"Singing Bowl","floor":78}],"player_experience":482436,"relics_obtained":[{"floor":1.0,"key":"Ancient Tea Set"},{"floor":2.0,"key":"Toy Ornithopter"},{"floor":3.0,"key":"White Beast Statue"},{"floor":6.0,"key":"Vajra"},{"floor":7.0,"key":"MealTicket"},{"floor":9.0,"key":"Dream Catcher"},{"floor":10.0,"key":"Bronze Scales"},{"floor":12.0,"key":"Nunchaku"},{"floor":18.0,"key":"Happy Flower"},{"floor":19.0,"key":"Torii"},{"floor":21.0,"key":"Thread and Needle"},{"floor":24.0,"key":"AntiCross"},{"floor":26.0,"key":"Singing Bowl"},{"floor":27.0,"key":"StrikeDummy"},{"floor":29.0,"key":"HornCleat"},{"floor":31.0,"key":"Orichalcum"},{"floor":35.0,"key":"Eternal Feather"},{"floor":37.0,"key":"RedBat"},{"floor":40.0,"key":"Akabeko"},{"floor":41.0,"key":"Old Coin"},{"floor":43.0,"key":"Omamori"},{"floor":44.0,"key":"Pantograph"},{"floor":45.0,"key":"Anchor"},{"floor":46.0,"key":"ScarletDevilRocket"},{"floor":53.0,"key":"Smiling Mask"},{"floor":56.0,"key":"Boot"},{"floor":57.0,"key":"Pen Nib"},{"floor":61.0,"key":"Bag of Preparation"},{"floor":64.0,"key":"War Paint"},{"floor":70.0,"key":"CeramicFish"},{"floor":77,"key":"Sundial"}],"event_choices":[{"damage_healed":0.0,"max_hp_gain":0.0,"max_hp_loss":0.0,"gold_gain":0.0,"event_name":"Golden Idol","player_choice":"Take Damage","floor":5.0,"gold_loss":0.0,"damage_taken":24.0,"relics_obtained":["Golden Idol"]},{"damage_healed":0.0,"max_hp_gain":5.0,"max_hp_loss":0.0,"gold_gain":0.0,"event_name":"Big Fish","player_choice":"Donut","floor":13.0,"gold_loss":0.0,"damage_taken":0.0},{"cards_removed":["EndlessAdversity"],"damage_healed":0.0,"max_hp_gain":0.0,"max_hp_loss":0.0,"gold_gain":0.0,"event_name":"The Cleric","player_choice":"Card Removal","floor":14.0,"gold_loss":75.0,"damage_taken":0.0},{"damage_healed":0.0,"max_hp_gain":0.0,"max_hp_loss":0.0,"gold_gain":0.0,"event_name":"The Mausoleum","player_choice":"Opened","floor":22.0,"gold_loss":0.0,"damage_taken":0.0,"relics_obtained":["Strawberry"],"cards_obtained":["Writhe"]},{"damage_healed":0.0,"max_hp_gain":0.0,"max_hp_loss":0.0,"gold_gain":0.0,"event_name":"Colosseum","player_choice":"Fight","floor":27.0,"gold_loss":0.0,"damage_taken":0.0},{"damage_healed":0.0,"max_hp_gain":0.0,"max_hp_loss":0.0,"gold_gain":0.0,"event_name":"Colosseum","player_choice":"Fought Nobs","floor":27.0,"gold_loss":0.0,"damage_taken":0.0},{"damage_healed":0.0,"max_hp_gain":0.0,"max_hp_loss":0.0,"gold_gain":0.0,"event_name":"Lab","player_choice":"Got Potions","floor":30.0,"gold_loss":0.0,"damage_taken":0.0},{"damage_healed":0.0,"max_hp_gain":0.0,"max_hp_loss":0.0,"gold_gain":0.0,"event_name":"Mysterious Sphere","player_choice":"Fight","floor":41.0,"gold_loss":0.0,"damage_taken":0.0},{"damage_healed":26.0,"max_hp_gain":0.0,"max_hp_loss":0.0,"gold_gain":0.0,"event_name":"Winding Halls","player_choice":"Writhe","floor":47.0,"gold_loss":0.0,"damage_taken":0.0,"cards_obtained":["Writhe"]},{"damage_healed":0.0,"max_hp_gain":0.0,"max_hp_loss":0.0,"gold_gain":0.0,"event_name":"Tomb of Lord Red Mask","player_choice":"Ignored","floor":48.0,"gold_loss":0.0,"damage_taken":0.0},{"damage_healed":0.0,"max_hp_gain":0.0,"max_hp_loss":0.0,"gold_gain":0.0,"event_name":"The Woman in Blue","player_choice":"Bought 0 Potions","floor":65.0,"gold_loss":0.0,"damage_taken":0.0},{"damage_healed":0,"gold_gain":0,"player_choice":"Ignored","damage_taken":0,"max_hp_gain":0,"max_hp_loss":0,"event_name":"The Mausoleum","floor":74,"gold_loss":0}],"is_beta":false,"boss_relics":[{"not_picked":["Sozu","Ectoplasm"],"picked":"SacredBark"},{"not_picked":["Calling Bell","Busted Crown"],"picked":"Coffee Dripper"},{"not_picked":["Runic Pyramid","Fusion Hammer"],"picked":"Philosopher\u0027s Stone"},{"not_picked":["Busted Crown","APieceOfRedMist"],"picked":"Astrolabe"}],"items_purged_floors":[4,8,28,54,55,63,71],"is_endless":true,"potions_floor_spawned":[7,10,19,21,24,27,29,33,35,37,39,40,41,44,45,46,50,51,53,56,57,58,59,60,64,66,68,70,76,77,78],"killed_by":"3 Cultists","ascension_level":20}}