{"host":"Bilverbakes","time":1609531588,"event":{"mods":["2.2 Compatiblity","AchievementEnabler","BaseMod","Bestiary","Colored Map","Minty Spire (QoL Compilation)","Relic Stats","StSLib","ojb\u0027s Info Mod"],"gold_per_floor":[211,226,62,76,76,76,22,51,51,51,82,82,94,94,94,172,172,182,182,200,218,218,229,255,218,218,218,218,218],"floor_reached":28,"playtime":1577,"items_purged":["Defend_G"],"score":467,"play_id":"6e96e8d1-3c52-428a-8c7d-2674d2a2369f","local_time":"20210101140628","is_ascension_mode":true,"campfire_choices":[{"data":"Caltrops","floor":6.0,"key":"SMITH"},{"floor":10.0,"key":"REST"},{"data":"Footwork","floor":15.0,"key":"SMITH"}],"circlet_count":0,"master_deck":["AscendersBane","Survivor","Neutralize","Leg Sweep","Slice","Caltrops+1","Endless Agony","Footwork+1","Cloak And Dagger","Grand Finale","Underhanded Strike","Terror","Venomology","Backstab","Slice","Underhanded Strike","Distraction","Venomology","Burst","Well Laid Plans+1","Footwork","Expertise+1","Calculated Gamble"],"relics":["Ring of the Snake","CaptainsWheel","Matryoshka","FossilizedHelix","Pandora\u0027s Box","Thread and Needle","Orichalcum","Centennial Puzzle"],"acts_visited":["Exordium","TheCity"],"potions_floor_usage":[],"damage_taken":[{"damage":4.0,"enemies":"Cultist","floor":1.0,"turns":4.0},{"damage":2.0,"enemies":"2 Louse","floor":2.0,"turns":6.0},{"damage":7.0,"enemies":"Jaw Worm","floor":4.0,"turns":6.0},{"damage":17.0,"enemies":"3 Sentries","floor":8.0,"turns":7.0},{"damage":17.0,"enemies":"Gremlin Nob","floor":11.0,"turns":5.0},{"damage":0.0,"enemies":"2 Fungi Beasts","floor":13.0,"turns":4.0},{"damage":24.0,"enemies":"The Guardian","floor":16.0,"turns":15.0},{"damage":8.0,"enemies":"Shell Parasite","floor":18.0,"turns":5.0},{"damage":0.0,"enemies":"Chosen","floor":20.0,"turns":4.0},{"damage":0.0,"enemies":"Snecko","floor":21.0,"turns":8.0},{"damage":0.0,"enemies":"Snake Plant","floor":23.0,"turns":4.0},{"damage":17.0,"enemies":"Book of Stabbing","floor":24.0,"turns":6.0},{"damage":1,"enemies":"Shelled Parasite and Fungi","floor":28,"turns":3}],"seed_played":"-6654012459600505163","potions_obtained":[{"floor":4.0,"key":"FairyPotion"},{"floor":8.0,"key":"Weak Potion"},{"floor":13.0,"key":"SpeedPotion"},{"floor":20.0,"key":"Regen Potion"},{"floor":21.0,"key":"AttackPotion"}],"is_trial":false,"path_per_floor":["M","M","$","M","?","R","$","E","T","R","E","?","M","$","R","B",null,"M","?","M","M","?","M","E","$","T","$","M"],"character_chosen":"THE_SILENT","items_purchased":["Caltrops","AttackPotion","Calculated Gamble"],"campfire_rested":1,"item_purchase_floors":[3,7,25],"current_hp_per_floor":[55,53,53,46,26,26,26,9,9,28,11,11,11,11,11,7,51,43,43,43,57,57,57,40,40,40,40,39,39],"gold":218,"neow_bonus":"HUNDRED_GOLD","is_daily":false,"chose_seed":false,"campfire_upgraded":2,"win_rate":0.0,"timestamp":1609531588,"path_taken":["M","M","?","M","?","R","$","E","T","R","E","?","M","?","R","BOSS","M","?","?","M","?","M","E","?","T","$","M"],"items_purchased_type":["Card","Potion","Card"],"build_version":"2020-12-18","purchased_purges":1,"victory":false,"max_hp_per_floor":[66,66,66,66,66,66,66,66,66,66,66,66,66,66,66,66,66,66,66,66,66,66,66,66,66,66,66,66,66],"relic_stats":{"Centennial Puzzle":[3],"counters":[13,77],"Pandora\u0027s Box":["Underhanded Strike","Terror","Venomology","Backstab","Slice","Underhanded Strike","Distraction","Venomology","Burst"],"Orichalcum":[6],"obtain_stats":[{"CaptainsWheel":8,"Centennial Puzzle":26,"Matryoshka":9,"Pandora\u0027s Box":17,"Thread and Needle":24,"Orichalcum":26,"FossilizedHelix":11,"Ring of the Snake":0},{"CaptainsWheel":4,"Centennial Puzzle":12,"Matryoshka":4,"Pandora\u0027s Box":7,"Thread and Needle":12,"Orichalcum":12,"FossilizedHelix":5,"Ring of the Snake":0},{"CaptainsWheel":23,"Centennial Puzzle":74,"Matryoshka":23,"Pandora\u0027s Box":47,"Thread and Needle":74,"Orichalcum":74,"FossilizedHelix":28,"Ring of the Snake":0}],"Ring of the Snake":[27]},"card_choices":[{"not_picked":["Quick Slash","Dagger Spray"],"picked":"Leg Sweep","floor":1.0},{"not_picked":["Flying Knee","Distraction"],"picked":"Slice","floor":2.0},{"not_picked":["Heel Hook","Quick Slash"],"picked":"Endless Agony","floor":4.0},{"not_picked":["Tactician","Terror"],"picked":"Footwork","floor":8.0},{"not_picked":["Heel Hook","PiercingWail"],"picked":"Cloak And Dagger","floor":11.0},{"not_picked":["Bane","Acrobatics","Underhanded Strike"],"picked":"SKIP","floor":13.0},{"not_picked":["Bullet Time","Unload"],"picked":"Grand Finale","floor":16.0},{"not_picked":["Dagger Throw","Backflip"],"picked":"Well Laid Plans+1","floor":18.0},{"not_picked":["Blade Dance+1","Caltrops"],"picked":"Footwork","floor":20.0},{"not_picked":["Acrobatics","Bouncing Flask","Dash"],"picked":"SKIP","floor":21.0},{"not_picked":["Dagger Spray","Poisoned Stab","Underhanded Strike"],"picked":"SKIP","floor":23.0},{"not_picked":["Prepared","Escape Plan+1"],"picked":"Expertise+1","floor":24.0}],"player_experience":511517,"relics_obtained":[{"floor":8.0,"key":"CaptainsWheel"},{"floor":9.0,"key":"Matryoshka"},{"floor":11.0,"key":"FossilizedHelix"},{"floor":24.0,"key":"Thread and Needle"},{"floor":26.0,"key":"Orichalcum"},{"floor":26.0,"key":"Centennial Puzzle"}],"event_choices":[{"damage_healed":0.0,"max_hp_gain":0.0,"max_hp_loss":0.0,"gold_gain":0.0,"event_name":"Shining Light","player_choice":"Entered Light","floor":5.0,"gold_loss":0.0,"damage_taken":20.0,"cards_upgraded":["Strike_G","Strike_G"]},{"damage_healed":0.0,"max_hp_gain":0.0,"max_hp_loss":0.0,"gold_gain":0.0,"event_name":"Liars Game","player_choice":"Ignored","floor":12.0,"gold_loss":0.0,"damage_taken":0.0},{"damage_healed":0.0,"max_hp_gain":0.0,"max_hp_loss":0.0,"gold_gain":0.0,"event_name":"Wheel of Change","player_choice":"Cursed","floor":19.0,"gold_loss":0.0,"damage_taken":0.0,"cards_obtained":["Decay"]},{"cards_removed":["Decay"],"damage_healed":0.0,"max_hp_gain":0.0,"max_hp_loss":0.0,"gold_gain":0.0,"event_name":"Back to Basics","player_choice":"Elegance","floor":22.0,"gold_loss":0.0,"damage_taken":0.0}],"is_beta":true,"boss_relics":[{"not_picked":["Astrolabe","SacredBark"],"picked":"Pandora\u0027s Box"}],"items_purged_floors":[3],"is_endless":false,"potions_floor_spawned":[4,8,13,20,21],"killed_by":"Shelled Parasite and Fungi","ascension_level":18}}