{"host":"xdg5osv0fulac4z3","time":1609490360,"event":{"mods":["2.2 Compatiblity","Act Like it!","BaseMod","Colored Map","Hallownest","Minty Spire (QoL Compilation)","Rare Cards Sparkle","Replay The Spire","StSLib","The Bug Knight"],"gold_per_floor":[116,129,54,66,66,66,96,106,106,118,138,138,138,138,138,138,138],"floor_reached":16,"playtime":973,"items_purged":["Overencumbered"],"score":102,"play_id":"27c4bf94-80dd-4997-a32a-72dd4591010f","local_time":"20210101183920","is_ascension_mode":false,"campfire_choices":[{"data":"HollowMod:FocusHealStart","floor":6,"key":"SMITH"},{"data":"HollowMod:LordofShades","floor":13,"key":"SMITH"},{"floor":15,"key":"REST"}],"circlet_count":0,"master_deck":["HollowMod:NailStrikeStart","HollowMod:NailStrikeStart","HollowMod:NailStrikeStart","HollowMod:NailStrikeStart","HollowMod:QuickDashStart","HollowMod:QuickDashStart","HollowMod:QuickDashStart","HollowMod:QuickDashStart","HollowMod:FocusHealStart+1","HollowMod:PogoStrike","HollowMod:ShadowDash","HollowMod:SiblingsShadow","HollowMod:LordofShades+1","HollowMod:DescendingDark","HollowMod:SiblingsShadow"],"relics":["HollowMod:VesselMask","Pondfish Scales","Nunchaku","Pantograph","Meat on the Bone"],"acts_visited":["Hallownest:Greenpath"],"potions_floor_usage":[7,16],"damage_taken":[{"damage":0,"enemies":"Hallownest:2_Baldur","floor":1,"turns":3},{"damage":4,"enemies":"2_ Uuma","floor":2,"turns":7},{"damage":0,"enemies":"Hallownest:2_MossCreeps","floor":4,"turns":5},{"damage":28,"enemies":"Hallownest:eliteCrystalGuardian","floor":7,"turns":8},{"damage":35,"enemies":"Hallownest:1_Ooma_and_2_Uuma","floor":8,"turns":10},{"damage":0,"enemies":"Hallownest:monsterAspidMother","floor":10,"turns":2},{"damage":8,"enemies":"Hallownest:Guard_and_Warrior","floor":11,"turns":4},{"damage":70,"enemies":"Hallownest:BossBrokenVessel","floor":16,"turns":11}],"seed_played":"4849239249110834231","potions_obtained":[{"floor":2,"key":"Weak Potion"},{"floor":4,"key":"Doom Potion"},{"floor":7,"key":"Toxic Potion"}],"is_trial":false,"path_per_floor":["M","M","$","M","$","R","E","M","T","M","M","T","R","?","R","B"],"character_chosen":"THE_BUGKNIGHT","items_purchased":[],"campfire_rested":1,"item_purchase_floors":[],"current_hp_per_floor":[75,71,71,71,71,71,51,28,28,28,20,20,20,11,33,0,0],"gold":138,"neow_bonus":"ONE_RARE_RELIC","is_daily":false,"chose_seed":false,"campfire_upgraded":2,"win_rate":0.0,"timestamp":1609490360,"path_taken":["M","M","$","M","$","R","E","?","T","M","M","?","R","?","R","BOSS"],"items_purchased_type":[],"build_version":"2020-12-22","purchased_purges":1,"victory":false,"max_hp_per_floor":[75,75,75,75,75,75,75,75,75,75,75,75,75,75,75,75,75],"card_choices":[{"not_picked":["HollowMod:InfectedCysts","HollowMod:NewJinnsSoul"],"picked":"HollowMod:ShadowDash","floor":1},{"not_picked":["HollowMod:SharpenedNail","HollowMod:TaintedHusks"],"picked":"HollowMod:SiblingsShadow","floor":2},{"not_picked":["HollowMod:InfectedAttack","HollowMod:HowlingWraiths","HollowMod:NewLittleFool"],"picked":"SKIP","floor":4},{"not_picked":["HollowMod:SoulStrike","HollowMod:HuntersJournal"],"picked":"HollowMod:LordofShades","floor":7},{"not_picked":["HollowMod:SiblingsSouls","HollowMod:HeavyBlow"],"picked":"HollowMod:DescendingDark","floor":8},{"not_picked":["HollowMod:BaldurShell","HollowMod:HeavyBlow"],"picked":"HollowMod:SiblingsShadow","floor":10},{"not_picked":["HollowMod:CoiledNail","HollowMod:InfectedCysts","HollowMod:SoulShaman"],"picked":"SKIP","floor":11}],"player_experience":145592,"relics_obtained":[{"floor":7,"key":"Nunchaku"},{"floor":9,"key":"Pantograph"},{"floor":12,"key":"Meat on the Bone"}],"event_choices":[],"is_beta":false,"boss_relics":[],"items_purged_floors":[3],"is_endless":false,"potions_floor_spawned":[2,4,7],"killed_by":"Hallownest:BossBrokenVessel","ascension_level":0}}