{"host":"kh6fvhxn285ncg0o","time":1609477607,"event":{"mods":["Act Like it!","BaseMod","Colored Map","Friendly Minions","Keyboard Shortcuts","Minty Spire (QoL Compilation)","Quick Restart","Relic Stats","StSLib","SuperFastMode"],"gold_per_floor":[117,117,42,42,42,69,69,102,126,160,160,170,183,199,199,274,274,285,300,575,135,135,168,168,195,254,277,324,347,359,382,394,479,491,515,538,596,660,692,704,741,545,545,559,587,414,443,443,443,443,443,443],"floor_reached":51,"playtime":2072,"items_purged":["Strike_G","Strike_G","Regret"],"score":1697,"play_id":"70967e89-3ced-4f5b-8e49-725bb28c9ffc","local_time":"20210101140647","is_ascension_mode":true,"campfire_choices":[{"data":"Predator","floor":7.0,"key":"SMITH"},{"floor":11.0,"key":"REST"},{"data":"Noxious Fumes","floor":15.0,"key":"SMITH"},{"data":"Wraith Form v2","floor":24.0,"key":"SMITH"},{"data":"Bouncing Flask","floor":30.0,"key":"SMITH"},{"data":"Footwork","floor":32.0,"key":"SMITH"},{"data":"Well Laid Plans","floor":40.0,"key":"SMITH"},{"floor":49.0,"key":"RECALL"}],"circlet_count":0,"master_deck":["AscendersBane","Strike_G+1","Strike_G+1","Strike_G+1","Defend_G","Defend_G+1","Defend_G","Defend_G","Defend_G","Survivor","Neutralize+1","Predator+1","Calculated Gamble","Leg Sweep","Noxious Fumes+1","Deadly Poison","Wraith Form v2+1","Well Laid Plans+1","Bouncing Flask+1","Footwork+1","Burst","Bouncing Flask+1","Acrobatics","Footwork","After Image","Discovery"],"relics":["Ring of the Snake","NeowsBlessing","Oddly Smooth Stone","Whetstone","Nunchaku","Omamori","Du-Vu Doll","Snecko Eye","Lantern","Art of War","Meat on the Bone","Mummified Hand","MawBank","Akabeko","Kunai","Cursed Key","Girya","Bag of Marbles","Frozen Eye","Ancient Tea Set"],"acts_visited":["Exordium","TheCity","TheBeyond"],"potions_floor_usage":[],"damage_taken":[{"damage":0.0,"enemies":"2 Louse","floor":1.0,"turns":1.0},{"damage":0.0,"enemies":"3 Sentries","floor":6.0,"turns":2.0},{"damage":0.0,"enemies":"Lagavulin","floor":8.0,"turns":1.0},{"damage":15.0,"enemies":"3 Sentries","floor":10.0,"turns":8.0},{"damage":0.0,"enemies":"Small Slimes","floor":12.0,"turns":2.0},{"damage":0.0,"enemies":"Jaw Worm","floor":13.0,"turns":4.0},{"damage":1.0,"enemies":"Exordium Wildlife","floor":14.0,"turns":3.0},{"damage":6.0,"enemies":"Hexaghost","floor":16.0,"turns":9.0},{"damage":21.0,"enemies":"2 Thieves","floor":18.0,"turns":4.0},{"damage":5.0,"enemies":"Shell Parasite","floor":19.0,"turns":7.0},{"damage":10.0,"enemies":"Book of Stabbing","floor":23.0,"turns":6.0},{"damage":4.0,"enemies":"Slavers","floor":25.0,"turns":6.0},{"damage":3.0,"enemies":"Snake Plant","floor":27.0,"turns":4.0},{"damage":7.0,"enemies":"Book of Stabbing","floor":28.0,"turns":6.0},{"damage":0.0,"enemies":"Sentry and Sphere","floor":29.0,"turns":4.0},{"damage":0.0,"enemies":"3 Cultists","floor":31.0,"turns":5.0},{"damage":9.0,"enemies":"Collector","floor":33.0,"turns":8.0},{"damage":0.0,"enemies":"Orb Walker","floor":35.0,"turns":3.0},{"damage":0.0,"enemies":"3 Darklings","floor":36.0,"turns":4.0},{"damage":35.0,"enemies":"2 Orb Walkers","floor":37.0,"turns":6.0},{"damage":5.0,"enemies":"Sphere and 2 Shapes","floor":39.0,"turns":4.0},{"damage":18.0,"enemies":"Reptomancer","floor":41.0,"turns":9.0},{"damage":7.0,"enemies":"4 Shapes","floor":44.0,"turns":5.0},{"damage":1.0,"enemies":"Giant Head","floor":45.0,"turns":7.0},{"damage":0.0,"enemies":"Nemesis","floor":47.0,"turns":7.0},{"damage":20.0,"enemies":"Donu and Deca","floor":50.0,"turns":10.0},{"damage":8,"enemies":"Time Eater","floor":51,"turns":2}],"seed_played":"2765575459009657521","potions_obtained":[{"floor":6.0,"key":"AttackPotion"},{"floor":8.0,"key":"Dexterity Potion"},{"floor":12.0,"key":"Poison Potion"},{"floor":19.0,"key":"EntropicBrew"},{"floor":25.0,"key":"Swift Potion"},{"floor":27.0,"key":"SteroidPotion"},{"floor":41.0,"key":"DistilledChaos"}],"is_trial":false,"path_per_floor":["M","?","$","?","?","E","R","E","T","E","R","M","M","M","R","B",null,"M","M","?","$","?","E","R","E","T","M","E","M","R","M","R","B",null,"M","M","?","T","M","R","E","$","T","M","E","$","E","?","R","B","B"],"character_chosen":"THE_SILENT","items_purchased":["Lantern","Art of War","Footwork","Frozen Eye"],"campfire_rested":1,"item_purchase_floors":[21,21,42,46],"current_hp_per_floor":[59,39,39,39,28,28,28,28,28,13,32,32,32,31,31,25,56,35,30,30,30,30,32,32,40,40,37,42,42,42,42,42,45,61,61,61,38,38,45,45,39,39,39,44,43,43,43,33,33,25,17,17],"gold":443,"neow_bonus":"THREE_ENEMY_KILL","is_daily":false,"chose_seed":false,"campfire_upgraded":6,"win_rate":0.0,"timestamp":1609477607,"path_taken":["M","?","$","?","?","E","R","E","T","E","R","?","M","M","R","BOSS","M","M","?","?","?","E","R","E","T","M","E","M","R","M","R","BOSS","M","M","?","?","M","R","E","$","T","M","E","?","E","?","R","BOSS","BOSS"],"items_purchased_type":["Relic","Relic","Card","Relic"],"build_version":"2020-12-22","purchased_purges":3,"victory":false,"max_hp_per_floor":[66,66,66,66,66,66,66,66,66,66,66,66,66,66,66,66,66,66,66,66,66,66,66,66,66,66,66,66,66,66,66,66,66,66,66,66,66,66,66,66,66,66,66,66,66,66,66,66,66,66,66,66],"relic_stats":{"Nunchaku":[17],"counters":[27,137],"Mummified Hand":[123],"Snecko Eye":[198,224,205,192],"Art of War":[32],"Whetstone":["Strike_G","Strike_G"],"Kunai":[14],"MawBank":204,"Cursed Key":1,"obtain_stats":[{"Girya":37,"Lantern":21,"NeowsBlessing":0,"Oddly Smooth Stone":5,"Omamori":9,"Whetstone":6,"MawBank":25,"Cursed Key":34,"Ancient Tea Set":47,"Akabeko":26,"Du-Vu Doll":10,"Frozen Eye":46,"Nunchaku":8,"Mummified Hand":23,"Snecko Eye":17,"Art of War":21,"Bag of Marbles":41,"Kunai":28,"Ring of the Snake":0,"Meat on the Bone":22},{"Girya":20,"Lantern":10,"NeowsBlessing":0,"Oddly Smooth Stone":1,"Omamori":3,"Whetstone":2,"MawBank":12,"Cursed Key":17,"Ancient Tea Set":25,"Akabeko":12,"Du-Vu Doll":4,"Frozen Eye":24,"Nunchaku":3,"Mummified Hand":11,"Snecko Eye":8,"Art of War":10,"Bag of Marbles":22,"Kunai":14,"Ring of the Snake":0,"Meat on the Bone":10},{"Girya":93,"Lantern":41,"NeowsBlessing":0,"Oddly Smooth Stone":1,"Omamori":4,"Whetstone":3,"MawBank":53,"Cursed Key":80,"Ancient Tea Set":125,"Akabeko":53,"Du-Vu Doll":12,"Frozen Eye":118,"Nunchaku":4,"Mummified Hand":47,"Snecko Eye":30,"Art of War":41,"Bag of Marbles":106,"Kunai":63,"Ring of the Snake":0,"Meat on the Bone":41}],"Ring of the Snake":[54],"Meat on the Bone":108},"card_choices":[{"not_picked":["Backstab","Poisoned Stab"],"picked":"Predator","floor":6.0},{"not_picked":["Finisher","Doppelganger"],"picked":"Calculated Gamble","floor":8.0},{"not_picked":["PiercingWail","Calculated Gamble"],"picked":"Leg Sweep","floor":10.0},{"not_picked":["Underhanded Strike","Choke","Flechettes"],"picked":"SKIP","floor":12.0},{"not_picked":["Slice","Reflex"],"picked":"Noxious Fumes","floor":13.0},{"not_picked":["Outmaneuver","Slice"],"picked":"Deadly Poison","floor":14.0},{"not_picked":["Glass Knife","A Thousand Cuts"],"picked":"Wraith Form v2","floor":16.0},{"not_picked":["Calculated Gamble","Cloak And Dagger"],"picked":"Well Laid Plans","floor":18.0},{"not_picked":["Deadly Poison","Riddle With Holes","Infinite Blades"],"picked":"SKIP","floor":19.0},{"not_picked":["Flechettes","Concentrate","Eviscerate"],"picked":"SKIP","floor":23.0},{"not_picked":["Calculated Gamble","Dash","Terror"],"picked":"SKIP","floor":25.0},{"not_picked":["Leg Sweep","Quick Slash"],"picked":"Bouncing Flask","floor":27.0},{"not_picked":["Masterful Stab+1","Endless Agony","Quick Slash"],"picked":"SKIP","floor":28.0},{"not_picked":["Slice","Blade Dance","Flying Knee"],"picked":"SKIP","floor":29.0},{"not_picked":["Slice","Blade Dance","Flying Knee"],"picked":"SKIP","floor":29.0},{"not_picked":["Escape Plan","Dodge and Roll"],"picked":"Footwork","floor":31.0},{"not_picked":["Adrenaline","Bullet Time"],"picked":"Burst","floor":33.0},{"not_picked":["Reflex+1","Calculated Gamble"],"picked":"Bouncing Flask+1","floor":35.0},{"not_picked":["Tactician","Prepared+1","Endless Agony"],"picked":"SKIP","floor":36.0},{"not_picked":["Tactician","Prepared+1","Endless Agony"],"picked":"SKIP","floor":36.0},{"not_picked":["Sucker Punch+1","Bane"],"picked":"Acrobatics","floor":39.0},{"not_picked":["Slice+1","Bane","Blade Dance"],"picked":"SKIP","floor":41.0},{"not_picked":["Acrobatics","Outmaneuver","Heel Hook"],"picked":"SKIP","floor":44.0},{"not_picked":["Blade Dance+1","Deadly Poison"],"picked":"After Image","floor":45.0},{"not_picked":["All Out Attack+1","Burst","Infinite Blades"],"picked":"SKIP","floor":47.0},{"not_picked":["Madness","Swift Strike"],"picked":"Discovery","floor":48.0}],"player_experience":3339058,"relics_obtained":[{"floor":6.0,"key":"Whetstone"},{"floor":8.0,"key":"Nunchaku"},{"floor":9.0,"key":"Omamori"},{"floor":10.0,"key":"Du-Vu Doll"},{"floor":23.0,"key":"Mummified Hand"},{"floor":25.0,"key":"MawBank"},{"floor":26.0,"key":"Akabeko"},{"floor":28.0,"key":"Kunai"},{"floor":37.0,"key":"Girya"},{"floor":41.0,"key":"Bag of Marbles"},{"floor":47.0,"key":"Ancient Tea Set"}],"event_choices":[{"damage_healed":0.0,"max_hp_gain":0.0,"max_hp_loss":0.0,"gold_gain":0.0,"event_name":"Shining Light","player_choice":"Entered Light","floor":2.0,"gold_loss":0.0,"damage_taken":20.0,"cards_upgraded":["Defend_G","Strike_G"]},{"damage_healed":0.0,"max_hp_gain":0.0,"max_hp_loss":0.0,"gold_gain":0.0,"event_name":"Living Wall","player_choice":"Grow","floor":4.0,"gold_loss":0.0,"damage_taken":0.0,"cards_upgraded":["Neutralize"]},{"damage_healed":0.0,"max_hp_gain":0.0,"max_hp_loss":0.0,"gold_gain":0.0,"event_name":"Scrap Ooze","player_choice":"Success","floor":5.0,"gold_loss":0.0,"damage_taken":11.0,"relics_obtained":["Oddly Smooth Stone"]},{"damage_healed":0.0,"max_hp_gain":0.0,"max_hp_loss":0.0,"gold_gain":275.0,"event_name":"Golden Shrine","player_choice":"Desecrate","floor":20.0,"gold_loss":0.0,"damage_taken":0.0,"cards_obtained":["Regret"]},{"damage_healed":0.0,"max_hp_gain":0.0,"max_hp_loss":0.0,"gold_gain":0.0,"event_name":"Addict","player_choice":"Stole Relic","floor":22.0,"gold_loss":0.0,"damage_taken":0.0,"relics_obtained":["Meat on the Bone"],"cards_obtained":["Shame"]},{"damage_healed":0.0,"max_hp_gain":0.0,"max_hp_loss":0.0,"gold_gain":0.0,"event_name":"Mysterious Sphere","player_choice":"Fight","floor":37.0,"gold_loss":0.0,"damage_taken":0.0},{"damage_healed":0.0,"max_hp_gain":0.0,"max_hp_loss":0.0,"gold_gain":0.0,"event_name":"SensoryStone","player_choice":"Memory 3","floor":48.0,"gold_loss":0.0,"damage_taken":10.0}],"is_beta":false,"boss_relics":[{"not_picked":["Runic Dome","Velvet Choker"],"picked":"Snecko Eye"},{"not_picked":["Runic Pyramid","Empty Cage"],"picked":"Cursed Key"}],"items_purged_floors":[3,21,42],"is_endless":false,"potions_floor_spawned":[6,8,12,16,19,25,27,36,41,44],"killed_by":"Time Eater","ascension_level":20}}