{"host":"3jpcvpprzj9sjffh","time":1609460480,"event":{"mods":["AchievementEnabler","BaseMod","Colored Map","Minty Spire (QoL Compilation)","Rare Cards Sparkle","SuperFastMode","everything is the same but u backflip on backflip"],"gold_per_floor":[216,104,104,104,117,117,151,175,175,2,15,15,15,33,33,128,178,198,198,217,53,53,53,67,67,67,67,87,39,54,69,69,165,165,179,29,29,49,67,67,80,80,80,91,101,101,113,113,113],"floor_reached":48,"playtime":1992,"items_purged":["Defend_P","Defend_P","Strike_P","EmptyMind"],"score":434,"play_id":"5940593b-f0ac-40f0-a537-f6df8d24484b","local_time":"20210101092120","is_ascension_mode":false,"campfire_choices":[{"data":"Eruption","floor":6,"key":"SMITH"},{"floor":12,"key":"REST"},{"floor":15,"key":"REST"},{"floor":23,"key":"RECALL"},{"floor":25,"key":"REST"},{"data":"Adaptation","floor":27,"key":"SMITH"},{"floor":32,"key":"REST"},{"floor":40,"key":"REST"},{"floor":42,"key":"REST"}],"circlet_count":0,"master_deck":["Strike_P","Strike_P+1","Defend_P","Defend_P","Eruption+1","Vigilance","Tantrum","InnerPeace","BowlingBash","FollowUp","BattleHymn","Adaptation+1","FearNoEvil","Consecrate"],"relics":["HolyWater","Oddly Smooth Stone","Odd Mushroom","Pantograph","Kunai","Tiny House","Blue Candle"],"acts_visited":["Exordium","TheCity","TheBeyond"],"potions_floor_usage":[16,18,20,30,33,38,45,47],"damage_taken":[{"damage":2,"enemies":"2 Louse","floor":1,"turns":3},{"damage":1,"enemies":"Jaw Worm","floor":5,"turns":3},{"damage":26,"enemies":"Gremlin Nob","floor":7,"turns":4},{"damage":18,"enemies":"The Mushroom Lair","floor":8,"turns":2},{"damage":0,"enemies":"Cultist","floor":11,"turns":2},{"damage":24,"enemies":"Blue Slaver","floor":14,"turns":3},{"damage":60,"enemies":"Hexaghost","floor":16,"turns":7},{"damage":1,"enemies":"Shell Parasite","floor":18,"turns":2},{"damage":20,"enemies":"2 Thieves","floor":20,"turns":2},{"damage":20,"enemies":"Snecko","floor":24,"turns":4},{"damage":4,"enemies":"Cultist and Chosen","floor":28,"turns":4},{"damage":12,"enemies":"Shelled Parasite and Fungi","floor":30,"turns":2},{"damage":9,"enemies":"Snecko","floor":31,"turns":5},{"damage":57,"enemies":"Automaton","floor":33,"turns":8},{"damage":29,"enemies":"3 Darklings","floor":35,"turns":4},{"damage":8,"enemies":"Orb Walker","floor":38,"turns":2},{"damage":36,"enemies":"Maw","floor":39,"turns":6},{"damage":0,"enemies":"Transient","floor":41,"turns":5},{"damage":38,"enemies":"4 Shapes","floor":44,"turns":3},{"damage":0,"enemies":"3 Darklings","floor":45,"turns":3},{"damage":59,"enemies":"Maw","floor":47,"turns":7},{"damage":24,"enemies":"Writhing Mass","floor":48,"turns":2}],"seed_played":"-8675194241251371848","potions_obtained":[{"floor":1,"key":"Swift Potion"},{"floor":14,"key":"SkillPotion"},{"floor":16,"key":"Explosive Potion"},{"floor":17,"key":"Fire Potion"},{"floor":18,"key":"BottledMiracle"},{"floor":20,"key":"Explosive Potion"},{"floor":41,"key":"StancePotion"},{"floor":44,"key":"SneckoOil"}],"is_trial":false,"path_per_floor":["M","$","?","?","M","R","E","?","T","$","M","R","?","M","R","B",null,"M","?","M","$","?","R","M","R","T","R","M","$","M","M","R","B",null,"M","$","?","M","M","R","M","R","T","M","M","?","M","M"],"character_chosen":"WATCHER","items_purchased":["InnerPeace","Adaptation","FearNoEvil","Consecrate"],"campfire_rested":6,"item_purchase_floors":[2,10,21,29],"current_hp_per_floor":[70,70,75,75,74,74,48,30,30,30,30,53,53,29,52,17,82,81,81,61,61,61,61,41,65,65,65,61,61,49,40,64,25,82,53,53,53,45,9,32,32,55,55,17,17,78,19,0,0],"gold":113,"neow_bonus":"HUNDRED_GOLD","is_daily":false,"chose_seed":false,"campfire_upgraded":2,"win_rate":0.0,"timestamp":1609460480,"path_taken":["M","$","?","?","M","R","E","?","T","?","?","R","?","M","R","BOSS","M","?","M","$","?","R","M","R","T","R","M","?","M","M","R","BOSS","M","$","?","M","M","R","M","R","T","M","M","?","?","M"],"items_purchased_type":["Card","Card","Card","Card"],"build_version":"2020-12-22","purchased_purges":4,"victory":false,"max_hp_per_floor":[72,72,77,77,77,77,77,77,77,77,77,77,77,77,77,77,82,82,82,82,82,82,82,82,82,82,82,82,82,82,82,82,82,82,82,82,78,78,78,78,78,78,78,78,78,78,78,78,78],"card_choices":[{"not_picked":["ForeignInfluence","Crescendo"],"picked":"Tantrum","floor":1},{"not_picked":["SashWhip","FlyingSleeves"],"picked":"BowlingBash","floor":5},{"not_picked":["Ragnarok","ConjureBlade"],"picked":"FollowUp","floor":7},{"not_picked":["CrushJoints","JustLucky"],"picked":"BattleHymn","floor":8},{"not_picked":["Swivel","Evaluate","Vengeance"],"picked":"SKIP","floor":11},{"not_picked":["Protect","BowlingBash"],"picked":"EmptyMind","floor":14},{"not_picked":["EmptyBody","Vengeance","PathToVictory"],"picked":"SKIP","floor":18},{"not_picked":["CutThroughFate","Protect+1","FollowUp+1"],"picked":"SKIP","floor":20},{"not_picked":["Perseverance","Blasphemy","ThirdEye+1"],"picked":"SKIP","floor":24},{"not_picked":["BattleHymn+1","PathToVictory","Fasting2"],"picked":"SKIP","floor":28},{"not_picked":["EmptyFist","Prostrate","SashWhip+1"],"picked":"SKIP","floor":30},{"not_picked":["JustLucky","BowlingBash","CrushJoints+1"],"picked":"SKIP","floor":31},{"not_picked":["BowlingBash","ThirdEye+1","CrushJoints"],"picked":"SKIP","floor":35},{"not_picked":["Protect+1","Consecrate+1","JustLucky"],"picked":"SKIP","floor":38},{"not_picked":["BowlingBash+1","CrushJoints","DevaForm"],"picked":"SKIP","floor":39},{"not_picked":["CarveReality+1","SandsOfTime+1","FollowUp"],"picked":"SKIP","floor":41},{"not_picked":["Fasting2","CrushJoints","Wireheading+1"],"picked":"SKIP","floor":44},{"not_picked":["DeceiveReality","SashWhip","Protect+1"],"picked":"SKIP","floor":45},{"not_picked":["InnerPeace+1","FlurryOfBlows","BowlingBash+1"],"picked":"SKIP","floor":47}],"player_experience":281767,"relics_obtained":[{"floor":7,"key":"Oddly Smooth Stone"},{"floor":8,"key":"Odd Mushroom"},{"floor":9,"key":"Pantograph"},{"floor":43,"key":"Blue Candle"}],"event_choices":[{"damage_healed":0,"gold_gain":0,"player_choice":"Donut","damage_taken":0,"max_hp_gain":5,"max_hp_loss":0,"event_name":"Big Fish","floor":3,"gold_loss":0},{"damage_healed":0,"gold_gain":0,"player_choice":"Ignored","damage_taken":0,"max_hp_gain":0,"max_hp_loss":0,"event_name":"Liars Game","floor":4,"gold_loss":0},{"damage_healed":0,"gold_gain":0,"player_choice":"Fought Mushrooms","damage_taken":0,"max_hp_gain":0,"max_hp_loss":0,"event_name":"Mushrooms","floor":8,"gold_loss":0},{"damage_healed":0,"gold_gain":0,"player_choice":"Searched \u00271\u0027 times","damage_taken":0,"relics_obtained":["Kunai"],"max_hp_gain":0,"max_hp_loss":0,"event_name":"Dead Adventurer","floor":13,"gold_loss":0},{"cards_removed":["Strike_P"],"damage_healed":0,"gold_gain":0,"player_choice":"Elegance","damage_taken":0,"max_hp_gain":0,"max_hp_loss":0,"event_name":"Back to Basics","floor":19,"gold_loss":0},{"damage_healed":0,"gold_gain":0,"player_choice":"Ignored","damage_taken":0,"max_hp_gain":0,"max_hp_loss":0,"event_name":"Vampires","floor":22,"gold_loss":0},{"damage_healed":0,"gold_gain":0,"player_choice":"Max HP","damage_taken":0,"max_hp_gain":0,"max_hp_loss":4,"event_name":"Winding Halls","floor":37,"gold_loss":0},{"damage_healed":61,"gold_gain":0,"player_choice":"Full Heal","damage_taken":0,"max_hp_gain":0,"max_hp_loss":0,"event_name":"Wheel of Change","floor":46,"gold_loss":0}],"is_beta":false,"boss_relics":[{"not_picked":["Runic Dome","Cursed Key"],"picked":"Tiny House"},{"not_picked":["Pandora\u0027s Box","Snecko Eye"],"picked":"HolyWater"}],"items_purged_floors":[2,10,21,36],"is_endless":false,"potions_floor_spawned":[1,14,16,18,20,28,41,44],"killed_by":"Writhing Mass","ascension_level":0}}