{"host":"o7ymgqw1bx1zbjaa","time":1609504983,"event":{"mods":["2.2 Compatiblity","AchievementEnabler","BaseMod","Colored Map","Downfall","Highlight Path","Minty Spire (QoL Compilation)","Quick Restart","Random Character Button","Rare Cards Sparkle","Spicy Shops","StSLib"],"gold_per_floor":[99,113,23,33,33,33,83,83,118,118,118,118,3,31,49,145,145,145,161,179,179,194,194,194,6,6,0,0,30,30,230,244,339,339,339,356,23,48,64,93,120,137,0,23,23,23,23,23],"floor_reached":46,"playtime":6006,"items_purged":["Guardian:Strike_Guardian","Guardian:Defend_Guardian","Pain"],"score":644,"play_id":"212b901b-43a4-48bf-b4fc-d6d17ca3bfe9","local_time":"20210101064303","is_ascension_mode":true,"campfire_choices":[{"floor":1.0,"key":"DIG"},{"floor":8.0,"key":"DIG"},{"floor":10.0,"key":"DIG"},{"floor":12.0,"key":"DIG"},{"floor":18,"key":"DIG"},{"floor":23,"key":"DIG"},{"floor":26,"key":"DIG"},{"floor":28,"key":"DIG"},{"floor":30,"key":"DIG"},{"floor":35,"key":"DIG"}],"circlet_count":0,"master_deck":["Guardian:Strike_Guardian+1","Guardian:Strike_Guardian+1","Guardian:CurlUp","Guardian:TwinSlam","Guardian:Clone+1","Guardian:Harden","Guardian:DecasProtection","Guardian:ShieldCharger","Guardian:ShieldCharger","Guardian:PrismaticBarrier+1","Guardian:PiercingHide","Guardian:StasisStrike","expansioncontent:Chronoboost","Guardian:ArmoredProtocol","Guardian:FastForward","Guardian:BronzeArmor+1","Guardian:ShieldCharger+1","Guardian:Gem_Orange","Guardian:Gem_Lightblue","Guardian:TimeBomb+1"],"relics":["Guardian:ModeShifter","Shovel","Eternal Feather","War Paint","Juzu Bracelet","Pantograph","Regal Pillow","Gremlin Horn","Boot","Unceasing Top","Fusion Hammer","Darkstone Periapt","The Courier","Whetstone","WingedGreaves","Bag of Marbles","Tiny Chest","Happy Flower","Potion Belt","Empty Cage","Bag of Preparation","Guardian:StasisCodex","Centennial Puzzle","Guardian:DefensiveModeMoreBlock","Orichalcum"],"acts_visited":["Exordium","TheCity","TheBeyond"],"potions_floor_usage":[16,16,22,29,33],"damage_taken":[{"damage":1.0,"enemies":"Cultist","floor":2.0,"turns":4.0},{"damage":0.0,"enemies":"downfall:FleeingMerchant","floor":3.0,"turns":4.0},{"damage":1.0,"enemies":"Small Slimes","floor":4.0,"turns":5.0},{"damage":40.0,"enemies":"3 Sentries","floor":9.0,"turns":12.0},{"damage":0.0,"enemies":"downfall:FleeingMerchant","floor":13.0,"turns":4.0},{"damage":0.0,"enemies":"Lagavulin","floor":14.0,"turns":5.0},{"damage":0.0,"enemies":"2 Louse","floor":15.0,"turns":2.0},{"damage":21,"enemies":"downfall:Silent","floor":16,"turns":6},{"damage":8,"enemies":"Chosen","floor":19,"turns":8},{"damage":7,"enemies":"Shelled Parasite and Fungi","floor":20,"turns":4},{"damage":6,"enemies":"Chosen and Byrds","floor":22,"turns":8},{"damage":12,"enemies":"downfall:FleeingMerchant","floor":25,"turns":4},{"damage":0,"enemies":"downfall:FleeingMerchant","floor":27,"turns":4},{"damage":36,"enemies":"Slavers","floor":29,"turns":6},{"damage":0,"enemies":"3 Cultists","floor":32,"turns":6},{"damage":14,"enemies":"downfall:Watcher","floor":33,"turns":9},{"damage":0,"enemies":"3 Darklings","floor":36,"turns":6},{"damage":0,"enemies":"3 Shapes","floor":39,"turns":11},{"damage":63,"enemies":"Reptomancer","floor":40,"turns":9},{"damage":0,"enemies":"Maw","floor":42,"turns":6},{"damage":0,"enemies":"downfall:FleeingMerchant","floor":43,"turns":4},{"damage":36,"enemies":"Transient","floor":46,"turns":3}],"seed_played":"5835944541558530351","potions_obtained":[{"floor":9.0,"key":"Guardian:AcceleratePotion"},{"floor":14.0,"key":"Ancient Potion"},{"floor":15.0,"key":"AttackPotion"},{"floor":19,"key":"hexamod:EctoCoolerPotion"},{"floor":20,"key":"LiquidBronze"},{"floor":29,"key":"DistilledChaos"},{"floor":33,"key":"Guardian:StasisDiscoveryPotion"},{"floor":40,"key":"SteroidPotion"}],"is_trial":false,"path_per_floor":["R","M","$","M","?","?","T","R","E","R","?","R","$","E","M","B",null,"R","M","M","?","M","R","T","$","R","$","R","E","R","?","M","B",null,"R","M","?","?","M","E","T","M","$","T","?","M"],"character_chosen":"GUARDIAN","items_purchased":["expansioncontent:Chronoboost","Guardian:DefensiveModeMoreBlock"],"campfire_rested":0,"item_purchase_floors":[25,43],"current_hp_per_floor":[72,71,71,70,67,67,67,72,32,38,38,44,44,44,44,48,72,72,64,57,63,57,66,66,54,63,63,72,36,45,45,45,56,78,78,78,88,88,88,25,25,25,25,25,25,0,0,0],"gold":23,"neow_bonus":"ONE_RARE_RELIC","is_daily":false,"chose_seed":false,"campfire_upgraded":0,"win_rate":0.0,"timestamp":1609504983,"path_taken":["R","M","$","?","?","?","T","R","E","R","?","R","?","E","M","BOSS","R","M","M","?","M","R","T","$","R","?","R","E","R","?","M","BOSS","R","M","?","?","M","E","T","M","$","?","?","M"],"items_purchased_type":["Card","Relic"],"build_version":"2020-12-22","purchased_purges":3,"victory":false,"max_hp_per_floor":[72,72,72,72,72,72,72,72,72,72,72,72,72,72,72,72,72,72,72,72,78,78,78,78,78,78,78,78,78,78,78,78,78,78,78,78,88,88,88,88,88,88,88,88,88,88,88,88],"card_choices":[{"not_picked":["Guardian:CrystalBeam","Guardian:TemporalStrike"],"picked":"Guardian:Gem_Red","floor":2.0},{"not_picked":["Guardian:VentSteam","Guardian:EvasiveProtocol"],"picked":"Guardian:Clone","floor":3.0},{"not_picked":["Guardian:StasisEngine","Guardian:Incinerate"],"picked":"Guardian:Harden","floor":4.0},{"not_picked":["Guardian:Suspension","Guardian:Clone"],"picked":"Guardian:DecasProtection","floor":9.0},{"not_picked":["Guardian:Gem_Blue","Guardian:Gem_Cyan"],"picked":"Guardian:ShieldCharger","floor":13.0},{"not_picked":["Guardian:Recover","Guardian:TemporalStrike"],"picked":"Guardian:PiercingHide","floor":14.0},{"not_picked":["Guardian:Gem_Red","Guardian:Planning"],"picked":"Guardian:ShieldCharger","floor":15.0},{"not_picked":["Guardian:GemFinder","Guardian:StasisEngine"],"picked":"Guardian:Gem_Orange","floor":16},{"not_picked":["Guardian:Gem_Lightblue","Guardian:Incinerate"],"picked":"Guardian:Gem_Purple","floor":19},{"not_picked":["Guardian:Gem_Blue","Guardian:Recover"],"picked":"Guardian:PrismaticBarrier+1","floor":20},{"not_picked":["Guardian:Gem_Cyan","Guardian:ShieldCharger"],"picked":"Guardian:PiercingHide","floor":22},{"not_picked":["Guardian:Recover","Guardian:Gem_Lightblue"],"picked":"Guardian:StasisStrike","floor":25},{"not_picked":["Guardian:DecasProtection","Guardian:PiercingHide"],"picked":"Guardian:Gem_Synthetic","floor":27},{"not_picked":["Guardian:VentSteam+1","Guardian:WalkerClaw"],"picked":"Guardian:Gem_Lightblue","floor":29},{"not_picked":["Guardian:Gem_White","Guardian:Reroute"],"picked":"Guardian:ArmoredProtocol","floor":32},{"not_picked":["Guardian:GemFire","Guardian:ConstructionForm"],"picked":"Guardian:FastForward","floor":33},{"not_picked":["Guardian:ChargeCore","Guardian:Suspension"],"picked":"Guardian:BronzeArmor+1","floor":36},{"not_picked":["Guardian:VentSteam+1","Guardian:PrimingBeam+1"],"picked":"Guardian:ShieldCharger+1","floor":39},{"not_picked":["Guardian:VentSteam","Guardian:MultiBeam+1"],"picked":"Guardian:Gem_Orange","floor":40},{"not_picked":["Guardian:CrystalBeam","Guardian:PiercingHide"],"picked":"Guardian:Gem_Lightblue","floor":42},{"not_picked":["Guardian:PrismaticBarrier","Guardian:PrimingBeam+1"],"picked":"Guardian:TimeBomb+1","floor":43}],"player_experience":404649,"relics_obtained":[{"floor":1.0,"key":"Eternal Feather"},{"floor":7.0,"key":"Juzu Bracelet"},{"floor":8.0,"key":"Pantograph"},{"floor":9.0,"key":"Regal Pillow"},{"floor":10.0,"key":"Gremlin Horn"},{"floor":12.0,"key":"Boot"},{"floor":14.0,"key":"Unceasing Top"},{"floor":18,"key":"Darkstone Periapt"},{"floor":23,"key":"Whetstone"},{"floor":24,"key":"WingedGreaves"},{"floor":26,"key":"Bag of Marbles"},{"floor":28,"key":"Tiny Chest"},{"floor":29,"key":"Happy Flower"},{"floor":30,"key":"Potion Belt"},{"floor":35,"key":"Bag of Preparation"},{"floor":40,"key":"Guardian:StasisCodex"},{"floor":41,"key":"Centennial Puzzle"},{"floor":44,"key":"Orichalcum"}],"event_choices":[{"damage_healed":0.0,"max_hp_gain":0.0,"max_hp_loss":0.0,"gold_gain":0.0,"event_name":"Scrap Ooze","player_choice":"Success","floor":5.0,"gold_loss":0.0,"damage_taken":3.0,"relics_obtained":["War Paint"]},{"cards_removed":["Guardian:Defend_Guardian"],"damage_healed":0.0,"max_hp_gain":0.0,"max_hp_loss":0.0,"gold_gain":0.0,"event_name":"The Cleric","player_choice":"Card Removal","floor":6.0,"gold_loss":0.0,"damage_taken":0.0},{"cards_removed":["Guardian:PiercingHide"],"damage_healed":0,"gold_gain":0,"player_choice":"Removed Skill","damage_taken":0,"max_hp_gain":0,"max_hp_loss":0,"event_name":"Falling","floor":45,"gold_loss":0}],"is_beta":false,"boss_relics":[{"not_picked":["Tiny House","Philosopher\u0027s Stone"],"picked":"Fusion Hammer"},{"not_picked":["Guardian:StasisSlotReductionRelic","Calling Bell"],"picked":"Empty Cage"}],"items_purged_floors":[3,13,25],"is_endless":false,"potions_floor_spawned":[9,14,15,19,20,29,33,40],"killed_by":"Transient","ascension_level":4}}