{"host":"w5c60nchricmn3zb","time":1609480961,"event":{"mods":["BaseMod","Conspire","Downfall","Duelist Mod","Hermit","Infinite Spire","Minty Spire (QoL Compilation)","Permanent Neow","Random Character Button","Relic Sorter","Replay The Spire","StSLib","The Cursed","The Jungle","The Marked","The Runesmith","The Servant 0.9.4","The Wild Card"],"gold_per_floor":[115,115,130,167,167,202,202,202,202],"floor_reached":8,"playtime":280,"items_purged":[],"score":54,"play_id":"07274b63-6996-4d1b-8adf-6648bda59600","local_time":"20210101010241","is_ascension_mode":false,"campfire_choices":[{"floor":7,"key":"REST"}],"circlet_count":0,"master_deck":["theWildCard:BasicStrike","theWildCard:BasicStrike","theWildCard:BasicStrike","theWildCard:BasicStrike","theWildCard:BasicDefend","theWildCard:BasicDefend","theWildCard:BasicDefend","theWildCard:CallToAdventure","theWildCard:Arsene","theWildCard:Polydeuces","theWildCard:PaleRider","theWildCard:Alice","theWildCard:Odin"],"relics":["theWildCard:VelvetContract","Orichalcum","Centennial Puzzle"],"acts_visited":["Exordium"],"potions_floor_usage":[6,8],"damage_taken":[{"damage":8,"enemies":"conspire:RoseBush","floor":1,"turns":2},{"damage":2,"enemies":"2 Louse","floor":3,"turns":2},{"damage":25,"enemies":"conspire:MimicChest","floor":4,"turns":6},{"damage":18,"enemies":"Gremlin Nob","floor":6,"turns":2},{"damage":26,"enemies":"Lagavulin","floor":8,"turns":3}],"seed_played":"2969909263577430062","potions_obtained":[{"floor":1,"key":"champ:CounterPotion"},{"floor":3,"key":"Cursed Concoction"},{"floor":4,"key":"champ:CounterPotion"}],"is_trial":false,"path_per_floor":["M","?","M","?","?","E","R","E"],"character_chosen":"THE_WILD_CARD","items_purchased":[],"campfire_rested":1,"item_purchase_floors":[],"current_hp_per_floor":[52,52,50,25,25,7,25,0,0],"gold":202,"neow_bonus":"REMOVE_CARD","is_daily":false,"chose_seed":false,"campfire_upgraded":0,"win_rate":0.0,"timestamp":1609480961,"path_taken":["M","?","M","?","?","E","R","E"],"items_purchased_type":[],"build_version":"2020-12-22","purchased_purges":0,"victory":false,"max_hp_per_floor":[60,60,60,60,60,60,60,60,60],"card_choices":[{"not_picked":["theWildCard:EnergyTheft","theWildCard:Proficiency","theWildCard:MaskChange"],"picked":"SKIP","floor":1},{"not_picked":["theWildCard:PowerOfTheArcana","theWildCard:Unburden"],"picked":"theWildCard:Polydeuces","floor":3},{"not_picked":["theWildCard:Proficiency","theWildCard:Patience"],"picked":"theWildCard:PaleRider","floor":4},{"not_picked":["theWildCard:Proficiency","theWildCard:StingingStrike"],"picked":"theWildCard:Odin","floor":6}],"player_experience":128962,"relics_obtained":[{"floor":4,"key":"Orichalcum"},{"floor":6,"key":"Centennial Puzzle"}],"event_choices":[{"damage_healed":0,"gold_gain":0,"player_choice":"Disagree","damage_taken":0,"max_hp_gain":0,"max_hp_loss":0,"event_name":"conspire:LoneGhost","floor":2,"gold_loss":0}],"is_beta":false,"boss_relics":[],"items_purged_floors":[],"is_endless":false,"potions_floor_spawned":[1,3,4],"killed_by":"Lagavulin","ascension_level":0}}