{"host":"khm4we1ijduz33xh","time":1609499623,"event":{"mods":["AchievementEnabler","BaseMod","Colored Map","Minty Spire (QoL Compilation)","Rare Cards Sparkle","StSLib","SuperFastMode"],"gold_per_floor":[111,128,140,65,76,76,89,421,421,431,431,448,448,448,448,448,448],"floor_reached":16,"playtime":788,"items_purged":["Strike_R"],"score":139,"play_id":"994b8549-98f8-4816-8758-d637fe3f3551","local_time":"20210101201343","is_ascension_mode":true,"campfire_choices":[{"data":"Body Slam","floor":6.0,"key":"SMITH"},{"data":"True Grit","floor":11.0,"key":"SMITH"},{"data":"Flame Barrier","floor":13,"key":"SMITH"},{"data":"Entrench","floor":15,"key":"SMITH"}],"circlet_count":0,"master_deck":["Strike_R","Strike_R","Strike_R","Strike_R","Defend_R","Defend_R","Defend_R","Defend_R","Bash","Feed","Flame Barrier+1","Body Slam+1","Exhume","True Grit+1","Warcry","Entrench+1"],"relics":["Burning Blood","Old Coin","Bottled Lightning","Regal Pillow"],"acts_visited":[],"potions_floor_usage":[16,16,16],"damage_taken":[{"damage":5.0,"enemies":"Small Slimes","floor":1.0,"turns":3.0},{"damage":7.0,"enemies":"2 Louse","floor":2.0,"turns":4.0},{"damage":0.0,"enemies":"Cultist","floor":3.0,"turns":4.0},{"damage":20.0,"enemies":"Gremlin Gang","floor":5.0,"turns":8.0},{"damage":4.0,"enemies":"Blue Slaver","floor":7.0,"turns":4.0},{"damage":27.0,"enemies":"3 Sentries","floor":8.0,"turns":10.0},{"damage":4.0,"enemies":"3 Louse","floor":10.0,"turns":3.0},{"damage":5,"enemies":"2 Fungi Beasts","floor":12,"turns":5},{"damage":72,"enemies":"Slime Boss","floor":16,"turns":12}],"seed_played":"4419036651075224839","potions_obtained":[{"floor":1.0,"key":"AttackPotion"},{"floor":5.0,"key":"Swift Potion"},{"floor":8.0,"key":"Weak Potion"}],"is_trial":false,"path_per_floor":["M","M","M","$","M","R","M","E","T","M","R","M","R","?","R","B"],"character_chosen":"IRONCLAD","items_purchased":[],"campfire_rested":0,"item_purchase_floors":[],"current_hp_per_floor":[75,77,81,81,70,70,72,54,54,62,62,69,69,69,69,0,0],"gold":448,"neow_bonus":"THREE_RARE_CARDS","is_daily":false,"chose_seed":false,"campfire_upgraded":4,"win_rate":0.0,"timestamp":1609499623,"path_taken":["M","M","M","$","M","R","M","E","T","M","R","M","R","?","R","BOSS"],"items_purchased_type":[],"build_version":"2020-12-22","purchased_purges":1,"victory":false,"max_hp_per_floor":[75,78,81,81,84,84,84,87,87,93,93,99,99,99,99,102,102],"card_choices":[{"not_picked":["Fiend Fire","Limit Break"],"picked":"Feed","floor":0.0},{"not_picked":["Armaments","Flex"],"picked":"Flame Barrier","floor":1.0},{"not_picked":["Perfected Strike","Wild Strike"],"picked":"Body Slam","floor":2.0},{"not_picked":["Dark Embrace","Pummel","Carnage"],"picked":"SKIP","floor":3.0},{"not_picked":["Pummel","Combust"],"picked":"Exhume","floor":5.0},{"not_picked":["Pommel Strike","Clothesline","Iron Wave"],"picked":"SKIP","floor":7.0},{"not_picked":["Intimidate","Whirlwind"],"picked":"True Grit","floor":8.0},{"not_picked":["Flex","Blood for Blood"],"picked":"Warcry","floor":10.0},{"not_picked":["Armaments","Rage"],"picked":"Entrench","floor":12}],"player_experience":173880,"relics_obtained":[{"floor":8.0,"key":"Old Coin"},{"floor":9.0,"key":"Bottled Lightning"}],"event_choices":[{"damage_healed":0,"gold_gain":0,"player_choice":"Searched \u00271\u0027 times","damage_taken":0,"relics_obtained":["Regal Pillow"],"max_hp_gain":0,"max_hp_loss":0,"event_name":"Dead Adventurer","floor":14,"gold_loss":0}],"is_beta":false,"boss_relics":[],"items_purged_floors":[4],"is_endless":false,"potions_floor_spawned":[1,5,8,10],"killed_by":"Slime Boss","ascension_level":2}}