{"host":"jksa5rawk3m4gilz","time":1609517990,"event":{"mods":["BaseMod","Colored Map","Highlight Path","Minty Spire (QoL Compilation)","Quick Restart"],"gold_per_floor":[368,380,380,380,380,406,416,431,456,456,456],"floor_reached":10,"playtime":325,"items_purged":[],"score":116,"play_id":"8f131c39-d0b9-4b15-8e19-265165daffd3","local_time":"20210101171950","is_ascension_mode":true,"campfire_choices":[],"circlet_count":0,"master_deck":["AscendersBane","Strike_B","Strike_B","Strike_B","Defend_B","Defend_B","Defend_B","Defend_B","Zap","Dualcast","Conserve Battery","Chill","Electrodynamics","Madness","Zap","Coolheaded","Thunder Strike"],"relics":["Cracked Core","Happy Flower","Boot"],"acts_visited":["Exordium"],"potions_floor_usage":[],"damage_taken":[{"damage":0,"enemies":"Small Slimes","floor":1,"turns":3},{"damage":0,"enemies":"Cultist","floor":2,"turns":3},{"damage":13,"enemies":"Lagavulin","floor":6,"turns":7},{"damage":0,"enemies":"Jaw Worm","floor":7,"turns":3},{"damage":15,"enemies":"Exordium Wildlife","floor":8,"turns":4},{"damage":62,"enemies":"Gremlin Nob","floor":10,"turns":4}],"seed_played":"-2735882139615232180","potions_obtained":[{"floor":7,"key":"FocusPotion"},{"floor":8,"key":"SteroidPotion"}],"is_trial":false,"path_per_floor":["M","M","?","?","?","E","M","M","T","E"],"character_chosen":"DEFECT","items_purchased":[],"campfire_rested":0,"item_purchase_floors":[],"current_hp_per_floor":[64,64,64,69,69,56,56,41,41,0,0],"gold":456,"neow_bonus":"TWO_FIFTY_GOLD","is_daily":false,"chose_seed":false,"campfire_upgraded":0,"win_rate":0.0,"timestamp":1609517990,"path_taken":["M","M","?","?","?","E","?","?","T","E"],"items_purchased_type":[],"build_version":"2020-12-22","purchased_purges":0,"victory":false,"max_hp_per_floor":[64,64,64,69,69,69,69,69,69,69,69],"card_choices":[{"not_picked":["Compile Driver","Coolheaded"],"picked":"Conserve Battery","floor":1},{"not_picked":["Cold Snap","Defragment"],"picked":"Chill","floor":2},{"not_picked":["Conserve Battery","Sweeping Beam","Go for the Eyes"],"picked":"SKIP","floor":6},{"not_picked":["Sweeping Beam","Steam Power","Leap"],"picked":"SKIP","floor":7},{"not_picked":["Turbo","Stack"],"picked":"Thunder Strike","floor":8}],"player_experience":2106470,"relics_obtained":[{"floor":6,"key":"Happy Flower"},{"floor":9,"key":"Boot"}],"event_choices":[{"damage_healed":0,"gold_gain":0,"cards_transformed":["Strike_B"],"player_choice":"Change","damage_taken":0,"max_hp_gain":0,"max_hp_loss":0,"event_name":"Living Wall","floor":3,"gold_loss":0,"cards_obtained":["Electrodynamics"]},{"damage_healed":0,"gold_gain":0,"player_choice":"Donut","damage_taken":0,"max_hp_gain":5,"max_hp_loss":0,"event_name":"Big Fish","floor":4,"gold_loss":0},{"damage_healed":0,"gold_gain":0,"player_choice":"3 cards matched","damage_taken":0,"max_hp_gain":0,"max_hp_loss":0,"event_name":"Match and Keep!","floor":5,"gold_loss":0,"cards_obtained":["Madness","Zap","Coolheaded"]}],"is_beta":false,"boss_relics":[],"items_purged_floors":[],"is_endless":false,"potions_floor_spawned":[7,8],"killed_by":"Gremlin Nob","ascension_level":14}}