{"host":"naxuom6ec8j3xbph","time":1609472612,"event":{"mods":["BaseMod","Colored Map","Colored Powertips","Highlight Path","Minty Spire (QoL Compilation)","Quick Restart","StSLib"],"gold_per_floor":[117,135,135,149,160,160,235,266,266,266,283,283,300,300,300,428,428,444,203,223,237,251,251,276,299,324,141,176,51,151,171,171,290,290,311,336,336,354,150,150,69,84,111,111,111,132,167,0,0,0],"floor_reached":51,"playtime":2150,"items_purged":["Regret","Demon Form","Strike_R","Strike_R"],"score":701,"play_id":"b40c144b-f1de-41ba-be10-1feaea54545e","local_time":"20210101114332","is_ascension_mode":false,"campfire_choices":[{"data":"Evolve","floor":6,"key":"SMITH"},{"data":"True Grit","floor":10,"key":"SMITH"},{"data":"Fire Breathing","floor":15,"key":"SMITH"},{"data":"Apotheosis","floor":23,"key":"SMITH"},{"floor":32,"key":"REST"},{"floor":40,"key":"REST"},{"floor":44,"key":"REST"},{"floor":49,"key":"REST"}],"circlet_count":0,"master_deck":["Defend_R","Defend_R","Defend_R","Defend_R+1","Bash","Reckless Charge","Evolve+1","Anger","True Grit+1","Fire Breathing+1","True Grit+1","Power Through","Injury","Wild Strike","Apotheosis+1","Warcry+1","Power Through","Injury","Purity","Immolate","Shrug It Off","Fire Breathing","Shrug It Off","Battle Trance","Power Through","Clumsy","Barricade"],"relics":["Burning Blood","Regal Pillow","PreservedInsect","Singing Bowl","Golden Idol","Cursed Key","Vajra","Juzu Bracelet","Fusion Hammer","Potion Belt","Oddly Smooth Stone","Red Mask"],"acts_visited":["Exordium","TheCity","TheBeyond"],"potions_floor_usage":[5,16,24,33,33,50],"damage_taken":[{"damage":0,"enemies":"2 Louse","floor":1,"turns":3},{"damage":11,"enemies":"Small Slimes","floor":2,"turns":4},{"damage":8,"enemies":"Jaw Worm","floor":4,"turns":5},{"damage":0,"enemies":"Lots of Slimes","floor":5,"turns":2},{"damage":15,"enemies":"Gremlin Nob","floor":8,"turns":4},{"damage":0,"enemies":"Red Slaver","floor":11,"turns":4},{"damage":2,"enemies":"Looter","floor":13,"turns":4},{"damage":23,"enemies":"Slime Boss","floor":16,"turns":6},{"damage":14,"enemies":"Chosen","floor":18,"turns":4},{"damage":12,"enemies":"Shell Parasite","floor":20,"turns":5},{"damage":20,"enemies":"Centurion and Healer","floor":21,"turns":6},{"damage":15,"enemies":"Snake Plant","floor":22,"turns":4},{"damage":9,"enemies":"3 Cultists","floor":24,"turns":4},{"damage":15,"enemies":"Centurion and Healer","floor":25,"turns":5},{"damage":22,"enemies":"Book of Stabbing","floor":28,"turns":5},{"damage":10,"enemies":"Cultist and Chosen","floor":31,"turns":5},{"damage":51,"enemies":"Champ","floor":33,"turns":11},{"damage":2,"enemies":"Orb Walker","floor":35,"turns":5},{"damage":54,"enemies":"3 Darklings","floor":36,"turns":5},{"damage":5,"enemies":"Spire Growth","floor":38,"turns":6},{"damage":12,"enemies":"Jaw Worm Horde","floor":42,"turns":4},{"damage":15,"enemies":"3 Darklings","floor":46,"turns":5},{"damage":59,"enemies":"Reptomancer","floor":47,"turns":5},{"damage":27,"enemies":"Donu and Deca","floor":50,"turns":6}],"seed_played":"2189322307243165617","potions_obtained":[{"floor":4,"key":"Explosive Potion"},{"floor":5,"key":"ElixirPotion"},{"floor":13,"key":"PowerPotion"},{"floor":21,"key":"FearPotion"},{"floor":22,"key":"GamblersBrew"},{"floor":28,"key":"ColorlessPotion"},{"floor":31,"key":"PowerPotion"},{"floor":42,"key":"SteroidPotion"},{"floor":46,"key":"FairyPotion"},{"floor":47,"key":"ElixirPotion"}],"is_trial":false,"path_per_floor":["M","M","?","M","M","R","?","E","T","R","M","?","M","?","R","B",null,"M","$","M","M","M","R","M","M","T","$","E","$","?","M","R","B",null,"M","M","?","M","$","R","$","M","T","R","?","M","E","?","R","B",null],"character_chosen":"IRONCLAD","items_purchased":["Apotheosis","Purity","Shrug It Off","Battle Trance"],"campfire_rested":4,"item_purchase_floors":[19,27,39,41],"current_hp_per_floor":[72,67,53,51,57,57,46,37,37,37,43,43,49,49,49,32,74,66,66,62,50,41,41,38,31,31,31,17,17,17,15,55,10,84,86,40,40,41,41,82,82,76,76,88,84,75,24,24,64,43],"gold":0,"neow_bonus":"TRANSFORM_TWO_CARDS","is_daily":false,"chose_seed":false,"campfire_upgraded":4,"win_rate":0.0,"timestamp":1609472612,"path_taken":["M","M","?","M","M","R","?","E","T","R","M","?","M","?","R","BOSS","M","$","M","M","M","R","M","M","T","$","E","$","?","M","R","BOSS","M","M","?","M","$","R","?","M","T","R","?","M","E","?","R","BOSS"],"items_purchased_type":["Card","Card","Card","Card"],"build_version":"2020-12-22","purchased_purges":4,"victory":true,"max_hp_per_floor":[72,72,72,72,72,72,72,72,72,72,72,72,74,74,74,74,74,74,74,76,78,78,78,78,80,80,80,82,82,82,84,84,84,84,86,88,88,88,88,88,88,88,88,88,84,84,86,86,86,86],"card_choices":[{"not_picked":["Entrench","Warcry"],"picked":"Anger","floor":1},{"not_picked":["Heavy Blade","Iron Wave"],"picked":"True Grit","floor":2},{"not_picked":["Havoc","Thunderclap","Intimidate"],"picked":"SKIP","floor":4},{"not_picked":["Wild Strike","Dark Embrace"],"picked":"Fire Breathing","floor":5},{"not_picked":["Sentinel","Pommel Strike"],"picked":"True Grit","floor":8},{"not_picked":["Sword Boomerang","Twin Strike"],"picked":"Power Through","floor":11},{"not_picked":["Spot Weakness","Havoc","Anger"],"picked":"Singing Bowl","floor":13},{"not_picked":["Barricade","Corruption"],"picked":"Demon Form","floor":16},{"not_picked":["Sword Boomerang","Whirlwind"],"picked":"Wild Strike","floor":18},{"not_picked":["Warcry","Dark Embrace","Heavy Blade"],"picked":"Singing Bowl","floor":20},{"not_picked":["Cleave","True Grit","Iron Wave"],"picked":"Singing Bowl","floor":21},{"not_picked":["Clothesline","Entrench+1"],"picked":"Warcry+1","floor":22},{"not_picked":["Heavy Blade","Clash+1"],"picked":"Power Through","floor":24},{"not_picked":["Thunderclap","Clothesline","Second Wind"],"picked":"Singing Bowl","floor":25},{"not_picked":["Seeing Red","Infernal Blade","Searing Blow"],"picked":"Singing Bowl","floor":28},{"not_picked":["Disarm","Havoc","Headbutt"],"picked":"Singing Bowl","floor":31},{"not_picked":["Demon Form","Brutality"],"picked":"Immolate","floor":33},{"not_picked":["Armaments+1","Disarm","Dropkick+1"],"picked":"Singing Bowl","floor":35},{"not_picked":["Hemokinesis+1","Rage","Anger"],"picked":"Singing Bowl","floor":36},{"not_picked":["Headbutt+1","Blood for Blood"],"picked":"Fire Breathing","floor":38},{"not_picked":["Metallicize+1","Flex"],"picked":"Power Through","floor":42},{"not_picked":["Flex","Ghostly Armor"],"picked":"Barricade","floor":46},{"not_picked":["Intimidate+1","Dropkick","Thunderclap+1"],"picked":"Singing Bowl","floor":47}],"player_experience":284248,"relics_obtained":[{"floor":8,"key":"Regal Pillow"},{"floor":9,"key":"PreservedInsect"},{"floor":26,"key":"Vajra"},{"floor":28,"key":"Juzu Bracelet"},{"floor":43,"key":"Potion Belt"},{"floor":47,"key":"Oddly Smooth Stone"}],"event_choices":[{"damage_healed":0,"gold_gain":0,"player_choice":"Entered Light","damage_taken":14,"max_hp_gain":0,"max_hp_loss":0,"event_name":"Shining Light","floor":3,"gold_loss":0,"cards_upgraded":["Defend_R","True Grit"]},{"damage_healed":0,"gold_gain":75,"player_choice":"Gather Gold","damage_taken":11,"max_hp_gain":0,"max_hp_loss":0,"event_name":"World of Goop","floor":7,"gold_loss":0},{"damage_healed":0,"gold_gain":0,"player_choice":"Box","damage_taken":0,"relics_obtained":["Singing Bowl"],"max_hp_gain":0,"max_hp_loss":0,"event_name":"Big Fish","floor":12,"gold_loss":0,"cards_obtained":["Regret"]},{"damage_healed":0,"gold_gain":0,"player_choice":"Take Wound","damage_taken":0,"relics_obtained":["Golden Idol"],"max_hp_gain":0,"max_hp_loss":0,"event_name":"Golden Idol","floor":14,"gold_loss":0,"cards_obtained":["Injury"]},{"damage_healed":0,"gold_gain":100,"player_choice":"Pray","damage_taken":0,"max_hp_gain":0,"max_hp_loss":0,"event_name":"Golden Shrine","floor":30,"gold_loss":0},{"damage_healed":0,"gold_gain":0,"cards_transformed":["Strike_R"],"player_choice":"Transformed","damage_taken":0,"max_hp_gain":0,"max_hp_loss":0,"event_name":"Transmorgrifier","floor":37,"gold_loss":0,"cards_obtained":["Shrug It Off"]},{"damage_healed":0,"gold_gain":0,"player_choice":"Max HP","damage_taken":0,"max_hp_gain":0,"max_hp_loss":4,"event_name":"Winding Halls","floor":45,"gold_loss":0},{"damage_healed":0,"gold_gain":0,"player_choice":"Paid","damage_taken":0,"relics_obtained":["Red Mask"],"max_hp_gain":0,"max_hp_loss":0,"event_name":"Tomb of Lord Red Mask","floor":48,"gold_loss":167}],"is_beta":false,"boss_relics":[{"not_picked":["Coffee Dripper","Runic Dome"],"picked":"Cursed Key"},{"not_picked":["Runic Pyramid","Runic Cube"],"picked":"Fusion Hammer"}],"items_purged_floors":[19,27,29,39],"is_endless":false,"potions_floor_spawned":[4,5,13,21,22,28,31,42,46,47],"ascension_level":0}}