{"host":"9dqe4r8waz2n7vhn","time":1609460608,"event":{"mods":["BaseMod","Colored Map","Minty Spire (QoL Compilation)","Rare Cards Sparkle","Replay The Spire","StSLib","Synergy Search"],"gold_per_floor":[112,124,136,136,146,163,163,176,176,30,63,79,110,121,121,218,218,233,244,184,184,35,35,64,64,64,64,37,67,78,96,96,197,197,211,221,66,76,95,128,143,143,143,177,177,0,10,27,27,27,27,27,27,53,53,53],"floor_reached":55,"playtime":4366,"items_purged":[],"score":858,"play_id":"8855fe06-6f8c-400e-8af5-11c174797914","local_time":"20201231182328","is_ascension_mode":false,"campfire_choices":[{"floor":7,"key":"RECALL"},{"data":"Hemogenesis","floor":15,"key":"SMITH"},{"data":"Fire Breathing","floor":23,"key":"SMITH"},{"data":"Berserk","floor":25,"key":"SMITH"},{"data":"Whirlwind","floor":27,"key":"SMITH"},{"floor":32,"key":"REST"},{"floor":42,"key":"REST"},{"floor":45,"key":"REST"},{"floor":49,"key":"REST"},{"data":"Demon Form","floor":52,"key":"SMITH"}],"circlet_count":0,"master_deck":["Strike_R","Strike_R","Strike_R","Strike_R","Strike_R","Defend_R+1","Defend_R","Defend_R+1","Defend_R","Bash","Discovery","Fire Breathing+1","Twin Strike","Hemogenesis+1","Looming Evil","Blood for Blood","Wild Strike","Infernal Blade","Impervious","Perfected Strike+1","Dual Wield","Whirlwind+1","Immolate+1","Cleave","Twin Strike","Berserk+1","Run Through+1","Pommel Strike","Wild Strike+1","Armaments","Demon Form+1","ReplayTheSpireMod:IOU","CommonCold","ReplayTheSpireMod:IOU","Evolve+1","Pommel Strike","Combust+1","Infernal Blade","Twin Strike+1","Parasite","Intimidate+1","Shrug It Off","Wild Strike+1","Whirlwind","Clothesline"],"relics":["Burning Blood","Ring of Misfortune","Ring of Fury","Toy Ornithopter","ReplayTheSpireMod:TigerMarble","Art of War","Honey Jar","Anchor","Onion Ring","Thread and Needle","Bottled Lightning","Replay:Ancient Bell","MealTicket","Mummified Hand","CaptainsWheel","Blood Vial","Simple Rune","Whetstone","Replay:Bottled Flurry","Red Mask","Replay:Rubber Ducky"],"acts_visited":["Exordium","TheCity","TheBeyond","TheEnding"],"potions_floor_usage":[3,13,13,16,24,29,31,40,44,44,44,50,55,55,55],"damage_taken":[{"damage":1,"enemies":"Cultist","floor":1,"turns":3},{"damage":4,"enemies":"2 Louse","floor":2,"turns":3},{"damage":2,"enemies":"Small Slimes","floor":3,"turns":3},{"damage":16,"enemies":"Gremlin Gang","floor":5,"turns":4},{"damage":8,"enemies":"Blue Slaver","floor":6,"turns":4},{"damage":24,"enemies":"Lots of Slimes","floor":8,"turns":3},{"damage":9,"enemies":"Gremlin Nob","floor":11,"turns":3},{"damage":3,"enemies":"Exordium Thugs","floor":12,"turns":3},{"damage":14,"enemies":"Replay:BlueRogue","floor":13,"turns":4},{"damage":5,"enemies":"Large Slime","floor":14,"turns":4},{"damage":13,"enemies":"Fading Forest","floor":16,"turns":11},{"damage":16,"enemies":"3 Byrds","floor":18,"turns":5},{"damage":21,"enemies":"Spheric Guardian","floor":19,"turns":4},{"damage":31,"enemies":"Book of Stabbing","floor":24,"turns":5},{"damage":14,"enemies":"Replay:Snechameleon","floor":29,"turns":3},{"damage":14,"enemies":"Shelled Parasite and Fungi","floor":30,"turns":3},{"damage":7,"enemies":"Snake Plant","floor":31,"turns":2},{"damage":43,"enemies":"Automaton","floor":33,"turns":7},{"damage":16,"enemies":"3 Darklings","floor":35,"turns":3},{"damage":2,"enemies":"3 Shapes","floor":36,"turns":4},{"damage":0,"enemies":"Jaw Worm Horde","floor":38,"turns":2},{"damage":0,"enemies":"Sphere and 2 Shapes","floor":39,"turns":5},{"damage":9,"enemies":"Giant Head","floor":40,"turns":7},{"damage":63,"enemies":"Writhing Mass","floor":41,"turns":6},{"damage":30,"enemies":"Reptomancer","floor":44,"turns":5},{"damage":0,"enemies":"4 Shapes","floor":47,"turns":3},{"damage":11,"enemies":"Spire Growth","floor":48,"turns":3},{"damage":62,"enemies":"Awakened One","floor":50,"turns":8},{"damage":48,"enemies":"Shield and Spear","floor":54,"turns":6},{"damage":92,"enemies":"The Heart","floor":55,"turns":8}],"seed_played":"1966307019651946309","potions_obtained":[{"floor":1,"key":"Dexterity Potion"},{"floor":2,"key":"AttackPotion"},{"floor":8,"key":"Ancient Potion"},{"floor":13,"key":"BloodPotion"},{"floor":14,"key":"SteroidPotion"},{"floor":24,"key":"Regen Potion"},{"floor":30,"key":"SteroidPotion"},{"floor":31,"key":"FearPotion"},{"floor":33,"key":"DistilledChaos"},{"floor":36,"key":"Regen Potion"},{"floor":38,"key":"SteroidPotion"},{"floor":41,"key":"HeartOfIron"},{"floor":44,"key":"Strength Potion"},{"floor":47,"key":"DistilledChaos"},{"floor":54,"key":"AttackPotion"}],"is_trial":false,"path_per_floor":["M","M","M","?","M","M","R","M","T","$","E","M","E","M","R","B",null,"M","M","?","?","$","R","E","R","T","R","$","E","M","M","R","B",null,"M","M","$","M","M","E","M","R","T","E","R","?","M","M","R","B",null,"R","$","E","B"],"character_chosen":"IRONCLAD","items_purchased":["Toy Ornithopter","Anchor","Run Through","Blood Vial"],"campfire_rested":4,"item_purchase_floors":[10,22,28,37],"current_hp_per_floor":[80,80,80,80,75,73,73,55,55,55,57,65,67,74,74,80,80,78,71,71,71,71,71,75,75,75,75,75,72,64,68,80,43,80,70,80,80,80,80,77,22,46,46,56,80,80,80,75,80,24,80,80,80,46,0,0],"gold":53,"neow_bonus":"RANDOM_COLORLESS","is_daily":false,"chose_seed":false,"campfire_upgraded":5,"win_rate":0.0,"timestamp":1609460608,"path_taken":["M","M","M","?","M","M","R","M","T","$","E","M","E","M","R","BOSS","M","M","?","?","$","R","E","R","T","R","$","E","M","M","R","BOSS","M","M","?","M","M","E","?","R","T","E","R","?","M","M","R","BOSS","R","$","E","BOSS"],"items_purchased_type":["Relic","Relic","Card","Relic"],"build_version":"2020-12-22","purchased_purges":0,"victory":false,"max_hp_per_floor":[80,80,80,80,80,80,80,80,80,80,80,80,80,80,80,80,80,80,80,80,80,80,80,80,80,80,80,80,80,80,80,80,80,80,80,80,80,80,80,80,80,80,80,80,80,80,80,80,80,80,80,80,80,80,80,80],"card_choices":[{"not_picked":["Trip","Good Instincts"],"picked":"Discovery","floor":0},{"not_picked":["Reckless Charge","Perfected Strike"],"picked":"Fire Breathing","floor":1},{"not_picked":["Heavy Blade","Flex"],"picked":"Twin Strike","floor":2},{"not_picked":["Infernal Blade","Pommel Strike"],"picked":"Hemogenesis","floor":3},{"not_picked":["ReplayTheSpireMod:Strike From Hell","ReplayTheSpireMod:Muscle Training"],"picked":"Blood for Blood","floor":5},{"not_picked":["Clothesline","Warcry"],"picked":"Wild Strike","floor":6},{"not_picked":["Shrug It Off","Seeing Red"],"picked":"Infernal Blade","floor":8},{"not_picked":["Flex","Battle Trance"],"picked":"Impervious","floor":11},{"not_picked":["ReplayTheSpireMod:Muscle Training","Second Wind"],"picked":"Perfected Strike","floor":12},{"not_picked":["Anger","Warcry"],"picked":"Dual Wield","floor":13},{"not_picked":["True Grit","Heavy Blade"],"picked":"Whirlwind","floor":14},{"not_picked":["Limit Break","Demonic Infusion"],"picked":"Immolate","floor":16},{"not_picked":["Warcry","Ghostly Armor","Flex"],"picked":"Cleave","floor":18},{"not_picked":["Clothesline","Flame Barrier","Thunderclap+1"],"picked":"Twin Strike","floor":19},{"not_picked":["Dual Wield","Heavy Blade","Warcry"],"picked":"Berserk","floor":24},{"not_picked":["Life Link","Headbutt","Exhume"],"picked":"Pommel Strike","floor":29},{"not_picked":["Feel No Pain","Thunderclap+1","Sentinel"],"picked":"Wild Strike+1","floor":30},{"not_picked":["Havoc","Hemokinesis","Body Slam"],"picked":"Armaments","floor":31},{"not_picked":["Double Tap","Corruption","Demonic Infusion"],"picked":"Demon Form","floor":33},{"not_picked":["Injury","Spreading Infection","Languid"],"picked":"ReplayTheSpireMod:IOU","floor":34},{"not_picked":["Overencumbered","Decay","Replay:Hysterical Blindness"],"picked":"CommonCold","floor":34},{"not_picked":["Regret","Spreading Infection","Hallucinations"],"picked":"ReplayTheSpireMod:IOU","floor":34},{"not_picked":["Rage","Anger+1","Second Wind+1"],"picked":"Evolve+1","floor":35},{"not_picked":["Rupture","Headbutt","Anger+1"],"picked":"Pommel Strike","floor":36},{"not_picked":["Anger","Flex+1","Rage"],"picked":"Combust+1","floor":38},{"not_picked":["Dark Embrace","Entrench","Sword Boomerang"],"picked":"Infernal Blade","floor":39},{"not_picked":["Massacre","Blood for Blood","Havoc"],"picked":"Twin Strike+1","floor":40},{"not_picked":["ReplayReversal","Abandon","Infernal Blade"],"picked":"Intimidate+1","floor":41},{"not_picked":["Sever Soul","Replay:Many Hands","ReplayTheSpireMod:Strike From Hell"],"picked":"Shrug It Off","floor":44},{"not_picked":["Twin Strike","Warcry+1","Thunderclap"],"picked":"Wild Strike+1","floor":47},{"not_picked":["Warcry+1","Shrug It Off","Headbutt+1"],"picked":"Whirlwind","floor":48},{"not_picked":["Iron Wave","Corruption","Burning Pact"],"picked":"Clothesline","floor":54}],"player_experience":592098,"relics_obtained":[{"floor":4,"key":"Ring of Misfortune"},{"floor":4,"key":"Ring of Fury"},{"floor":11,"key":"ReplayTheSpireMod:TigerMarble"},{"floor":13,"key":"Art of War"},{"floor":24,"key":"Onion Ring"},{"floor":26,"key":"Thread and Needle"},{"floor":29,"key":"Bottled Lightning"},{"floor":40,"key":"Simple Rune"},{"floor":43,"key":"Whetstone"},{"floor":44,"key":"Replay:Bottled Flurry"},{"floor":54,"key":"Replay:Rubber Ducky"}],"event_choices":[{"damage_healed":0,"gold_gain":0,"player_choice":"Upgraded","damage_taken":0,"max_hp_gain":0,"max_hp_loss":0,"event_name":"Upgrade Shrine","floor":21,"gold_loss":0,"cards_upgraded":["Immolate"]},{"damage_healed":0,"gold_gain":0,"player_choice":"Paid","damage_taken":0,"relics_obtained":["Red Mask"],"max_hp_gain":0,"max_hp_loss":0,"event_name":"Tomb of Lord Red Mask","floor":46,"gold_loss":177}],"is_beta":false,"boss_relics":[{"not_picked":["ReplayTheSpireMod:DimensionalGlitch","Tiny House"],"picked":"Honey Jar"},{"not_picked":["Coffee Dripper","Pandora\u0027s Box"],"picked":"Replay:Ancient Bell"},{"not_picked":["Vajra","Replay:Wax Seal"],"picked":"MealTicket"},{"not_picked":["Quantum Egg","Garlic"],"picked":"Mummified Hand"},{"not_picked":["FossilizedHelix","Gambling Chip"],"picked":"CaptainsWheel"}],"items_purged_floors":[],"is_endless":false,"potions_floor_spawned":[1,2,8,13,14,24,30,31,33,36,38,41,44,47,54],"killed_by":"The Heart","ascension_level":0}}