{"host":"d8d3jqle49sogkjv","time":1609461142,"event":{"mods":["BaseMod","Colored Map","Colored Powertips","Minty Spire (QoL Compilation)","StSLib"],"gold_per_floor":[115,130,52,64,64,64,93,93,93,109,122,422,497,127,127,227,277,217,217,217,235,235,235],"floor_reached":22,"playtime":1239,"items_purged":["Strike_R"],"score":282,"play_id":"f9dc0159-34e5-49ae-a494-698c9917a326","local_time":"20210101013222","is_ascension_mode":true,"campfire_choices":[{"data":"Bash","floor":6.0,"key":"SMITH"},{"data":"Entrench","floor":8.0,"key":"SMITH"},{"floor":15.0,"key":"REST"}],"circlet_count":0,"master_deck":["AscendersBane","Strike_R","Strike_R","Strike_R","Strike_R","Defend_R","Defend_R","Defend_R","Defend_R+1","Bash+1","True Grit+1","Metallicize","Entrench+1","Flame Barrier","Shrug It Off","Barricade","Shrug It Off","Pain","Metallicize"],"relics":["Burning Blood","Regal Pillow","Thread and Needle","Girya","Old Coin","Calipers","Tiny House","WarpedTongs"],"acts_visited":["Exordium","TheCity"],"potions_floor_usage":[16,18,22],"damage_taken":[{"damage":11.0,"enemies":"Cultist","floor":1.0,"turns":4.0},{"damage":3.0,"enemies":"Small Slimes","floor":2.0,"turns":4.0},{"damage":3.0,"enemies":"2 Louse","floor":4.0,"turns":4.0},{"damage":38.0,"enemies":"Gremlin Nob","floor":7.0,"turns":6.0},{"damage":24.0,"enemies":"Large Slime","floor":10.0,"turns":6.0},{"damage":0.0,"enemies":"2 Fungi Beasts","floor":11.0,"turns":5.0},{"damage":33,"enemies":"The Guardian","floor":16,"turns":25},{"damage":0,"enemies":"2 Thieves","floor":18,"turns":4},{"damage":1,"enemies":"Shell Parasite","floor":21,"turns":14},{"damage":88,"enemies":"Chosen and Byrds","floor":22,"turns":10}],"seed_played":"-3150686697211417855","potions_obtained":[{"floor":7.0,"key":"SkillPotion"},{"floor":10.0,"key":"Block Potion"},{"floor":11.0,"key":"Weak Potion"},{"floor":17,"key":"HeartOfIron"},{"floor":21,"key":"ColorlessPotion"}],"is_trial":false,"path_per_floor":["M","M","$","M","?","R","E","R","T","M","M","?","?","$","R","B",null,"M","?","?","M","M"],"character_chosen":"IRONCLAD","items_purchased":["Metallicize","Calipers"],"campfire_rested":1,"item_purchase_floors":[3,14],"current_hp_per_floor":[67,70,70,73,73,73,41,41,41,23,29,17,6,6,45,18,70,76,76,76,81,0,0],"gold":235,"neow_bonus":"RANDOM_COMMON_RELIC","is_daily":false,"chose_seed":false,"campfire_upgraded":2,"win_rate":0.0,"timestamp":1609461142,"path_taken":["M","M","$","?","?","R","E","R","T","M","?","?","?","$","R","BOSS","M","?","?","?","M"],"items_purchased_type":["Card","Relic"],"build_version":"2020-12-22","purchased_purges":1,"victory":false,"max_hp_per_floor":[80,80,80,80,80,80,80,80,80,80,80,80,80,80,80,80,85,85,85,85,85,85,85],"card_choices":[{"not_picked":["Anger","Pommel Strike"],"picked":"True Grit","floor":1.0},{"not_picked":["Flex","Shockwave","Cleave"],"picked":"SKIP","floor":2.0},{"not_picked":["Dropkick","Dual Wield","Anger"],"picked":"SKIP","floor":4.0},{"not_picked":["Rupture","Dual Wield"],"picked":"Entrench","floor":7.0},{"not_picked":["Rupture","Warcry"],"picked":"Flame Barrier","floor":10.0},{"not_picked":["Battle Trance","Entrench"],"picked":"Shrug It Off","floor":11.0},{"not_picked":["Reaper","Limit Break"],"picked":"Barricade","floor":16},{"not_picked":["Dark Embrace+1","Headbutt","Sentinel"],"picked":"SKIP","floor":18},{"not_picked":["Thunderclap","Fiend Fire"],"picked":"Metallicize","floor":21}],"player_experience":343856,"relics_obtained":[{"floor":7.0,"key":"Thread and Needle"},{"floor":9.0,"key":"Girya"}],"event_choices":[{"damage_healed":0.0,"max_hp_gain":0.0,"max_hp_loss":0.0,"gold_gain":0.0,"event_name":"Upgrade Shrine","player_choice":"Upgraded","floor":5.0,"gold_loss":0.0,"damage_taken":0.0,"cards_upgraded":["True Grit"]},{"damage_healed":0.0,"max_hp_gain":0.0,"max_hp_loss":0.0,"gold_gain":0.0,"event_name":"Scrap Ooze","player_choice":"Success","floor":12.0,"gold_loss":0.0,"damage_taken":12.0,"relics_obtained":["Old Coin"]},{"damage_healed":0.0,"max_hp_gain":0.0,"max_hp_loss":0.0,"gold_gain":75.0,"event_name":"World of Goop","player_choice":"Gather Gold","floor":13.0,"gold_loss":0.0,"damage_taken":11.0},{"damage_healed":0,"gold_gain":0,"player_choice":"Read","damage_taken":0,"max_hp_gain":0,"max_hp_loss":0,"event_name":"The Library","floor":19,"gold_loss":0,"cards_obtained":["Shrug It Off"]},{"damage_healed":0,"gold_gain":0,"player_choice":"Rummage","damage_taken":0,"relics_obtained":["WarpedTongs"],"max_hp_gain":0,"max_hp_loss":0,"event_name":"Accursed Blacksmith","floor":20,"gold_loss":0,"cards_obtained":["Pain"]}],"is_beta":false,"boss_relics":[{"not_picked":["Runic Dome","Runic Cube"],"picked":"Tiny House"}],"items_purged_floors":[14],"is_endless":false,"potions_floor_spawned":[7,10,11,21],"killed_by":"Chosen and Byrds","ascension_level":11}}