{"host":"9sqwgc7o3s0c6ttp","time":1609495881,"event":{"mods":["AchievementEnabler","Act Like it!","Arknights The Spire","Aspiration","BaseMod","CapriCore","Colored Map","Colored Powertips","Dota2Spire","Friendly Minions","Gensokyo","HololiveMod","Infinite Spire","Minty Spire (QoL Compilation)","Pale of the Ancients","Replay The Spire","StSLib","Waifu the Spire","WarShipGirlsR/??á´Ò³R mod"],"gold_per_floor":[113,124,137,137,137,137,151,151,223,223,236,3,29,39,39,285,285,297,185,236,76,89,114,114,133,133,83,83,0,20,20,20,121,121,138,138,157,157,168,168,179,204,252,252,460,460,321,341,341,341,359,375,475,7,7,17,17,17,17,17],"floor_reached":61,"playtime":2338,"items_purged":["ats:Strike V","ats:Defend"],"score":1490,"play_id":"e8114bb3-0ef1-42b3-9d7d-4581206e141d","local_time":"20210101191121","is_ascension_mode":true,"campfire_choices":[{"data":"ats:Burning Ground","floor":6,"key":"SMITH"},{"data":"ats:Soul Absorption","floor":8,"key":"SMITH"},{"data":"ats:Emotion Absorption","floor":10,"key":"SMITH"},{"data":"ats:Assault Order","floor":15,"key":"SMITH"},{"data":"ats:Very Hot Blade","floor":24,"key":"SMITH"},{"floor":32,"key":"REST"},{"data":"ats:Ignite","floor":40,"key":"SMITH"},{"data":"ats:Very Hot Blade","floor":44,"key":"SMITH"},{"data":"ats:Curse Doll","floor":46,"key":"SMITH"},{"data":"ats:Burning Ground","floor":49,"key":"SMITH"},{"data":"ats:Counter Healing Mode","floor":55,"key":"SMITH"},{"data":"ats:Wolf Pack","floor":57,"key":"SMITH"}],"circlet_count":0,"master_deck":["ats:Strike C","ats:Strike G","ats:Armor Crushing Shot","ats:Defend","ats:Defend","ats:Emotion Absorption+1","ats:Burning Ground+1","ats:Curse Doll+1","ats:Soul Absorption+1","ats:Assault Order+1","ats:Guardian Obelisk+1","ats:Flame Of Heaven+1","ats:Nebulous Foxfire+1","ats:Revitalization+1","ats:Assault Order+1","ats:Leaping Hammer+1","ats:Very Hot Blade+1","ats:Charging Defense+1","ats:Charging Defense+1","ats:Flame Of Heaven+1","ats:Ignite+1","ats:Wolf Pack+1","Gensokyo:ShootingStar+1","ats:Revitalization+1","ats:Very Hot Blade+1","ats:Apocalypse+1","ats:Burning Ground+1","ats:Healing Strengthening+1","ats:Guardian Obelisk+1","ats:Counter Healing Mode+1"],"relics":["ats:Sanity","Toxic Egg 2","Orrery","ats:Originium","Thread and Needle","ReplayTheSpireMod:Lightbulb","Sozu","Bronze Scales","aspiration:ChemicalBlood","Dota2Spire:BattleFury","infinitespire:FocusingShard","Dota2Spire:OctarineCore","Gensokyo:RedStar","aspiration:PoetsPen_weak","Gensokyo:DualWield","Dota2Spire:EtherealBlade","Nunchaku","paleoftheancients:Timepiece","Oddly Smooth Stone","Letter Opener","DollysMirror","Bottled Lightning","paleoftheancients:SoulOfTheHexaghost","Dota2Spire:OrchidMalevolence"],"acts_visited":["Gensokyo:Gensokyo","Gensokyo:Gensokyoer","Gensokyo:Gensokyoest","paleoftheancients:PaleOfTheAncients"],"potions_floor_usage":[23,25,33],"damage_taken":[{"damage":5,"enemies":"Gensokyo:2_Kodama","floor":1,"turns":6},{"damage":0,"enemies":"Gensokyo:3_Fairies","floor":2,"turns":3},{"damage":0,"enemies":"Gensokyo:Python","floor":3,"turns":4},{"damage":11,"enemies":"Gensokyo:3_Kodama","floor":7,"turns":3},{"damage":0,"enemies":"Gensokyo:5_Fairies","floor":11,"turns":3},{"damage":8,"enemies":"Gensokyo:Mamizou","floor":13,"turns":7},{"damage":6,"enemies":"Gensokyo:Gryphon_and_Rabbit","floor":14,"turns":4},{"damage":66,"enemies":"Gensokyo:Yukari","floor":16,"turns":14},{"damage":17,"enemies":"Gensokyo:2_Gloops","floor":18,"turns":5},{"damage":4,"enemies":"Gensokyo:CosmicMonolith","floor":22,"turns":4},{"damage":11,"enemies":"Gensokyo:Koishi","floor":23,"turns":7},{"damage":20,"enemies":"Gensokyo:Swordslinger","floor":25,"turns":3},{"damage":36,"enemies":"Gensokyo:Wraith","floor":30,"turns":4},{"damage":6,"enemies":"Gensokyo:Kaguya","floor":33,"turns":10},{"damage":0,"enemies":"Gensokyo:AncientGuardian","floor":35,"turns":2},{"damage":16,"enemies":"Gensokyo:3_Boulders","floor":37,"turns":3},{"damage":0,"enemies":"Gensokyo:SeedOfUnknown","floor":39,"turns":4},{"damage":19,"enemies":"Gensokyo:Rafflesia","floor":41,"turns":5},{"damage":0,"enemies":"Gensokyo:Doremy","floor":42,"turns":5},{"damage":0,"enemies":"Gensokyo:Dusk_and_Dawn","floor":48,"turns":2},{"damage":0,"enemies":"Gensokyo:Scarlet_Devils","floor":50,"turns":7},{"damage":10,"enemies":"Gensokyo:Scarlet_Devils","floor":51,"turns":6},{"damage":35,"enemies":"Gensokyo:Scarlet_Devils","floor":52,"turns":6},{"damage":0,"enemies":"Gensokyo:Scarlet_Devils","floor":56,"turns":5},{"damage":98,"enemies":"paleoftheancients:N","floor":60,"turns":10}],"seed_played":"-7720600016496075177","potions_obtained":[{"floor":2,"key":"SneckoOil"},{"floor":11,"key":"Ancient Potion"},{"floor":13,"key":"Dota2Spire:Clarity"},{"floor":14,"key":"LifebloodPotion"},{"floor":16,"key":"PowerPotion"}],"is_trial":false,"path_per_floor":["M","M","M","?","?","R","M","R","T","R","M","COS","E","M","R","B",null,"M","$","T","COS","M","E","R","M","T","?","$","?","M","?","R","B",null,"M","?","M","?","M","R","M","E","T","R","?","R","$","M","R","B","M","M","?","$","R","M","R","T","?","B",null],"character_chosen":"DOCTOR_CLASS","items_purchased":["ats:Charging Defense+1","ats:Burning Ground","DollysMirror","Bottled Lightning","ats:Counter Healing Mode"],"campfire_rested":1,"item_purchase_floors":[19,47,54,54,54],"current_hp_per_floor":[67,67,67,67,67,67,56,56,56,56,56,56,64,63,63,36,72,62,62,62,62,68,70,70,50,50,57,57,57,31,31,54,79,79,79,79,63,63,78,78,71,79,79,79,60,60,60,67,67,79,79,79,79,79,79,79,79,79,79,59],"gold":17,"neow_bonus":"REMOVE_CARD","is_daily":false,"chose_seed":false,"campfire_upgraded":11,"win_rate":0.0,"timestamp":1609495881,"path_taken":["M","M","M","?","?","R","M","R","T","R","?","COS","E","M","R","BOSS","M","?","?","COS","M","E","R","?","T","?","$","?","M","?","R","BOSS","M","?","?","?","M","R","M","E","T","R","?","R","$","M","R","BOSS","M","M","?","$","R","M","R","T","?","BOSS"],"items_purchased_type":["Card","Card","Relic","Relic","Card"],"build_version":"2020-12-22","purchased_purges":2,"victory":true,"max_hp_per_floor":[72,72,72,72,72,72,72,72,72,72,72,72,72,72,72,72,72,72,72,72,72,72,72,72,72,72,79,79,79,79,79,79,79,79,79,79,79,79,79,79,79,79,79,79,79,79,79,79,79,79,79,79,79,79,79,79,79,79,79,79],"card_choices":[{"not_picked":["ats:Childhood Dance","ats:Explosion Area Strengthen"],"picked":"ats:Burning Ground","floor":1},{"not_picked":["ats:Flexible Camouflage","ats:Hammer On"],"picked":"ats:Curse Doll","floor":2},{"not_picked":["ats:Red Shift","ats:Revitalization"],"picked":"ats:Soul Absorption","floor":3},{"not_picked":["ats:Powerful Strike","ats:Shell Defense"],"picked":"ats:Assault Order","floor":7},{"not_picked":["ats:Demon Strength","ats:Shell Defense+1"],"picked":"ats:Guardian Obelisk+1","floor":11},{"not_picked":["ats:Explosion Area Strengthen","ats:Consecutive Shot Auto"],"picked":"ats:Flame Of Heaven+1","floor":12},{"not_picked":["ats:Red Shift","ats:Steam Pump+1"],"picked":"ats:Nebulous Foxfire+1","floor":12},{"not_picked":["ats:Powerful Strike","ats:Charging Defense+1"],"picked":"ats:Revitalization+1","floor":12},{"not_picked":["ats:Soul Rend","ats:True Silver Slash"],"picked":"ats:Assault Order+1","floor":13},{"not_picked":["ats:Hammer On","ats:Childhood Dance+1"],"picked":"ats:Leaping Hammer","floor":14},{"not_picked":["ats:Support Order+1","ats:Magnetic Hammer"],"picked":"ats:Very Hot Blade","floor":18},{"not_picked":["ats:Shell Defense+1","ats:Explosion Area Strengthen"],"picked":"ats:Charging Defense+1","floor":22},{"not_picked":["ats:Directed Diagnosis+1","ats:Thorns"],"picked":"ats:Flame Of Heaven+1","floor":23},{"not_picked":["ats:Explosion Area Strengthen","ats:Flexible Camouflage+1"],"picked":"ats:Ignite","floor":25},{"not_picked":["ats:True Silver Slash","ats:Durian"],"picked":"ats:Wolf Pack","floor":30},{"not_picked":["ats:Closed Bolt Burst Fire","ats:Automatic Cover+1","ats:Spore Proliferation+1"],"picked":"SKIP","floor":30},{"not_picked":[],"picked":"Gensokyo:ShootingStar","floor":33},{"not_picked":["ats:Fractured Body+1","ats:Shadow Assault"],"picked":"ats:Echo Reverb+1","floor":33},{"not_picked":["ats:Shell Defense+1","ats:Powerful Strike+1","ats:Revitalization+1"],"picked":"SKIP","floor":35},{"not_picked":["ats:Shell Defense+1","ats:Powerful Strike+1"],"picked":"ats:Revitalization+1","floor":35},{"not_picked":["ats:Poison Spread","ats:Collapsing Strike+1"],"picked":"ats:Very Hot Blade","floor":37},{"not_picked":["ats:Explosion Area Strengthen","ats:Composite Medical Shells"],"picked":"ats:Apocalypse+1","floor":39},{"not_picked":["ats:Leaping Hammer+1","ats:Assault Order+1","ats:Apocalypse+1"],"picked":"SKIP","floor":41},{"not_picked":["ats:Revitalization+1","ats:Composite Medical Shells","ats:Demon Strength"],"picked":"SKIP","floor":42},{"not_picked":["ats:Shell Defense+1","ats:Song Of Battle"],"picked":"ats:Healing Strengthening+1","floor":48},{"not_picked":["ats:Flexible Camouflage+1","ats:Shell Defense+1","ats:Poison Spread+1"],"picked":"SKIP","floor":51},{"not_picked":["ats:Explosion Area Strengthen","ats:Hammer On","ats:Consecutive Shot Auto"],"picked":"SKIP","floor":52},{"not_picked":["ats:Cat Scratch","ats:Explosion Area Strengthen+1","ats:Poison Spread"],"picked":"SKIP","floor":56}],"player_experience":309473,"relics_obtained":[{"floor":9,"key":"Toxic Egg 2"},{"floor":13,"key":"ats:Originium"},{"floor":13,"key":"Thread and Needle"},{"floor":20,"key":"Bronze Scales"},{"floor":23,"key":"ats:Originium"},{"floor":23,"key":"Dota2Spire:BattleFury"},{"floor":26,"key":"infinitespire:FocusingShard"},{"floor":42,"key":"ats:Originium"},{"floor":42,"key":"Dota2Spire:EtherealBlade"},{"floor":43,"key":"Nunchaku"},{"floor":56,"key":"paleoftheancients:SoulOfTheHexaghost"},{"floor":58,"key":"Dota2Spire:OrchidMalevolence"}],"event_choices":[{"damage_healed":0,"gold_gain":100,"player_choice":"Pray","damage_taken":0,"max_hp_gain":0,"max_hp_loss":0,"event_name":"Golden Shrine","floor":53,"gold_loss":0}],"is_beta":false,"boss_relics":[{"not_picked":["Painkiller Herb","Ectoplasm"],"picked":"Sozu"},{"not_picked":["ats:Omniscience","Hololive_ChaosS"],"picked":"aspiration:PoetsPen_weak"}],"items_purged_floors":[19,47],"is_endless":false,"potions_floor_spawned":[2,11,13,14,16,23,39,41],"ascension_level":2}}