{"host":"ss2ocoam53r2lno0","time":1609512422,"event":{"mods":["Act Like it!","BaseMod","ChefMod","Colored Powertips","Displayed Cursed Tome","Downfall","Googly Eyes","Hallownest","Highlight Path","Minty Spire (QoL Compilation)","Rare Cards Sparkle","Robot Space Explorer","Shade Mod","Shop Mod","Spicy Shops","StSLib","The Marked"],"gold_per_floor":[17,17,17,17,32,32,59,59,85,116,135,152,179,179,179,308,308,329,9,32,32,32,73,73,96,96,96,96,137,137,137,137,257,257,277,277,302,635,635,670,670,705,760,803,803,819,34,46,46,46],"floor_reached":51,"playtime":4770,"items_purged":["theMarked:Strike","theMarked:Strike"],"score":891,"play_id":"2f15df62-e6fb-47d4-8f53-39015cab4197","local_time":"20210101154702","is_ascension_mode":true,"campfire_choices":[{"data":"theMarked:Electrify","floor":6.0,"key":"SMITH"},{"data":"theMarked:SoldierOfQuellstein","floor":8.0,"key":"SMITH"},{"floor":15.0,"key":"REST"},{"data":"theMarked:Convert","floor":24.0,"key":"SMITH"},{"floor":30.0,"key":"REST"},{"floor":32.0,"key":"REST"},{"data":"theMarked:HeightenedSenses","floor":41,"key":"SMITH"},{"floor":45,"key":"REST"},{"floor":49,"key":"REST"}],"circlet_count":0,"master_deck":["theMarked:Strike","theMarked:Defend","theMarked:Defend","theMarked:Defend","theMarked:SoldierOfQuellstein+1","theMarked:Electrify+1","theMarked:HeightenedSenses+1","theMarked:Convert+1","theMarked:ShockingTouch","theMarked:MagicAdept","theMarked:Electrify","theMarked:Electrify","theMarked:Aftermath+1","theMarked:ElectricStrings","theMarked:HeightenedSenses","theMarked:EnhancedHearing","theMarked:GodGivenPower","theMarked:GodGivenPower","theMarked:EnhanceMovement"],"relics":["theMarked:ArtifactOfAir","Bronze Scales","Sundial","Philosopher\u0027s Stone","Kunai","Ancient Tea Set","Boot","Nunchaku","Red Mask","Busted Crown","Akabeko","HornCleat","MerchantsRug","CaptainsWheel","OrangePellets","Pen Nib","TheAbacus"],"acts_visited":["Exordium","TheCity","TheBeyond"],"potions_floor_usage":[33],"damage_taken":[{"damage":5.0,"enemies":"2 Louse","floor":1.0,"turns":2.0},{"damage":2.0,"enemies":"Jaw Worm","floor":5.0,"turns":3.0},{"damage":17.0,"enemies":"3 Sentries","floor":7.0,"turns":7.0},{"damage":18.0,"enemies":"Gremlin Nob","floor":10.0,"turns":4.0},{"damage":0.0,"enemies":"Cultist","floor":11.0,"turns":3.0},{"damage":0.0,"enemies":"Large Slime","floor":12.0,"turns":5.0},{"damage":12.0,"enemies":"3 Sentries","floor":13.0,"turns":7.0},{"damage":1.0,"enemies":"The Guardian","floor":16.0,"turns":6.0},{"damage":37.0,"enemies":"Spheric Guardian","floor":18.0,"turns":3.0},{"damage":15.0,"enemies":"2 Thieves","floor":20.0,"turns":4.0},{"damage":12.0,"enemies":"Gremlin Leader","floor":23.0,"turns":4.0},{"damage":21.0,"enemies":"Chosen and Byrds","floor":25.0,"turns":3.0},{"damage":0.0,"enemies":"Slavers","floor":27.0,"turns":1.0},{"damage":4.0,"enemies":"Masked Bandits","floor":29.0,"turns":3.0},{"damage":46,"enemies":"Collector","floor":33,"turns":5},{"damage":22,"enemies":"3 Shapes","floor":35,"turns":7},{"damage":2,"enemies":"3 Darklings","floor":37,"turns":3},{"damage":10,"enemies":"Reptomancer","floor":40,"turns":4},{"damage":0,"enemies":"Giant Head","floor":42,"turns":5},{"damage":38,"enemies":"Nemesis","floor":44,"turns":5},{"damage":0,"enemies":"Maw","floor":46,"turns":4},{"damage":8,"enemies":"Sphere and 2 Shapes","floor":48,"turns":4},{"damage":46,"enemies":"Time Eater","floor":50,"turns":8}],"seed_played":"6141801350178349257","potions_obtained":[{"floor":5.0,"key":"Ancient Potion"},{"floor":10.0,"key":"BlessingOfTheForge"},{"floor":11.0,"key":"SmokeBomb"},{"floor":16.0,"key":"AttackPotion"},{"floor":18.0,"key":"Guardian:BlockOnCardUsePotion"},{"floor":25.0,"key":"Swift Potion"},{"floor":33,"key":"SteroidPotion"},{"floor":35,"key":"sneckomod:MuddlingPotion"},{"floor":42,"key":"SteroidPotion"},{"floor":44,"key":"Strength Potion"}],"is_trial":false,"path_per_floor":["M","?","?","$","M","R","E","R","T","E","M","M","E","?","R","B",null,"M","$","M","?","T","E","R","M","T","E","?","?","R","?","R","B",null,"M","?","M","?","?","E","R","E","T","E","R","M","$","M","R","B",null],"character_chosen":"THE_DEFAULT","items_purchased":["Kunai","theMarked:EnhancedHearing","theMarked:GodGivenPower","theMarked:GodGivenPower","theMarked:EnhanceMovement","MerchantsRug","CaptainsWheel","OrangePellets","Pen Nib","TheAbacus"],"campfire_rested":5,"item_purchase_floors":[19,47,47,47,47,47,47,47,47,47],"current_hp_per_floor":[65,65,65,65,63,63,53,53,53,35,35,35,23,23,44,43,71,34,34,19,42,42,30,30,9,9,9,9,5,26,26,47,3,73,53,53,53,53,53,45,45,47,47,9,33,35,35,27,51,5],"gold":46,"neow_bonus":"REMOVE_TWO","is_daily":false,"chose_seed":false,"campfire_upgraded":4,"win_rate":0.0,"timestamp":1609512422,"path_taken":["M","?","?","?","M","R","E","R","T","E","?","M","E","?","R","BOSS","M","$","M","?","?","E","R","M","T","E","?","?","R","?","R","BOSS","M","?","M","?","?","E","R","E","T","E","R","M","$","M","R","BOSS"],"items_purchased_type":["Relic","Card","Card","Card","Card","Relic","Relic","Relic","Relic","Relic"],"build_version":"2020-12-22","purchased_purges":2,"victory":true,"max_hp_per_floor":[70,70,70,70,70,70,77,77,77,77,77,77,77,71,71,71,71,71,71,71,71,71,71,71,71,71,71,71,71,71,71,71,73,73,75,75,77,77,77,79,79,81,81,81,81,83,83,83,83,83],"card_choices":[{"not_picked":["theMarked:ChainLightning","theMarked:DeterminationOfTheMarked","theMarked:Panic"],"picked":"SKIP","floor":1.0},{"not_picked":["theMarked:ResourceFulStrike","theMarked:BanishingStrike"],"picked":"theMarked:Electrify","floor":5.0},{"not_picked":["theMarked:Parkour","theMarked:LightningStrikesTwice"],"picked":"theMarked:HeightenedSenses","floor":7.0},{"not_picked":["theMarked:ChainLightning","theMarked:Parry"],"picked":"theMarked:Convert","floor":10.0},{"not_picked":["theMarked:WastefulDefense","theMarked:Frustration","theMarked:TwofoldDefense"],"picked":"SKIP","floor":11.0},{"not_picked":["theMarked:BanishingStrike","theMarked:Parkour"],"picked":"theMarked:ShockingTouch","floor":12.0},{"not_picked":["theMarked:StartUp","theMarked:Frustration"],"picked":"theMarked:MagicAdept","floor":13.0},{"not_picked":["theMarked:WardOff","theMarked:WastefulAttack"],"picked":"theMarked:Electrify","floor":18.0},{"not_picked":["theMarked:ChainLightning+1","theMarked:Seal"],"picked":"theMarked:MaelstromOfLightning","floor":20.0},{"not_picked":["theMarked:Standoff","theMarked:TakeCover+1"],"picked":"theMarked:Electrify","floor":23.0},{"not_picked":["theMarked:BanishingStrike","theMarked:Parkour","theMarked:SwordAndMagic"],"picked":"SKIP","floor":25.0},{"not_picked":["theMarked:RepellingDischarge","theMarked:ResourceFulStrike"],"picked":"theMarked:Aftermath+1","floor":29.0},{"not_picked":["theMarked:ThrowWeapon","theMarked:EternalStudent","theMarked:BindingBlade"],"picked":"Singing Bowl","floor":33},{"not_picked":["theMarked:Parkour"],"picked":"Singing Bowl","floor":35},{"not_picked":["theMarked:ResourceFulStrike+1"],"picked":"Singing Bowl","floor":37},{"not_picked":["theMarked:Parkour+1"],"picked":"Singing Bowl","floor":40},{"not_picked":["theMarked:MaelstromOfLightning+1"],"picked":"Singing Bowl","floor":42},{"not_picked":[],"picked":"theMarked:HeightenedSenses","floor":44},{"not_picked":["theMarked:EmpowerWeapon"],"picked":"Singing Bowl","floor":46},{"not_picked":["theMarked:ChainLightning+1"],"picked":"SKIP","floor":48}],"player_experience":609378,"relics_obtained":[{"floor":7.0,"key":"Strawberry"},{"floor":9.0,"key":"Bronze Scales"},{"floor":10.0,"key":"Sundial"},{"floor":13.0,"key":"Juzu Bracelet"},{"floor":22.0,"key":"Ancient Tea Set"},{"floor":23.0,"key":"Boot"},{"floor":26.0,"key":"Nunchaku"},{"floor":29.0,"key":"Red Mask"},{"floor":40,"key":"The Courier"},{"floor":42,"key":"Akabeko"},{"floor":43,"key":"CeramicFish"},{"floor":44,"key":"HornCleat"}],"event_choices":[{"cards_removed":["theMarked:Strike"],"damage_healed":0.0,"max_hp_gain":0.0,"max_hp_loss":0.0,"gold_gain":0.0,"event_name":"Living Wall","player_choice":"Forget","floor":2.0,"gold_loss":0.0,"damage_taken":0.0},{"damage_healed":0.0,"max_hp_gain":0.0,"max_hp_loss":0.0,"gold_gain":0.0,"event_name":"Shining Light","player_choice":"Ignored","floor":3.0,"gold_loss":0.0,"damage_taken":0.0},{"damage_healed":0.0,"max_hp_gain":0.0,"max_hp_loss":6.0,"gold_gain":0.0,"event_name":"Golden Idol","player_choice":"Lose Max HP","floor":14.0,"gold_loss":0.0,"damage_taken":0.0,"relics_obtained":["Golden Idol"]},{"damage_healed":23.0,"max_hp_gain":0.0,"max_hp_loss":0.0,"gold_gain":0.0,"event_name":"The Library","player_choice":"Heal","floor":21.0,"gold_loss":0.0,"damage_taken":0.0},{"damage_healed":0.0,"max_hp_gain":0.0,"max_hp_loss":0.0,"gold_gain":0.0,"event_name":"Wheel of Change","player_choice":"Cursed","floor":28.0,"gold_loss":0.0,"damage_taken":0.0,"cards_obtained":["Decay"]},{"damage_healed":0.0,"max_hp_gain":0.0,"max_hp_loss":0.0,"gold_gain":0.0,"event_name":"Masked Bandits","player_choice":"Fought Bandits","floor":29.0,"gold_loss":0.0,"damage_taken":0.0},{"damage_healed":0.0,"max_hp_gain":0.0,"max_hp_loss":0.0,"gold_gain":0.0,"event_name":"The Mausoleum","player_choice":"Opened","floor":31.0,"gold_loss":0.0,"damage_taken":0.0,"relics_obtained":["Singing Bowl"],"cards_obtained":["Writhe"]},{"cards_removed":["Writhe","Decay"],"damage_healed":0,"gold_gain":0,"player_choice":"Removed Curses","damage_taken":0,"max_hp_gain":0,"max_hp_loss":0,"event_name":"Fountain of Cleansing","floor":36,"gold_loss":0},{"damage_healed":0,"gold_gain":333,"player_choice":"Gave Idol","damage_taken":0,"max_hp_gain":0,"max_hp_loss":0,"event_name":"The Moai Head","floor":38,"relics_lost":["Golden Idol"],"gold_loss":0},{"damage_healed":0,"gold_gain":0,"cards_transformed":["theMarked:MaelstromOfLightning"],"player_choice":"Transformed","damage_taken":0,"max_hp_gain":0,"max_hp_loss":0,"event_name":"Transmorgrifier","floor":39,"gold_loss":0,"cards_obtained":["theMarked:ElectricStrings"]}],"is_beta":false,"boss_relics":[{"not_picked":["Coffee Dripper","Snecko Eye"],"picked":"Philosopher\u0027s Stone"},{"not_picked":["Pandora\u0027s Box","theMarked:BronzeBlade"],"picked":"Busted Crown"}],"items_purged_floors":[19,47],"is_endless":false,"potions_floor_spawned":[5,10,11,16,18,25,27,33,35,42,44],"ascension_level":2}}