{"host":"yludllxm6rzdxpbb","time":1609531460,"event":{"mods":["AchievementEnabler","BaseMod","Better Third Choice","BetterRewards","Colored Map","Colored Powertips","Hermit","Hubris","Infinite Spire","Minty Spire (QoL Compilation)","Quick Restart","Replay The Spire","StSLib","The Hierophant","The Necromancer"],"gold_per_floor":[114,132,151,162,176,176,0,0,26,52,11,43,55,81,81,178,178,193,193,193,209,209,209,209,239,289,320,320,336,195,214,314,424,424,445,460,355,0,0,31,31,71,96,159,159,194,203,214,214,214,214,214,30,65,65,65],"floor_reached":55,"playtime":2247,"items_purged":[],"score":1101,"play_id":"4831b0bf-9d16-4f5d-bb5a-694face7bb2a","local_time":"20210101230420","is_ascension_mode":true,"campfire_choices":[{"floor":6,"key":"RECALL"},{"floor":15,"key":"REST"},{"data":"Spot Weakness","floor":23,"key":"SMITH"},{"data":"Limit Break","floor":28,"key":"SMITH"},{"floor":45,"key":"REST"},{"floor":49,"key":"REST"},{"data":"Dramatic Entrance","floor":52,"key":"SMITH"}],"circlet_count":0,"master_deck":["Strike_R","Strike_R","Strike_R","Strike_R","Strike_R","Defend_R","Defend_R","Defend_R","Defend_R","Bash","Inflame","Dramatic Entrance+1","Rampage","Pommel Strike","Heavy Blade","Thunderclap","ReplayTheSpireMod:Stacked","Shrug It Off","Shrug It Off","Rage","Spot Weakness+1","Perfected Strike","Hemokinesis","Cleave","Perfected Strike","Offering","AbeCurse","Armaments+1","infinitespire:DeathsTouch+1","infinitespire:Gouge","Whirlwind","Limit Break+1","ReplayTheSpireMod:Stacked","Flame Barrier","Discovery","Life Link+1","Double Tap","Massacre+1","Combust","Pommel Strike+1","Flex","Heavy Blade+1","Decay","Shrug It Off"],"relics":["Burning Blood","Membership Card","Odd Mushroom","Oddly Smooth Stone","hubris:ToyBattleship","Abe\u0027s Treasure","Strange Spoon","Self Forming Clay","Nunchaku","Iron Hammer","CeramicFish","hubris:HollowSoul","ClockworkSouvenir","Red Mask","Blue Doll","Chameleon Ring","Frozen Egg 2","ReplayTheSpireMod:Spearhead","Pocketwatch","Bronze Scales","Vajra","Lantern","HornCleat"],"acts_visited":["Exordium","TheCity","TheBeyond","TheEnding"],"potions_floor_usage":[14,16,42,54,55],"damage_taken":[{"damage":6,"enemies":"Jaw Worm","floor":1,"turns":2},{"damage":0,"enemies":"2 Louse","floor":2,"turns":2},{"damage":1,"enemies":"Cultist","floor":3,"turns":3},{"damage":11,"enemies":"Large Slime","floor":4,"turns":4},{"damage":2,"enemies":"3 Louse","floor":5,"turns":3},{"damage":18,"enemies":"The Mushroom Lair","floor":10,"turns":3},{"damage":24,"enemies":"Gremlin Nob","floor":12,"turns":4},{"damage":7,"enemies":"Exordium Thugs","floor":13,"turns":4},{"damage":11,"enemies":"3 Sentries","floor":14,"turns":4},{"damage":30,"enemies":"Hexaghost","floor":16,"turns":8},{"damage":8,"enemies":"3 Byrds","floor":18,"turns":4},{"damage":4,"enemies":"2 Thieves","floor":21,"turns":2},{"damage":11,"enemies":"Book of Stabbing","floor":25,"turns":4},{"damage":9,"enemies":"Slavers","floor":27,"turns":3},{"damage":8,"enemies":"Snecko","floor":29,"turns":4},{"damage":2,"enemies":"Centurion and Healer","floor":31,"turns":4},{"damage":38,"enemies":"Champ","floor":33,"turns":8},{"damage":17,"enemies":"Orb Walker","floor":35,"turns":3},{"damage":26,"enemies":"3 Darklings","floor":36,"turns":6},{"damage":6,"enemies":"Reptomancer","floor":40,"turns":2},{"damage":24,"enemies":"Nemesis","floor":42,"turns":5},{"damage":12,"enemies":"2 Orb Walkers","floor":44,"turns":4},{"damage":11,"enemies":"Giant Head","floor":46,"turns":6},{"damage":11,"enemies":"Transient","floor":48,"turns":5},{"damage":43,"enemies":"Time Eater","floor":50,"turns":6},{"damage":37,"enemies":"Shield and Spear","floor":54,"turns":3},{"damage":0,"enemies":"The Heart","floor":55,"turns":1}],"seed_played":"163260443209923810","potions_obtained":[{"floor":5,"key":"AttackPotion"},{"floor":10,"key":"Adrenaline Potion"},{"floor":12,"key":"Fire Potion"},{"floor":14,"key":"Energy Potion"},{"floor":16,"key":"FairyPotion"},{"floor":36,"key":"Block Potion"},{"floor":46,"key":"Swift Potion"},{"floor":54,"key":"BloodPotion"}],"is_trial":false,"path_per_floor":["M","M","M","M","M","R","$","?","T","?","$","E","M","E","R","B",null,"M","AVR","?","M","?","R","?","E","T","E","R","M","$","M","R_BF","B",null,"M","M","$","?","?","E","AVR","E","T","?","R","E","?","M","R","B",null,"R","$","E","B"],"character_chosen":"IRONCLAD","items_purchased":["Inflame","Dramatic Entrance","Rampage","Pommel Strike","Explosive Potion","Membership Card","Shrug It Off","Spot Weakness","Perfected Strike","CeramicFish","Flame Barrier","Discovery","ClockworkSouvenir","Combust","Vajra","Lantern","Dexterity Potion","Shrug It Off"],"campfire_rested":3,"item_purchase_floors":[0,0,0,0,0,7,7,11,11,30,30,30,37,37,53,53,53,53],"current_hp_per_floor":[69,75,80,75,79,79,79,84,84,72,72,54,53,48,73,49,85,83,83,83,85,85,85,85,80,80,77,77,75,75,79,79,47,85,74,54,54,54,54,54,54,36,36,30,55,50,50,45,70,33,85,85,85,79,17,17],"gold":65,"neow_bonus":"","is_daily":false,"chose_seed":false,"campfire_upgraded":3,"win_rate":0.0,"timestamp":1609531460,"path_taken":["M","M","M","M","M","R","$","?","T","?","$","E","M","E","R","BOSS","M","AVR","?","?","?","R","?","E","T","E","R","M","$","M","R_BF","BOSS","M","M","$","?","?","E","AVR","E","T","?","R","E","?","?","R","BOSS","R","$","E","BOSS"],"items_purchased_type":["Card","Card","Card","Card","Potion","Relic","Card","Card","Card","Relic","Card","Card","Relic","Card","Relic","Relic","Potion","Card"],"build_version":"2020-12-22","purchased_purges":0,"victory":false,"max_hp_per_floor":[80,80,80,80,80,80,80,85,85,85,85,85,85,85,85,85,85,85,85,85,85,85,85,85,85,85,85,85,85,85,85,85,85,85,85,85,85,85,85,85,85,85,85,85,85,85,85,85,85,85,85,85,85,85,17,17],"card_choices":[{"not_picked":["Havoc","Clothesline"],"picked":"Heavy Blade","floor":1},{"not_picked":["Abandon","Heavy Blade"],"picked":"Thunderclap","floor":2},{"not_picked":["Wild Strike","Cleave"],"picked":"ReplayTheSpireMod:Stacked","floor":3},{"not_picked":["Anger","Wild Strike","Blood for Blood"],"picked":"SKIP","floor":4},{"not_picked":["Clash","Pommel Strike"],"picked":"Shrug It Off","floor":5},{"not_picked":["Flame Barrier","Demonic Infusion"],"picked":"Rage","floor":10},{"not_picked":["Iron Wave","Thunderclap"],"picked":"Hemokinesis","floor":12},{"not_picked":["Uppercut","ReplayTheSpireMod:Corrosion Curse"],"picked":"Cleave","floor":13},{"not_picked":["Iron Wave","Warcry"],"picked":"Perfected Strike","floor":14},{"not_picked":["Reaper","Demon Form"],"picked":"Offering","floor":16},{"not_picked":["Sword Boomerang","hubris:ReadiedAction"],"picked":"Armaments+1","floor":18},{"not_picked":["Run Through","Anger"],"picked":"Whirlwind","floor":21},{"not_picked":["Fire Breathing+1","Second Wind"],"picked":"Limit Break","floor":25},{"not_picked":["Whirlwind","Blood for Blood"],"picked":"ReplayTheSpireMod:Stacked","floor":27},{"not_picked":["ReplayReversal","Perfected Strike","Clash"],"picked":"SKIP","floor":29},{"not_picked":["Evolve","Sever Soul"],"picked":"Life Link+1","floor":31},{"not_picked":["Hemogenesis","Corruption"],"picked":"Double Tap","floor":33},{"not_picked":["ReplayTheSpireMod:Strike From Hell+1","Blood for Blood"],"picked":"Massacre+1","floor":35},{"not_picked":["Evolve+1","Defy Death+1","ReplayTheSpireMod:Strike From Hell"],"picked":"SKIP","floor":36},{"not_picked":["Replay:Many Hands","Run Through","Twin Strike+1"],"picked":"SKIP","floor":40},{"not_picked":["Reckless Charge+1","Bloodletting+1"],"picked":"Pommel Strike+1","floor":42},{"not_picked":["Burning Pact","Life Link+1"],"picked":"Flex","floor":44},{"not_picked":["Replay:Many Hands","Iron Wave+1"],"picked":"Heavy Blade+1","floor":46},{"not_picked":["Replay:Undeath\u0027s Touch+1","Hemokinesis+1","Blood for Blood"],"picked":"SKIP","floor":48},{"not_picked":["Fiend Fire","Rampage+1","Cleave+1"],"picked":"SKIP","floor":54}],"player_experience":324843,"relics_obtained":[{"floor":10,"key":"Odd Mushroom"},{"floor":12,"key":"Oddly Smooth Stone"},{"floor":14,"key":"hubris:ToyBattleship"},{"floor":25,"key":"Self Forming Clay"},{"floor":26,"key":"Nunchaku"},{"floor":27,"key":"Iron Hammer"},{"floor":40,"key":"Blue Doll"},{"floor":42,"key":"Frozen Egg 2"},{"floor":43,"key":"ReplayTheSpireMod:Spearhead"},{"floor":44,"key":"Pocketwatch"},{"floor":46,"key":"Bronze Scales"},{"floor":54,"key":"HornCleat"}],"event_choices":[{"damage_healed":0,"gold_gain":0,"player_choice":"Donut","damage_taken":0,"max_hp_gain":5,"max_hp_loss":0,"event_name":"Big Fish","floor":8,"gold_loss":0},{"damage_healed":0,"gold_gain":0,"player_choice":"Fought Mushrooms","damage_taken":0,"max_hp_gain":0,"max_hp_loss":0,"event_name":"Mushrooms","floor":10,"gold_loss":0},{"damage_healed":0,"gold_gain":0,"player_choice":"Upgraded","damage_taken":0,"max_hp_gain":0,"max_hp_loss":0,"event_name":"Upgrade Shrine","floor":20,"gold_loss":0,"cards_upgraded":["infinitespire:DeathsTouch"]},{"damage_healed":0,"gold_gain":0,"player_choice":"Ignored","damage_taken":0,"max_hp_gain":0,"max_hp_loss":0,"event_name":"Vampires","floor":22,"gold_loss":0},{"damage_healed":0,"gold_gain":0,"player_choice":"Ignored","damage_taken":0,"max_hp_gain":0,"max_hp_loss":0,"event_name":"Ghosts","floor":24,"gold_loss":0},{"damage_healed":0,"gold_gain":0,"player_choice":"Paid","damage_taken":0,"relics_obtained":["Red Mask"],"max_hp_gain":0,"max_hp_loss":0,"event_name":"Tomb of Lord Red Mask","floor":38,"gold_loss":355},{"damage_healed":0,"gold_gain":0,"player_choice":"Fight","damage_taken":0,"max_hp_gain":0,"max_hp_loss":0,"event_name":"Mysterious Sphere","floor":44,"gold_loss":0},{"damage_healed":0,"gold_gain":0,"player_choice":"Cursed","damage_taken":0,"max_hp_gain":0,"max_hp_loss":0,"event_name":"Wheel of Change","floor":47,"gold_loss":0,"cards_obtained":["Decay"]}],"is_beta":false,"boss_relics":[{"not_picked":["Astrolabe","Coffee Dripper"],"picked":"Abe\u0027s Treasure"},{"not_picked":["Runic Dome","ReplayTheSpireMod:DimensionalGlitch"],"picked":"hubris:HollowSoul"}],"items_purged_floors":[],"is_endless":false,"potions_floor_spawned":[5,10,12,14,16,21,31,36,40,46,54],"killed_by":"The Heart","ascension_level":1}}