{"host":"vjxpm20xjjgw99r7","time":1609499448,"event":{"mods":["AchievementEnabler","BaseMod","Colored Map","Minty Spire (QoL Compilation)","Quick Restart","SuperFastMode"],"gold_per_floor":[110,123,123,138,163,179,129,129,200,241,257,69,84,84,84],"floor_reached":14,"playtime":909,"items_purged":[],"score":94,"play_id":"292f9a6c-db47-41f5-9840-aa60f881dae1","local_time":"20210101201048","is_ascension_mode":false,"campfire_choices":[{"floor":8,"key":"REST"}],"circlet_count":0,"master_deck":["Strike_R","Strike_R","Strike_R","Strike_R","Strike_R","Defend_R","Defend_R","Defend_R","Defend_R","Bash","Sword Boomerang","Thunderclap","Inflame","Bludgeon","Spot Weakness","Armaments","Headbutt","Perfected Strike","Swift Strike","True Grit","Perfected Strike"],"relics":["Burning Blood","Potion Belt","Golden Idol","Darkstone Periapt","Peace Pipe"],"acts_visited":["Exordium"],"potions_floor_usage":[],"damage_taken":[{"damage":12,"enemies":"Cultist","floor":1,"turns":5},{"damage":2,"enemies":"Small Slimes","floor":2,"turns":3},{"damage":10,"enemies":"Jaw Worm","floor":4,"turns":4},{"damage":34,"enemies":"Exordium Wildlife","floor":5,"turns":5},{"damage":10,"enemies":"Looter","floor":6,"turns":2},{"damage":31,"enemies":"Lagavulin","floor":10,"turns":5},{"damage":18,"enemies":"3 Louse","floor":11,"turns":4},{"damage":17,"enemies":"Exordium Thugs","floor":13,"turns":4},{"damage":42,"enemies":"Gremlin Nob","floor":14,"turns":4}],"seed_played":"8303167324943395415","potions_obtained":[{"floor":2,"key":"Block Potion"},{"floor":5,"key":"Strength Potion"},{"floor":11,"key":"ColorlessPotion"},{"floor":13,"key":"Explosive Potion"}],"is_trial":false,"path_per_floor":["M","M","?","M","M","M","?","R","T","E","M","$","M","E"],"character_chosen":"IRONCLAD","items_purchased":["Perfected Strike","Swift Strike","True Grit"],"campfire_rested":1,"item_purchase_floors":[12,12,12],"current_hp_per_floor":[74,78,78,74,46,42,42,66,66,41,29,29,18,0,0],"gold":84,"neow_bonus":"RANDOM_COMMON_RELIC","is_daily":false,"chose_seed":false,"campfire_upgraded":0,"win_rate":0.0,"timestamp":1609499448,"path_taken":["M","?","?","M","M","M","?","R","T","E","M","$","M","E"],"items_purchased_type":["Card","Card","Card"],"build_version":"2020-12-22","purchased_purges":0,"victory":false,"max_hp_per_floor":[80,80,80,80,80,80,80,80,80,80,80,80,80,80,80],"card_choices":[{"not_picked":["Warcry","Thunderclap"],"picked":"Sword Boomerang","floor":1},{"not_picked":["Searing Blow","Blood for Blood"],"picked":"Thunderclap","floor":2},{"not_picked":["Sever Soul","Thunderclap"],"picked":"Inflame","floor":4},{"not_picked":["Armaments","Headbutt"],"picked":"Bludgeon","floor":5},{"not_picked":["True Grit","Pommel Strike"],"picked":"Spot Weakness","floor":6},{"not_picked":["Hemokinesis","Cleave"],"picked":"Armaments","floor":10},{"not_picked":["Fire Breathing","Spot Weakness"],"picked":"Headbutt","floor":11},{"not_picked":["Flex","Thunderclap"],"picked":"Perfected Strike","floor":13}],"player_experience":14553,"relics_obtained":[{"floor":9,"key":"Darkstone Periapt"},{"floor":10,"key":"Peace Pipe"}],"event_choices":[{"damage_healed":0,"gold_gain":0,"player_choice":"Take Wound","damage_taken":0,"relics_obtained":["Golden Idol"],"max_hp_gain":0,"max_hp_loss":0,"event_name":"Golden Idol","floor":3,"gold_loss":0,"cards_obtained":["Injury"]},{"cards_removed":["Injury"],"damage_healed":0,"gold_gain":0,"player_choice":"Card Removal","damage_taken":0,"max_hp_gain":0,"max_hp_loss":0,"event_name":"The Cleric","floor":7,"gold_loss":50}],"is_beta":false,"boss_relics":[],"items_purged_floors":[],"is_endless":false,"potions_floor_spawned":[2,5,11,13],"killed_by":"Gremlin Nob","ascension_level":0}}