{"host":"axuns55dzq466eei","time":1609476088,"event":{"mods":["BaseMod","Colored Map","Keyboard Shortcuts","Minty Spire (QoL Compilation)","StSLib","SuperFastMode"],"gold_per_floor":[115,133,133,151,165,184,184,184],"floor_reached":7,"playtime":165,"items_purged":[],"score":90,"play_id":"f2c53534-af88-4404-8e89-549a70d1732a","local_time":"20210101134128","is_ascension_mode":true,"campfire_choices":[],"circlet_count":0,"master_deck":["AscendersBane","Strike_G","Strike_G","Strike_G","Strike_G","Strike_G","Defend_G","Defend_G","Defend_G","Defend_G","Survivor","Neutralize","Noxious Fumes","Dagger Spray","Reflex","Calculated Gamble","Cloak And Dagger","Escape Plan"],"relics":["Ring of the Snake"],"acts_visited":["Exordium"],"potions_floor_usage":[7],"damage_taken":[{"damage":8,"enemies":"2 Louse","floor":1,"turns":3},{"damage":4,"enemies":"Cultist","floor":2,"turns":4},{"damage":8,"enemies":"Small Slimes","floor":4,"turns":5},{"damage":16,"enemies":"3 Louse","floor":5,"turns":3},{"damage":6,"enemies":"Exordium Thugs","floor":6,"turns":4},{"damage":32,"enemies":"Gremlin Nob","floor":7,"turns":3}],"seed_played":"-3270361789028203255","potions_obtained":[{"floor":4,"key":"Ancient Potion"},{"floor":5,"key":"AttackPotion"}],"is_trial":false,"path_per_floor":["M","M","?","M","M","M","E"],"character_chosen":"THE_SILENT","items_purchased":[],"campfire_rested":0,"item_purchase_floors":[],"current_hp_per_floor":[51,47,47,39,23,17,0,0],"gold":184,"neow_bonus":"TRANSFORM_CARD","is_daily":false,"chose_seed":false,"campfire_upgraded":0,"win_rate":0.0,"timestamp":1609476088,"path_taken":["M","M","?","M","?","?","E"],"items_purchased_type":[],"build_version":"2020-12-22","purchased_purges":0,"victory":false,"max_hp_per_floor":[66,66,66,66,66,66,66,66],"card_choices":[{"not_picked":["Dagger Throw","Well Laid Plans"],"picked":"Dagger Spray","floor":1},{"not_picked":["Choke","Predator"],"picked":"Reflex","floor":2},{"not_picked":["Slice","Backflip"],"picked":"Calculated Gamble","floor":4},{"not_picked":["Deflect","Endless Agony"],"picked":"Cloak And Dagger","floor":5},{"not_picked":["Slice","Dodge and Roll"],"picked":"Escape Plan","floor":6}],"player_experience":1044130,"relics_obtained":[],"event_choices":[{"damage_healed":0,"gold_gain":0,"player_choice":"0 cards matched","damage_taken":0,"max_hp_gain":0,"max_hp_loss":0,"event_name":"Match and Keep!","floor":3,"gold_loss":0,"cards_obtained":[]}],"is_beta":false,"boss_relics":[],"items_purged_floors":[],"is_endless":false,"potions_floor_spawned":[4,5],"killed_by":"Gremlin Nob","ascension_level":20}}