{"host":"lg1piimdyocafd6j","time":1609527568,"event":{"mods":["AchievementEnabler","BaseMod","Better Third Choice","BetterRewards","Colored Map","Colored Powertips","Downfall","Minty Spire (QoL Compilation)","Quick Restart","Rare Cards Sparkle","Remove Card Discount Mod","Shop Mod","StSLib","SuperFastMode"],"gold_per_floor":[118,118,118,137,137,137,152,152,175,186,204,204,223,253,253,354,354,354],"floor_reached":17,"playtime":723,"items_purged":["Dualcast","Defend_B","Strike_B","Zap"],"score":157,"play_id":"de93d869-38ac-4376-a8d1-b8d23928bc5e","local_time":"20210101195928","is_ascension_mode":false,"campfire_choices":[{"data":"Conserve Battery","floor":6,"key":"SMITH"},{"floor":8,"key":"RECALL"},{"data":"White Noise","floor":12,"key":"SMITH"},{"data":"Self Repair","floor":15,"key":"SMITH"}],"circlet_count":0,"master_deck":["Strike_B","Defend_B","Glacier+1","Self Repair+1","Conserve Battery+1","White Noise+1","Cold Snap+1","Seek","Reinforced Body+1","Doom and Gloom+1","Double Energy+1"],"relics":["Cracked Core","Lantern","Bottled Lightning","Molten Egg 2","Astrolabe"],"acts_visited":["Exordium","TheCity"],"potions_floor_usage":[16,16,16],"damage_taken":[{"damage":0,"enemies":"Cultist","floor":1,"turns":5},{"damage":0,"enemies":"Small Slimes","floor":4,"turns":4},{"damage":0,"enemies":"2 Louse","floor":7,"turns":3},{"damage":0,"enemies":"Blue Slaver","floor":10,"turns":5},{"damage":0,"enemies":"Red Slaver","floor":11,"turns":4},{"damage":0,"enemies":"Looter","floor":13,"turns":4},{"damage":8,"enemies":"Gremlin Nob","floor":14,"turns":5},{"damage":36,"enemies":"Hexaghost","floor":16,"turns":10}],"seed_played":"4233404308691151876","potions_obtained":[{"floor":7,"key":"sneckomod:MuddlingPotion"},{"floor":11,"key":"Regen Potion"},{"floor":13,"key":"AttackPotion"},{"floor":16,"key":"Fire Potion"}],"is_trial":false,"path_per_floor":["M","?","$","M","?","R","M","R","T","M","M","R","M","E","R","B",null],"character_chosen":"DEFECT","items_purchased":["Glacier","Self Repair","Lantern","Bottled Lightning","DistilledChaos"],"campfire_rested":0,"item_purchase_floors":[0,0,0,0,0],"current_hp_per_floor":[75,75,75,75,75,75,75,75,75,75,75,75,75,74,74,59,75,75],"gold":354,"neow_bonus":"","is_daily":false,"chose_seed":false,"campfire_upgraded":3,"win_rate":0.0,"timestamp":1609527568,"path_taken":["M","?","$","M","?","R","?","R","T","M","M","R","M","E","R","BOSS"],"items_purchased_type":["Card","Card","Relic","Relic","Potion"],"build_version":"2020-12-22","purchased_purges":4,"victory":false,"max_hp_per_floor":[75,75,75,75,75,75,75,75,75,75,75,75,75,75,75,75,75,75],"card_choices":[{"not_picked":["Reinforced Body","Leap","Barrage"],"picked":"SKIP","floor":1},{"not_picked":["Compile Driver","Barrage"],"picked":"Conserve Battery","floor":4},{"not_picked":["Heatsinks","Turbo","Fusion"],"picked":"SKIP","floor":7},{"not_picked":["Capacitor","Tempest","Hologram"],"picked":"SKIP","floor":10},{"not_picked":["Heatsinks","Hologram"],"picked":"White Noise","floor":11},{"not_picked":["Steam","Stack","Barrage"],"picked":"SKIP","floor":13},{"not_picked":["Hologram","Beam Cell+1"],"picked":"Cold Snap+1","floor":14},{"not_picked":["Hyperbeam+1","Electrodynamics"],"picked":"Seek","floor":16}],"player_experience":93715,"relics_obtained":[{"floor":14,"key":"Molten Egg 2"}],"event_choices":[{"damage_healed":0,"gold_gain":0,"player_choice":"Grow","damage_taken":0,"max_hp_gain":0,"max_hp_loss":0,"event_name":"Living Wall","floor":2,"gold_loss":0,"cards_upgraded":["Glacier"]},{"cards_removed":["Defend_B"],"damage_healed":0,"gold_gain":0,"player_choice":"Purged","damage_taken":0,"max_hp_gain":0,"max_hp_loss":0,"event_name":"Purifier","floor":5,"gold_loss":0}],"is_beta":false,"boss_relics":[{"not_picked":["Runic Pyramid","Cursed Key"],"picked":"Astrolabe"}],"items_purged_floors":[0,0,0,0],"is_endless":false,"potions_floor_spawned":[7,11,13,14,16],"ascension_level":0}}