{"host":"nomlpa5ttaaqphus","time":1609460834,"event":{"mods":["100% Spire Juice","BaseMod","Colored Powertips","Minty Spire (QoL Compilation)","StSLib"],"gold_per_floor":[113,127,138,157,168,168,168,168,242,317,342,342,342,365,365,485,485,19,37,37,52,73,109,129,129,175,175,175,175,215,230,230,358,238,254,277,302,320,320,320,361,361,387,411,411,431,450,132,132,132,132],"floor_reached":50,"playtime":5875,"items_purged":["Moonworks:Strike"],"score":608,"play_id":"cea6f0d1-88f1-48ea-a0a0-ecf0c9ed8796","local_time":"20201231202714","is_ascension_mode":false,"campfire_choices":[{"data":"Moonworks:Ambush","floor":7.0,"key":"SMITH"},{"floor":13.0,"key":"REST"},{"floor":15.0,"key":"REST"},{"data":"Moonworks:Wanted","floor":25.0,"key":"SMITH"},{"data":"Moonworks:PlushieMaster","floor":29.0,"key":"SMITH"},{"data":"Moonworks:MeltingMemories","floor":32,"key":"SMITH"},{"floor":40,"key":"REST"},{"data":"Moonworks:LeapThroughSpace","floor":42,"key":"SMITH"},{"data":"Moonworks:MeltingMemories","floor":45,"key":"SMITH"},{"data":"Moonworks:MiracleWalker","floor":49,"key":"SMITH"}],"circlet_count":0,"master_deck":["Moonworks:Strike","Moonworks:Strike","Moonworks:Strike","Moonworks:Defend","Moonworks:Defend","Moonworks:Defend","Moonworks:Defend","Moonworks:Ambush+1","Moonworks:LongDistanceShot","Moonworks:JonathanRush","Moonworks:IndiscriminateFireSupport","Moonworks:RedAndBlue","Moonworks:Poppoformation","Moonworks:CookingTime","Moonworks:AnotherUltimateWeapon","Moonworks:Wanted+1","Moonworks:DeployBits+1","Moonworks:NicePresent","Moonworks:PlushieMaster+1","Moonworks:TacticalRetreat","Moonworks:EvilSpyWorkPreparation","Moonworks:NicePresent","Moonworks:MeltingMemories+1","Moonworks:MeltingMemories+1","Moonworks:DevilHand","Moonworks:RedAndBlue+1","Moonworks:LeapThroughSpace+1","Moonworks:BackdoorTrade+1","Moonworks:WindyEnchantment+1","Moonworks:MiracleWalker+1","Panacea"],"relics":["Moonworks:SBBomb","Moonworks:Homemark","Golden Idol","Shuriken","Nloth\u0027s Gift","Tiny Chest","Blood Vial","Mummified Hand","Black Star","Bag of Preparation","Du-Vu Doll","Regal Pillow","Smiling Mask","Sling"],"acts_visited":["Exordium","TheCity","TheBeyond"],"potions_floor_usage":[50,50],"damage_taken":[{"damage":1.0,"enemies":"Cultist","floor":1.0,"turns":3.0},{"damage":6.0,"enemies":"2 Louse","floor":2.0,"turns":3.0},{"damage":0.0,"enemies":"Small Slimes","floor":3.0,"turns":3.0},{"damage":6.0,"enemies":"Blue Slaver","floor":4.0,"turns":4.0},{"damage":0.0,"enemies":"Lots of Slimes","floor":5.0,"turns":1.0},{"damage":0.0,"enemies":"2 Fungi Beasts","floor":11.0,"turns":2.0},{"damage":12.0,"enemies":"Blue Slaver","floor":14.0,"turns":2.0},{"damage":37.0,"enemies":"The Guardian","floor":16.0,"turns":10.0},{"damage":8.0,"enemies":"Chosen","floor":18.0,"turns":4.0},{"damage":10.0,"enemies":"2 Thieves","floor":19.0,"turns":4.0},{"damage":2.0,"enemies":"Centurion and Healer","floor":21.0,"turns":5.0},{"damage":0.0,"enemies":"Snake Plant","floor":22.0,"turns":3.0},{"damage":0.0,"enemies":"Slavers","floor":23.0,"turns":4.0},{"damage":1.0,"enemies":"Cultist and Chosen","floor":24.0,"turns":6.0},{"damage":0.0,"enemies":"Book of Stabbing","floor":30.0,"turns":5.0},{"damage":0,"enemies":"3 Cultists","floor":31,"turns":4},{"damage":41,"enemies":"Collector","floor":33,"turns":10},{"damage":0,"enemies":"3 Shapes","floor":35,"turns":4},{"damage":0,"enemies":"3 Darklings","floor":36,"turns":1},{"damage":8,"enemies":"Maw","floor":37,"turns":5},{"damage":11,"enemies":"Transient","floor":38,"turns":5},{"damage":0,"enemies":"Reptomancer","floor":41,"turns":4},{"damage":0,"enemies":"Sphere and 2 Shapes","floor":46,"turns":3},{"damage":10,"enemies":"Spire Growth","floor":47,"turns":4},{"damage":68,"enemies":"Awakened One","floor":50,"turns":14}],"seed_played":"-2090178705071652985","potions_obtained":[{"floor":3.0,"key":"SpeedPotion"},{"floor":4.0,"key":"GamblersBrew"},{"floor":11.0,"key":"Energy Potion"},{"floor":14.0,"key":"Swift Potion"},{"floor":21.0,"key":"DistilledChaos"}],"is_trial":false,"path_per_floor":["M","M","M","M","M","?","R","?","T","?","M","?","R","M","R","B",null,"M","M","?","M","M","E","M","R","T","?","$","R","E","M","R","B",null,"M","M","M","M","?","R","E","R","T","T","R","M","M","$","R","B"],"character_chosen":"THE_STARBREAKER","items_purchased":["Moonworks:MiracleWalker","Sling","Panacea"],"campfire_rested":3,"item_purchase_floors":[48,48,48],"current_hp_per_floor":[65,59,59,53,53,37,37,37,37,26,26,26,45,36,55,21,66,58,54,54,58,58,64,63,63,63,63,63,63,65,66,66,31,66,66,66,58,49,49,66,66,66,66,66,66,66,64,64,64,0,0],"gold":132,"neow_bonus":"TEN_PERCENT_HP_BONUS","is_daily":false,"chose_seed":false,"campfire_upgraded":7,"win_rate":0.0,"timestamp":1609460834,"path_taken":["M","M","M","M","M","?","R","?","T","?","M","?","R","M","R","BOSS","M","M","?","M","M","E","?","R","T","?","$","R","E","M","R","BOSS","M","M","M","M","?","R","E","R","T","?","R","M","M","$","R","BOSS"],"items_purchased_type":["Card","Relic","Card"],"build_version":"2020-12-22","purchased_purges":1,"victory":false,"max_hp_per_floor":[66,66,66,66,66,66,66,66,66,66,66,66,66,66,66,66,66,66,66,66,66,66,66,66,66,66,66,66,66,66,66,66,66,66,66,66,66,66,66,66,66,66,66,66,66,66,66,66,66,66,66],"card_choices":[{"not_picked":["Moonworks:ImOnFire","Moonworks:WindyEnchantment"],"picked":"Moonworks:JonathanRush","floor":1.0},{"not_picked":["Moonworks:LulusLuckyEgg","Moonworks:Bloodlust","Moonworks:CloudOfSeagulls"],"picked":"SKIP","floor":2.0},{"not_picked":["Moonworks:BackdoorTrade","Moonworks:CloudOfSeagulls"],"picked":"Moonworks:IndiscriminateFireSupport","floor":3.0},{"not_picked":["Moonworks:FinalSurgery","Moonworks:WindyEnchantment"],"picked":"Moonworks:RedAndBlue","floor":4.0},{"not_picked":["Moonworks:UnluckyCharm","Moonworks:BindingChains"],"picked":"Moonworks:Poppoformation","floor":5.0},{"not_picked":["Moonworks:DeployBits","Moonworks:EvilSpyWorkPreparation"],"picked":"Moonworks:CookingTime","floor":11.0},{"not_picked":["Moonworks:SakisCookie","Moonworks:DeployBits"],"picked":"Moonworks:AnotherUltimateWeapon","floor":14.0},{"not_picked":["Moonworks:MeltingMemories","Moonworks:AccelHyper"],"picked":"Moonworks:Wanted","floor":16.0},{"not_picked":["Moonworks:FinalSurgery","Moonworks:BigMagnum"],"picked":"Moonworks:DeployBits+1","floor":18.0},{"not_picked":["Moonworks:AwakeningOfTalent","Moonworks:BigMagnum"],"picked":"Moonworks:NicePresent","floor":19.0},{"not_picked":["Moonworks:ScrambledEve+1","Moonworks:ImOnFire+1"],"picked":"Moonworks:PlushieMaster","floor":21.0},{"not_picked":["Moonworks:ImmovableObject","Moonworks:JonathanRush+1","Moonworks:BigMagnum"],"picked":"SKIP","floor":22.0},{"not_picked":["Moonworks:BigMagnum","Moonworks:RocketCannon"],"picked":"Moonworks:TacticalRetreat","floor":23.0},{"not_picked":["Moonworks:LulusLuckyEgg","Moonworks:CloudOfSeagulls+1"],"picked":"Moonworks:EvilSpyWorkPreparation","floor":24.0},{"not_picked":["Moonworks:ScrambledEve","Moonworks:LulusLuckyEgg"],"picked":"Moonworks:NicePresent","floor":30.0},{"not_picked":["Moonworks:WindyEnchantment","Moonworks:x16BigRocket+1"],"picked":"Moonworks:MeltingMemories","floor":31},{"not_picked":["Moonworks:HolyNight","Moonworks:ReflectiveShell"],"picked":"Moonworks:MeltingMemories","floor":33},{"not_picked":["Moonworks:DeployBits","Moonworks:LulusLuckyEgg+1"],"picked":"Moonworks:DevilHand","floor":35},{"not_picked":["Moonworks:ImOnFire+1","Moonworks:TacticalRetreat"],"picked":"Moonworks:RedAndBlue+1","floor":36},{"not_picked":["Moonworks:CloudOfSeagulls+1","Moonworks:BigBangBell+1"],"picked":"Moonworks:LeapThroughSpace","floor":37},{"not_picked":["Moonworks:IndiscriminateFireSupport+1","Moonworks:SakisCookie","Moonworks:EvilSpyWorkPreparation+1"],"picked":"SKIP","floor":38},{"not_picked":["Moonworks:EvilSpyWorkPreparation+1","Moonworks:IntelligenceOfficer","Moonworks:Accelerator"],"picked":"SKIP","floor":41},{"not_picked":["Moonworks:SakisCookie+1","Moonworks:BigMagnum+1"],"picked":"Moonworks:BackdoorTrade+1","floor":46},{"not_picked":["Moonworks:EvilSpyWorkPreparation+1","Moonworks:LulusLuckyEgg"],"picked":"Moonworks:WindyEnchantment+1","floor":47}],"player_experience":46689,"relics_obtained":[{"floor":9.0,"key":"Shuriken"},{"floor":23.0,"key":"Tiny Chest"},{"floor":26.0,"key":"Blood Vial"},{"floor":30.0,"key":"Mummified Hand"},{"floor":41,"key":"Bag of Preparation"},{"floor":41,"key":"Du-Vu Doll"},{"floor":43,"key":"Regal Pillow"},{"floor":44,"key":"Smiling Mask"}],"event_choices":[{"damage_healed":0.0,"max_hp_gain":0.0,"max_hp_loss":0.0,"gold_gain":0.0,"event_name":"Golden Idol","player_choice":"Take Damage","floor":6.0,"gold_loss":0.0,"damage_taken":16.0,"relics_obtained":["Golden Idol"]},{"damage_healed":0.0,"max_hp_gain":0.0,"max_hp_loss":0.0,"gold_gain":0.0,"event_name":"Dead Adventurer","player_choice":"Searched \u00272\u0027 times","floor":8.0,"gold_loss":0.0,"damage_taken":0.0,"relics_obtained":["Ginger"]},{"damage_healed":0.0,"max_hp_gain":0.0,"max_hp_loss":0.0,"gold_gain":75.0,"event_name":"World of Goop","player_choice":"Gather Gold","floor":10.0,"gold_loss":0.0,"damage_taken":11.0},{"damage_healed":0.0,"max_hp_gain":0.0,"max_hp_loss":0.0,"gold_gain":0.0,"event_name":"Golden Wing","player_choice":"Ignored","floor":12.0,"gold_loss":0.0,"damage_taken":0.0},{"damage_healed":0.0,"max_hp_gain":0.0,"max_hp_loss":0.0,"gold_gain":0.0,"event_name":"N\u0027loth","player_choice":"Traded Relic","floor":20.0,"relics_lost":["Ginger"],"gold_loss":0.0,"damage_taken":0.0,"relics_obtained":["Nloth\u0027s Gift"]},{"damage_healed":0.0,"max_hp_gain":0.0,"max_hp_loss":0.0,"gold_gain":0.0,"event_name":"The Mausoleum","player_choice":"Ignored","floor":27.0,"gold_loss":0.0,"damage_taken":0.0},{"damage_healed":0,"gold_gain":0,"player_choice":"Ignored","damage_taken":0,"max_hp_gain":0,"max_hp_loss":0,"event_name":"SecretPortal","floor":39,"gold_loss":0}],"is_beta":false,"boss_relics":[{"not_picked":["Philosopher\u0027s Stone","Cursed Key"],"picked":"Moonworks:SBBomb"},{"not_picked":["Calling Bell","Empty Cage"],"picked":"Black Star"}],"items_purged_floors":[48],"is_endless":false,"potions_floor_spawned":[3,4,11,14,19,21,22,33,35,36,46,47],"killed_by":"Awakened One","ascension_level":0}}