{"host":"bf9sa99gaumonoeu","time":1609473175,"event":{"mods":["AchievementEnabler","Act Like it!","BaseMod","Colored Map","Colored Powertips","Downfall","Friendly Minions","Gensokyo","Hermit","Jorbs\u0027s Wanderer Trilogy","Marisa????????","Minty Spire (QoL Compilation)","Remilia??????","Replay The Spire","Shop Mod","StSLib","The Animator","The Bug Knight","The Cursed","The Disciple","The Hierophant","The Jungle","The Senshi","The Servant 0.9.4"],"gold_per_floor":[283,308,333,218,218,260,260,297,320,374,374,401,438,469,469,577,577,577,577,577,577,517,517,517,517,517,517,122,122,85,85,85,85,85,85,85,85,85,85,85,85,85,85,85,85,85,31,31,31,31],"floor_reached":51,"playtime":6190,"items_purged":["animator:Strike","animator:Kaijin"],"score":840,"play_id":"59c47a70-ada7-4203-aa1a-2e526dc1445f","local_time":"20210101015255","is_ascension_mode":true,"campfire_choices":[{"data":"animator:Shimakaze","floor":7.0,"key":"SMITH"},{"floor":11.0,"key":"REST"},{"data":"animator:Ainz","floor":23.0,"key":"SMITH"},{"floor":25.0,"key":"REST"},{"data":"animator:Vanir","floor":32.0,"key":"SMITH"},{"data":"animator:ChaikaTrabant","floor":40,"key":"SMITH"},{"floor":42,"key":"REST"},{"floor":44,"key":"RECALL"},{"floor":49,"key":"REST"}],"circlet_count":0,"master_deck":["animator:Strike_Kancolle+1","animator:Defend_Kancolle","animator:Strike+1","animator:Defend+1","animator:Defend","animator:Defend+1","animator:Shimakaze+1","animator:Entoma+10","animator:KyokoSakura","animator:Gillette","animator:Shuna","animator:Shuna","animator:Kaijin","animator:Vanir+1","animator:ElricEdward","animator:ChaikaTrabant+1","animator:Ainz+1","animator:Shuna+1","animator:Aqua+1","animator:PandorasActor","animator:Shizu","animator:YunYun","animator:Scar","animator:Albedo","animator:Demiurge","animator:YuiTsuruno+1","animator:MaesHughes+1","animator:SuzuneAmano+1","animator:Jibril+1"],"relics":["animator:LivingPicture","animator:TheMissingPiece","Omamori","animator:BattleDrones","ReplayTheSpireMod:TigerMarble","Blood Vial","Red Skull","Sundial","Ectoplasm","Red Mask","Blue Candle","Replay:Baseball","Happy Flower","Busted Crown","Ornamental Fan","Replay:Towering Pillar of Hats"],"acts_visited":["Exordium","TheCity","TheBeyond"],"potions_floor_usage":[48],"damage_taken":[{"damage":4.0,"enemies":"2 Louse","floor":1.0,"turns":3.0},{"damage":11.0,"enemies":"Jaw Worm","floor":2.0,"turns":7.0},{"damage":5.0,"enemies":"Small Slimes","floor":3.0,"turns":4.0},{"damage":9.0,"enemies":"3 Sentries","floor":6.0,"turns":9.0},{"damage":0.0,"enemies":"Lagavulin","floor":8.0,"turns":7.0},{"damage":9.0,"enemies":"3 Sentries","floor":10.0,"turns":8.0},{"damage":0.0,"enemies":"Looter","floor":12.0,"turns":3.0},{"damage":0.0,"enemies":"Lagavulin","floor":13.0,"turns":6.0},{"damage":0.0,"enemies":"Gremlin Gang","floor":14.0,"turns":3.0},{"damage":2.0,"enemies":"Slime Boss","floor":16.0,"turns":7.0},{"damage":0.0,"enemies":"Chosen","floor":18.0,"turns":3.0},{"damage":38.0,"enemies":"Masked Bandits","floor":19.0,"turns":5.0},{"damage":0.0,"enemies":"Spheric Guardian","floor":20.0,"turns":1.0},{"damage":7.0,"enemies":"Snecko","floor":24.0,"turns":3.0},{"damage":0.0,"enemies":"Centurion and Healer","floor":27.0,"turns":4.0},{"damage":0.0,"enemies":"3 Cultists","floor":31.0,"turns":4.0},{"damage":37.0,"enemies":"Champ","floor":33.0,"turns":9.0},{"damage":0.0,"enemies":"3 Shapes","floor":35.0,"turns":4.0},{"damage":7,"enemies":"3 Darklings","floor":36,"turns":3},{"damage":0,"enemies":"Sphere and 2 Shapes","floor":37,"turns":4},{"damage":9,"enemies":"4 Shapes","floor":38,"turns":6},{"damage":20,"enemies":"Jaw Worm Horde","floor":39,"turns":4},{"damage":27,"enemies":"Reptomancer","floor":41,"turns":5},{"damage":0,"enemies":"Maw","floor":45,"turns":6},{"damage":9,"enemies":"Spire Growth","floor":46,"turns":3},{"damage":19,"enemies":"2 Orb Walkers","floor":48,"turns":4},{"damage":4,"enemies":"Awakened One","floor":50,"turns":11}],"seed_played":"6926477060651520153","potions_obtained":[{"floor":1.0,"key":"Dexterity Potion"},{"floor":6.0,"key":"Weak Potion"},{"floor":12.0,"key":"Adrenaline Potion"},{"floor":13.0,"key":"Energy Potion"},{"floor":14.0,"key":"Reflective Coating"},{"floor":19.0,"key":"SteroidPotion"},{"floor":27.0,"key":"Energy Potion"},{"floor":33.0,"key":"FearPotion"},{"floor":39,"key":"DuplicationPotion"}],"is_trial":false,"path_per_floor":["M","M","M","$","?","E","R","E","T","E","R","M","E","M","R_BF","B",null,"M","?","M","?","?","R","M","R","T","M","$","?","$","M","R","B",null,"M","M","M","M","M","R","E","R","T","R","M","M","$","?","R","B",null],"character_chosen":"THE_ANIMATOR","items_purchased":["animator:Shuna","Replay:Baseball","Happy Flower","animator:YunYun","animator:SuzuneAmano+1"],"campfire_rested":4,"item_purchase_floors":[4,28,28,30,47],"current_hp_per_floor":[62,51,46,46,33,24,24,24,24,17,36,40,42,46,46,47,71,71,33,36,36,36,36,36,58,58,65,65,65,65,73,73,46,80,82,77,84,80,65,65,45,71,71,71,76,72,72,64,90,86],"gold":31,"neow_bonus":"RANDOM_COMMON_RELIC","is_daily":false,"chose_seed":false,"campfire_upgraded":4,"win_rate":0.0,"timestamp":1609473175,"path_taken":["M","M","M","$","?","E","R","E","T","E","R","M","E","M","R_BF","BOSS","M","?","M","?","?","R","M","R","T","M","$","?","$","M","R","BOSS","M","M","M","?","M","R","E","R","T","R","?","M","?","?","R","BOSS"],"items_purchased_type":["Card","Relic","Relic","Card","Card"],"build_version":"2020-12-22","purchased_purges":2,"victory":true,"max_hp_per_floor":[66,66,66,66,66,66,66,66,66,66,66,68,68,70,70,71,71,71,71,72,72,72,72,74,74,74,76,76,76,76,79,79,80,80,82,84,84,86,86,86,88,88,88,88,88,88,88,90,90,90],"card_choices":[{"not_picked":["animator:Gluttony","animator:Millim"],"picked":"animator:Entoma","floor":1.0},{"not_picked":["animator:PandorasActor","animator:YuiTsuruno"],"picked":"animator:KyokoSakura","floor":2.0},{"not_picked":["animator:GazelDwargon","animator:Souei"],"picked":"animator:Gillette","floor":3.0},{"not_picked":["animator:Souei","animator:Millim"],"picked":"animator:Kaijin","floor":6.0},{"not_picked":["animator:Evileye","animator:Kazuma"],"picked":"animator:Kaijin","floor":8.0},{"not_picked":["animator:Demiurge","animator:Aqua"],"picked":"animator:Vanir","floor":10.0},{"not_picked":["animator:Layla","animator:Aqua","animator:Benimaru"],"picked":"SKIP","floor":12.0},{"not_picked":["animator:Layla","animator:YachiyoNanami"],"picked":"animator:ElricEdward","floor":14.0},{"not_picked":["animator:Hans","animator:Father"],"picked":"animator:Ainz","floor":16.0},{"not_picked":["animator:ChaikaBohdan+1","animator:Guy"],"picked":"animator:Shuna+1","floor":18.0},{"not_picked":["animator:FielNirvalen","animator:Shuna"],"picked":"animator:Aqua+1","floor":20.0},{"not_picked":["animator:Shalltear","animator:Entoma"],"picked":"animator:PandorasActor","floor":24.0},{"not_picked":["animator:KyokoSakura","animator:Vanir"],"picked":"animator:Shizu","floor":27.0},{"not_picked":["animator:YuiTsuruno+1","animator:Shalltear"],"picked":"animator:Scar","floor":31.0},{"not_picked":["animator:Ainz","animator:Shizu"],"picked":"animator:Albedo","floor":33.0},{"not_picked":["animator:Vanir+1"],"picked":"SKIP","floor":35.0},{"not_picked":["animator:Sloth+1"],"picked":"SKIP","floor":37},{"not_picked":[],"picked":"animator:Demiurge","floor":38},{"not_picked":["animator:YachiyoNanami+1"],"picked":"SKIP","floor":39},{"not_picked":[],"picked":"animator:YuiTsuruno+1","floor":45},{"not_picked":[],"picked":"animator:MaesHughes+1","floor":46},{"not_picked":[],"picked":"animator:Jibril+1","floor":48}],"player_experience":650629,"relics_obtained":[{"floor":6.0,"key":"animator:BattleDrones"},{"floor":8.0,"key":"ReplayTheSpireMod:TigerMarble"},{"floor":9.0,"key":"Blood Vial"},{"floor":10.0,"key":"Red Skull"},{"floor":13.0,"key":"Sundial"},{"floor":19.0,"key":"Red Mask"},{"floor":26.0,"key":"Blue Candle"},{"floor":41,"key":"Ornamental Fan"},{"floor":48,"key":"Replay:Towering Pillar of Hats"}],"event_choices":[{"damage_healed":0.0,"max_hp_gain":0.0,"max_hp_loss":0.0,"gold_gain":0.0,"event_name":"Shining Light","player_choice":"Entered Light","floor":5.0,"gold_loss":0.0,"damage_taken":13.0,"cards_upgraded":["animator:Strike","animator:Defend"]},{"damage_healed":0.0,"max_hp_gain":0.0,"max_hp_loss":0.0,"gold_gain":0.0,"event_name":"Masked Bandits","player_choice":"Fought Bandits","floor":19.0,"gold_loss":0.0,"damage_taken":0.0},{"damage_healed":0.0,"max_hp_gain":0.0,"max_hp_loss":0.0,"gold_gain":0.0,"event_name":"Vampires","player_choice":"Ignored","floor":21.0,"gold_loss":0.0,"damage_taken":0.0},{"damage_healed":0.0,"max_hp_gain":0.0,"max_hp_loss":0.0,"gold_gain":0.0,"event_name":"The Woman in Blue","player_choice":"Bought 0 Potions","floor":29.0,"gold_loss":0.0,"damage_taken":0.0},{"damage_healed":0,"gold_gain":0,"player_choice":"Fight","damage_taken":0,"max_hp_gain":0,"max_hp_loss":0,"event_name":"Mysterious Sphere","floor":48,"gold_loss":0}],"is_beta":false,"boss_relics":[{"not_picked":["Runic Dome","Philosopher\u0027s Stone"],"picked":"Ectoplasm"},{"not_picked":["animator:RacePiece","Replay:Wanted Poster"],"picked":"Busted Crown"}],"items_purged_floors":[4,28],"is_endless":false,"potions_floor_spawned":[1,6,12,13,14,19,27,33,35,37,39],"ascension_level":3}}