{"host":"a0d98l75j0h1o085","time":1609537785,"event":{"mods":["AlwaysNeverKeys","BaseMod","Downfall","Highlight Path","Minty Spire (QoL Compilation)","StSLib"],"gold_per_floor":[99,110,122,142,142,142,442,455,466,500,500,529,529,559,576,676,676,676,693,693,708,708,722,777,802,727,827,862,862,862,862],"floor_reached":29,"playtime":7414,"items_purged":[],"score":298,"play_id":"944054a1-75f3-4573-9f32-155f2b6c1aa2","local_time":"20210101214945","is_ascension_mode":false,"campfire_choices":[{"data":"champ:Taunt","floor":1,"key":"SMITH"},{"data":"champ:CalledShot","floor":6,"key":"SMITH"},{"data":"champ:Backstep","floor":11,"key":"SMITH"},{"data":"champ:Execute","floor":18,"key":"SMITH"},{"floor":26,"key":"RECALL"}],"circlet_count":0,"master_deck":["champ:Strike+1","champ:Strike+1","champ:Strike+1","champ:Strike+1","champ:Defend+1","champ:Defend+1","champ:Defend+1","champ:Defend+1","champ:Execute+1","champ:Taunt+1","champ:CalledShot+1","champ:BringItOn","champ:BerserkersShout+1","champ:FocusedBerserking","champ:RisingSlash","champ:Backstep+1","champ:IronFortress","champ:SteelEdge","champ:CrownThrow","CurseOfTheBell","champ:AdrenalArmor","champ:GladiatorStyle+1","champ:RecklessLeap+1","champ:Backstep"],"relics":["champ:ChampionCrown","Old Coin","InkBottle","Odd Mushroom","Strawberry","Calling Bell","Art of War","Meat on the Bone","champ:GladiatorsBookOfMartialProwess","Nilry\u0027s Codex","Regal Pillow","downfall:HeartBlessingBlue","champ:BlackKnightHelmet","Pantograph","Molten Egg 2"],"acts_visited":["Exordium","TheCity"],"potions_floor_usage":[10,16,16,19,27,27,27],"damage_taken":[{"damage":10,"enemies":"2 Louse","floor":2,"turns":4},{"damage":27,"enemies":"Cultist","floor":3,"turns":5},{"damage":6,"enemies":"Jaw Worm","floor":4,"turns":4},{"damage":15,"enemies":"Blue Slaver","floor":8,"turns":5},{"damage":29,"enemies":"Large Slime","floor":9,"turns":9},{"damage":55,"enemies":"Lagavulin","floor":10,"turns":7},{"damage":33,"enemies":"The Mushroom Lair","floor":12,"turns":5},{"damage":44,"enemies":"Gremlin Nob","floor":14,"turns":5},{"damage":19,"enemies":"3 Louse","floor":15,"turns":4},{"damage":28,"enemies":"downfall:Silent","floor":16,"turns":15},{"damage":13,"enemies":"3 Byrds","floor":19,"turns":7},{"damage":23,"enemies":"Spheric Guardian","floor":21,"turns":4},{"damage":25,"enemies":"Snecko","floor":23,"turns":7},{"damage":50,"enemies":"Book of Stabbing","floor":25,"turns":8},{"damage":75,"enemies":"Book of Stabbing","floor":27,"turns":7},{"damage":85,"enemies":"Slavers","floor":28,"turns":9},{"damage":30,"enemies":"Centurion and Healer","floor":29,"turns":2}],"seed_played":"4573169058685604825","potions_obtained":[{"floor":4,"key":"EssenceOfSteel"},{"floor":9,"key":"Dexterity Potion"},{"floor":12,"key":"EssenceOfSteel"},{"floor":14,"key":"Weak Potion"},{"floor":19,"key":"champ:UltimateStancePotion"},{"floor":21,"key":"AttackPotion"},{"floor":25,"key":"GamblersBrew"}],"is_trial":false,"path_per_floor":["R","M","M","M","?","R","T","M","M","E","R","?","?","E","M","B",null,"R","M","?","M","?","M","T","E","R","?","E","M"],"character_chosen":"THE_CHAMP","items_purchased":[],"campfire_rested":0,"item_purchase_floors":[],"current_hp_per_floor":[99,99,85,84,84,84,84,84,81,64,64,45,45,22,15,6,106,106,103,103,90,74,74,74,69,79,77,25,0,0,0],"gold":862,"neow_bonus":"TEN_PERCENT_HP_BONUS","is_daily":false,"chose_seed":false,"campfire_upgraded":4,"win_rate":0.0,"timestamp":1609537785,"path_taken":["R","M","M","M","?","R","T","M","?","E","R","?","?","E","M","BOSS","R","M","?","M","?","M","T","E","R","?","E","M"],"items_purchased_type":[],"build_version":"2020-12-22","purchased_purges":0,"victory":false,"max_hp_per_floor":[99,99,99,99,99,99,99,99,99,99,99,99,99,106,106,106,106,106,106,106,106,106,106,106,106,116,116,116,116,116,116],"card_choices":[{"not_picked":["champ:Backstep","champ:GladiatorsShout"],"picked":"champ:CalledShot","floor":2},{"not_picked":["champ:CrookedStrike","champ:BladeFlurry"],"picked":"champ:BringItOn","floor":3},{"not_picked":["champ:CrookedStrike","champ:BringItOn"],"picked":"champ:BerserkersShout","floor":4},{"not_picked":["champ:DancingMaster","champ:PerfectedStrike"],"picked":"champ:FocusedBerserking","floor":8},{"not_picked":["champ:HeartStrike","champ:FocusedGladiator"],"picked":"champ:RisingSlash","floor":9},{"not_picked":["champ:BladeFlurry","champ:StanceDance"],"picked":"champ:Backstep","floor":10},{"not_picked":["champ:Haymaker","champ:Lariat"],"picked":"champ:IronFortress","floor":12},{"not_picked":["champ:StanceDance","champ:FanOfKnives"],"picked":"champ:SteelEdge","floor":14},{"not_picked":["champ:DefensiveShout","champ:CrookedStrike","champ:TornadoPunch"],"picked":"SKIP","floor":15},{"not_picked":["champ:ShieldSlam","champ:DancingMaster"],"picked":"champ:CrownThrow","floor":16},{"not_picked":["champ:CrookedStrike","champ:Encircle"],"picked":"champ:AdrenalArmor","floor":19},{"not_picked":["champ:EndlessRage","champ:FlashCut"],"picked":"champ:GladiatorStyle+1","floor":21},{"not_picked":["champ:BladeFlurry+1","champ:CalledShot","champ:Backstep"],"picked":"SKIP","floor":23},{"not_picked":["champ:Lariat+1","champ:DefensiveStyle"],"picked":"champ:RecklessLeap+1","floor":25},{"not_picked":["champ:CrookedStrike","champ:BerserkersShout"],"picked":"champ:Backstep","floor":27},{"not_picked":["champ:FanOfKnives+1","champ:PreciseThrust+1","champ:FocusedBerserking+1"],"picked":"SKIP","floor":28}],"player_experience":812504,"relics_obtained":[{"floor":7,"key":"Old Coin"},{"floor":10,"key":"InkBottle"},{"floor":12,"key":"Odd Mushroom"},{"floor":14,"key":"Strawberry"},{"floor":17,"key":"Art of War"},{"floor":17,"key":"Meat on the Bone"},{"floor":17,"key":"champ:GladiatorsBookOfMartialProwess"},{"floor":22,"key":"Nilry\u0027s Codex"},{"floor":25,"key":"Regal Pillow"},{"floor":27,"key":"champ:BlackKnightHelmet"},{"floor":27,"key":"Pantograph"},{"floor":28,"key":"Molten Egg 2"}],"event_choices":[{"damage_healed":0,"gold_gain":0,"player_choice":"Upgraded","damage_taken":0,"max_hp_gain":0,"max_hp_loss":0,"event_name":"Upgrade Shrine","floor":5,"gold_loss":0,"cards_upgraded":["champ:BerserkersShout"]},{"damage_healed":0,"gold_gain":0,"player_choice":"Fought Mushrooms","damage_taken":0,"max_hp_gain":0,"max_hp_loss":0,"event_name":"Mushrooms","floor":12,"gold_loss":0}],"is_beta":false,"boss_relics":[{"not_picked":["Empty Cage","Black Star"],"picked":"Calling Bell"}],"items_purged_floors":[],"is_endless":false,"potions_floor_spawned":[4,9,12,14,15,19,21,25],"killed_by":"Centurion and Healer","ascension_level":0}}