{"host":"q6uiiyan8fxg9uyi","time":1609542090,"event":{"mods":["AchievementEnabler","BaseMod","BetterRewards","Hero for Fun","Minty Spire (QoL Compilation)","StSLib","SuperFastMode"],"gold_per_floor":[116,116,130,144,144,179,179,190,190,205,205,224,240,83,83,188,238,253,253,271,271,186,186,202,214,268,283,303,303,329,103,103,205,205,219,238,238,250,150,150,150,165,189,189,205,205,205],"floor_reached":46,"playtime":2610,"items_purged":["Defend_R","Defend_R"],"score":471,"play_id":"edaa40fb-903e-4ee9-8bbf-8bae21a1f93a","local_time":"20210102000130","is_ascension_mode":false,"campfire_choices":[{"data":"Rage","floor":7,"key":"SMITH"},{"data":"Flex","floor":11,"key":"SMITH"},{"data":"Demon Form","floor":15,"key":"SMITH"},{"data":"Rampage","floor":23,"key":"SMITH"},{"floor":29,"key":"REST"},{"floor":32,"key":"REST"},{"floor":40,"key":"REST"}],"circlet_count":0,"master_deck":["Strike_R","Strike_R","Strike_R","Strike_R","Strike_R+1","Defend_R","Bash","Shrug It Off","Rage+1","Armaments","Impervious","Iron Wave","Flex+1","Shrug It Off","Demon Form+1","Impervious","Shrug It Off","Rampage+1","Shrug It Off","Combust","Iron Wave","Iron Wave","Reaper","Entrench+1","Double Tap","Bloodletting+1","Shrug It Off+1","Cleave+1","Rage+1","Parasite"],"relics":["Black Blood","Question Card","Mercury Hourglass","Ornamental Fan","Tiny House","Anchor","Boot","Mummified Hand","Pen Nib","Smiling Mask"],"acts_visited":["Exordium","TheCity","TheBeyond"],"potions_floor_usage":[1,4,6,8,16,16,16,17,20,25,30,33,45,45],"damage_taken":[{"damage":0,"enemies":"Jaw Worm","floor":1,"turns":2},{"damage":0,"enemies":"Small Slimes","floor":3,"turns":4},{"damage":0,"enemies":"2 Louse","floor":4,"turns":3},{"damage":17,"enemies":"Gremlin Nob","floor":6,"turns":4},{"damage":1,"enemies":"Large Slime","floor":8,"turns":7},{"damage":5,"enemies":"Looter","floor":10,"turns":3},{"damage":0,"enemies":"Red Slaver","floor":12,"turns":4},{"damage":3,"enemies":"3 Louse","floor":13,"turns":3},{"damage":27,"enemies":"The Guardian","floor":16,"turns":10},{"damage":5,"enemies":"Chosen","floor":18,"turns":6},{"damage":1,"enemies":"Spheric Guardian","floor":20,"turns":5},{"damage":17,"enemies":"Cultist and Chosen","floor":24,"turns":7},{"damage":33,"enemies":"Centurion and Healer","floor":25,"turns":13},{"damage":18,"enemies":"Shelled Parasite and Fungi","floor":27,"turns":10},{"damage":19,"enemies":"Cultist and Chosen","floor":28,"turns":7},{"damage":25,"enemies":"Slavers","floor":30,"turns":9},{"damage":69,"enemies":"Collector","floor":33,"turns":13},{"damage":34,"enemies":"Orb Walker","floor":35,"turns":7},{"damage":62,"enemies":"3 Darklings","floor":36,"turns":13},{"damage":11,"enemies":"Jaw Worm Horde","floor":38,"turns":7},{"damage":37,"enemies":"4 Shapes","floor":42,"turns":8},{"damage":42,"enemies":"Writhing Mass","floor":45,"turns":10},{"damage":30,"enemies":"Spire Growth","floor":46,"turns":6}],"seed_played":"-5231789191606678703","potions_obtained":[{"floor":0,"key":"SneckoOil"},{"floor":0,"key":"LiquidMemories"},{"floor":0,"key":"Dexterity Potion"},{"floor":3,"key":"FearPotion"},{"floor":4,"key":"DuplicationPotion"},{"floor":8,"key":"DuplicationPotion"},{"floor":10,"key":"CultistPotion"},{"floor":17,"key":"Fruit Juice"},{"floor":18,"key":"DistilledChaos"},{"floor":24,"key":"PowerPotion"},{"floor":25,"key":"Explosive Potion"},{"floor":28,"key":"HeartOfIron"},{"floor":38,"key":"SpeedPotion"},{"floor":42,"key":"Strength Potion"}],"is_trial":false,"path_per_floor":["M","?","M","M","?","E","R","M","T","M","R","M","M","$","R","B",null,"M","?","M","?","?","R","M","M","T","M","M","R","E","$","R","B",null,"M","M","?","M","$","R","?","M","T","$","M","M"],"character_chosen":"IRONCLAD","items_purchased":["Demon Form","Pen Nib"],"campfire_rested":3,"item_purchase_floors":[14,31],"current_hp_per_floor":[80,77,80,80,73,62,62,67,67,68,68,74,77,77,77,56,90,90,90,90,90,90,90,79,52,52,40,27,54,50,50,77,24,90,68,28,28,59,59,86,85,60,60,60,30,0,0],"gold":205,"neow_bonus":"THREE_SMALL_POTIONS","is_daily":false,"chose_seed":false,"campfire_upgraded":4,"win_rate":0.0,"timestamp":1609542090,"path_taken":["M","?","M","M","?","E","R","M","T","M","R","M","M","$","R","BOSS","M","?","M","?","?","R","M","M","T","M","M","R","E","$","R","BOSS","M","M","?","M","$","R","?","M","T","$","M","M"],"items_purchased_type":["Card","Relic"],"build_version":"2020-12-22","purchased_purges":2,"victory":false,"max_hp_per_floor":[80,80,80,80,80,80,80,80,80,80,80,80,80,80,80,80,90,90,90,90,90,90,90,90,90,90,90,90,90,90,90,90,90,90,90,90,90,90,90,90,85,85,85,85,85,85,85],"card_choices":[{"not_picked":["Perfected Strike","Anger"],"picked":"Shrug It Off","floor":1},{"not_picked":["Thunderclap","Headbutt","Reaper"],"picked":"Rage","floor":3},{"not_picked":["Carnage","Warcry","Sever Soul"],"picked":"Armaments","floor":4},{"not_picked":["Seeing Red","Ghostly Armor","Bloodletting"],"picked":"Impervious","floor":6},{"not_picked":["Whirlwind","Burning Pact","Thunderclap"],"picked":"Iron Wave","floor":8},{"not_picked":["Anger","Twin Strike","Warcry"],"picked":"Flex","floor":10},{"not_picked":["Body Slam","Berserk","True Grit","Warcry"],"picked":"SKIP","floor":12},{"not_picked":["Armaments","Anger","Second Wind"],"picked":"Shrug It Off","floor":13},{"not_picked":["Reaper","Juggernaut","Barricade"],"picked":"Impervious","floor":16},{"not_picked":["Sword Boomerang","Intimidate","Shockwave"],"picked":"Shrug It Off","floor":17},{"not_picked":["Headbutt+1","Twin Strike","Pommel Strike"],"picked":"Rampage","floor":18},{"not_picked":["Clash","Feel No Pain","Carnage"],"picked":"Shrug It Off","floor":20},{"not_picked":["Ghostly Armor","Warcry","Sword Boomerang"],"picked":"Spot Weakness","floor":24},{"not_picked":["Sword Boomerang+1","Twin Strike","Cleave"],"picked":"Iron Wave","floor":25},{"not_picked":["Warcry","Power Through","Twin Strike"],"picked":"Iron Wave","floor":27},{"not_picked":["Rage","Dual Wield","Carnage"],"picked":"Reaper","floor":28},{"not_picked":["Seeing Red","Power Through","Corruption"],"picked":"Entrench+1","floor":30},{"not_picked":["Offering","Corruption","Fiend Fire"],"picked":"Double Tap","floor":33},{"not_picked":["Intimidate+1","Clash+1","Body Slam"],"picked":"Bloodletting+1","floor":35},{"not_picked":["True Grit+1","Fire Breathing","Whirlwind"],"picked":"Shrug It Off+1","floor":36},{"not_picked":["Bloodletting+1","Ghostly Armor","Clash"],"picked":"Cleave+1","floor":38},{"not_picked":["Clothesline+1","Dropkick","Spot Weakness+1"],"picked":"Rage+1","floor":42},{"not_picked":["Body Slam","Juggernaut","Bloodletting+1","Shockwave+1"],"picked":"SKIP","floor":45}],"player_experience":21026,"relics_obtained":[{"floor":6,"key":"Mercury Hourglass"},{"floor":9,"key":"Ornamental Fan"},{"floor":26,"key":"Boot"},{"floor":30,"key":"Mummified Hand"},{"floor":43,"key":"Smiling Mask"}],"event_choices":[{"damage_healed":0,"gold_gain":0,"player_choice":"Success","damage_taken":3,"relics_obtained":["Question Card"],"max_hp_gain":0,"max_hp_loss":0,"event_name":"Scrap Ooze","floor":2,"gold_loss":0},{"cards_removed":["Defend_R"],"damage_healed":0,"gold_gain":0,"player_choice":"Card Removal","damage_taken":7,"max_hp_gain":0,"max_hp_loss":0,"event_name":"Golden Wing","floor":5,"gold_loss":0},{"damage_healed":0,"gold_gain":0,"player_choice":"Ignored","damage_taken":0,"max_hp_gain":0,"max_hp_loss":0,"event_name":"Ghosts","floor":19,"gold_loss":0},{"damage_healed":0,"gold_gain":0,"player_choice":"Read","damage_taken":0,"max_hp_gain":0,"max_hp_loss":0,"event_name":"The Library","floor":21,"gold_loss":0,"cards_obtained":["Combust"]},{"damage_healed":0,"gold_gain":0,"player_choice":"Obtained Relic","damage_taken":0,"relics_obtained":["Anchor"],"max_hp_gain":0,"max_hp_loss":0,"event_name":"Addict","floor":22,"gold_loss":85},{"cards_removed":["Spot Weakness"],"damage_healed":0,"gold_gain":0,"player_choice":"Removed Skill","damage_taken":0,"max_hp_gain":0,"max_hp_loss":0,"event_name":"Falling","floor":37,"gold_loss":0},{"damage_healed":0,"gold_gain":0,"player_choice":"Max HP","damage_taken":0,"max_hp_gain":0,"max_hp_loss":5,"event_name":"Winding Halls","floor":41,"gold_loss":0}],"is_beta":false,"boss_relics":[{"not_picked":["Ectoplasm","Snecko Eye"],"picked":"Tiny House"},{"not_picked":["Mark of Pain","Philosopher\u0027s Stone"],"picked":"Black Blood"}],"items_purged_floors":[31,39],"is_endless":false,"potions_floor_spawned":[3,4,8,10,13,18,24,25,28,38,42],"killed_by":"Spire Growth","ascension_level":0}}