{"host":"1yi750mqk7ixxpl5","time":1609539796,"event":{"mods":["Arknights The Spire","Aspiration","Bartender","BaseMod","Better Third Choice","BetterRewards","Colored Map","Colored Powertips","Conspire","Custom Start","Defuse TimeMaze Blight","Dio Mod","Dota2Spire","Downfall","Halation","Hubris","Infinite Spire","Marisa????????","Minty Spire (QoL Compilation)","Rare Cards Sparkle","Replay The Spire","Shade Mod","StSLib","Td1madao Mod","The Alterego","The Bladedancer","The Jungle","The Mystic","The Servant 0.9.4","TheWitcher","Waifu the Spire","vexMod","???Mod??????Boss"],"gold_per_floor":[115,115,144,161,15,44,44,77,77,77,77,77,97,107,107,211,211,230,230,230,256,318,345,359,389,389,416,435,435,435,450,450,553,553,563,243,243,261,261,261,278,278,278,303,303,303,332,332,332,434,534,534,534,534,534,540,567,568,581,608,618,621,640,740,750,750,823,823,821,515,521,521,521,521,543,543,592,592,598,631,631,620,620,715,715,693,679,685,677,677],"floor_reached":89,"playtime":2543,"items_purged":["ats:Defend","vexMod:UltimateCard","ats:Strike G","ats:Strike S","ats:Strike C"],"score":1980,"play_id":"31468aee-5120-402f-88ce-831109c029b7","local_time":"20210101162316","is_ascension_mode":false,"campfire_choices":[{"floor":7.0,"key":"REST"},{"floor":12.0,"key":"REST"},{"floor":15.0,"key":"RECALL"},{"floor":29.0,"key":"REST"},{"data":"ats:Roar Of Ursus","floor":32.0,"key":"SMITH"},{"data":"Apotheosis","floor":40.0,"key":"SMITH"},{"floor":42.0,"key":"REST"},{"data":"ats:Roar Of Ursus","floor":45.0,"key":"SMITH"},{"floor":49.0,"key":"REST"},{"floor":66.0,"key":"REST"},{"floor":74.0,"key":"REST"},{"data":"Pot Of Greed","floor":81.0,"key":"SMITH"},{"data":"Pot Of Greed","floor":83.0,"key":"SMITH"}],"circlet_count":0,"master_deck":["hubris:InfiniteBlow+2704","ats:Armor Crushing Shot+1","ats:Defend","ats:Defend","ats:Defend","ats:Emotion Absorption","ats:Hammer On+1","ats:Directed Diagnosis","ats:Ignite","ats:Cat Scratch","ats:Explosion Area Strengthen","ats:Poison Spread","ats:Consecutive Shot Auto","ats:Explosion Area Strengthen","ats:Dogmatic Field","infinitespire:Oblivion+1","ats:Explosion Area Strengthen","ats:Ignite","ats:Leaping Hammer","ats:Consecutive Shot Auto+1","ats:Hammer On","ats:Flexible Camouflage+1","ats:Song Of Battle","ats:Overload","ats:Roar Of Ursus+1","ReplayTheSpireMod:Chaos Vortex","ats:Revitalization","ats:Roar Of Ursus+1","ats:Overload","Apotheosis+1","ats:Flexible Camouflage+1","ats:Leaping Hammer","ats:Childhood Dance+1","ats:Hammer On","ats:Calcification","ats:Demon Strength","ats:Collapsing Strike","ats:Consecutive Shot Auto","ats:Consecutive Shot Auto","ats:Curse Doll","ats:Demon Strength","ats:Roar Of Ursus","hubris:Fate","ats:Assault Order+1","Cloak And Dagger","Cloak And Dagger","Deflect","Deflect","Pot Of Greed+1","Pot Of Greed","Pot Of Greed+1","Pot Of Greed","Pot Of Greed","ats:Thorns+1","ats:Hammer On+1","Atom Bomb","Slice+1","Slice+1","Slice+1","Slice+1","Slice+1","Slice+1","Slice+1","Slice+1","Slice+1","Pot Of Greed","Slice+1","Pot Of Greed","Pot Of Greed","Pot Of Greed","Pot Of Greed","Pot Of Greed","ats:Overload","ats:Overload","ats:Overload","ats:Overload","ats:Overload","ats:Overload","ats:Overload","ats:Overload","ats:Composite Medical Shells+1","ats:Composite Medical Shells+1","ats:Composite Medical Shells+1","Pot Of Greed","ats:Composite Medical Shells+1","Pot Of Greed","Pot Of Greed","Pot Of Greed","Pot Of Greed","Pot Of Greed","Pot Of Greed","Pot Of Greed","Pot Of Greed"],"relics":["ats:Sanity","PreservedInsect","Juzu Bracelet","vexMod:PaidLearning","conspire:TreasureMap","Dota2Spire:Vanguard","ats:Originium","halation:SelfBoilingWater","SnafuTest:CatRelic","Unceasing Top","halation:PinkSoulGem","hubris:HollowSoul","Happy Flower","CultistMask","Snack Pack","aspiration:TomeofQuesting","Boot","Dota2Spire:CrimsonGuard","vexMod:Dragonfruit","Protect_Vest","Sozu","Runic Dome","infinitespire:CursedDice","Dota2Spire:ArmletOfMordiggian","ats:Ability Aura","Shuriken","Replay:Wanted Poster","Dota2Spire:PowerTreads","Bottled Lightning","vexMod:CardConverter","Vajra","Counterbalance","aspiration:SilentSkillbook","halation:NonexistentMirror","hubris:Towel","MutagenicStrength","Dota2Spire:BlackKingBar","hubris:TinFlute","Grinning Jar","halation:Yufonium"],"acts_visited":["Exordium","TheCity","TheBeyond","Exordium","TheCity","TheBeyond"],"potions_floor_usage":[],"damage_taken":[{"damage":0.0,"enemies":"Small Slimes","floor":1.0,"turns":3.0},{"damage":0.0,"enemies":"conspire:MimicChest","floor":3.0,"turns":2.0},{"damage":0.0,"enemies":"2 Louse","floor":4.0,"turns":1.0},{"damage":9.0,"enemies":"Lagavulin","floor":6.0,"turns":3.0},{"damage":9.0,"enemies":"3 Sentries","floor":8.0,"turns":3.0},{"damage":0.0,"enemies":"conspire:RoseBush","floor":13.0,"turns":2.0},{"damage":0.0,"enemies":"Large Slime","floor":14.0,"turns":2.0},{"damage":0.0,"enemies":"Slime Boss","floor":16.0,"turns":1.0},{"damage":0.0,"enemies":"Spheric Guardian","floor":18.0,"turns":2.0},{"damage":0.0,"enemies":"Gremlin Leader","floor":23.0,"turns":3.0},{"damage":10.0,"enemies":"2 Thieves","floor":24.0,"turns":2.0},{"damage":8.0,"enemies":"Book of Stabbing","floor":25.0,"turns":2.0},{"damage":41.0,"enemies":"Nightmare","floor":27.0,"turns":4.0},{"damage":6.0,"enemies":"3 Cultists","floor":28.0,"turns":3.0},{"damage":0.0,"enemies":"Shelled Parasite and Fungi","floor":31.0,"turns":3.0},{"damage":8.0,"enemies":"hubris:MusketHawk","floor":33.0,"turns":3.0},{"damage":6.0,"enemies":"Orb Walker","floor":35.0,"turns":3.0},{"damage":23.0,"enemies":"3 Darklings","floor":38.0,"turns":3.0},{"damage":29.0,"enemies":"4 Shapes","floor":41.0,"turns":2.0},{"damage":0.0,"enemies":"Nightmare","floor":44.0,"turns":1.0},{"damage":6.0,"enemies":"Nemesis","floor":47.0,"turns":4.0},{"damage":0.0,"enemies":"Replay:Hell Engine","floor":50.0,"turns":1.0},{"damage":0.0,"enemies":"2 Louse","floor":52.0,"turns":2.0},{"damage":0.0,"enemies":"Cultist","floor":56.0,"turns":3.0},{"damage":0.0,"enemies":"Lagavulin","floor":57.0,"turns":1.0},{"damage":0.0,"enemies":"Jaw Worm","floor":58.0,"turns":1.0},{"damage":0.0,"enemies":"Gremlin Nob","floor":59.0,"turns":2.0},{"damage":0.0,"enemies":"Looter","floor":61.0,"turns":1.0},{"damage":0.0,"enemies":"3 Louse","floor":62.0,"turns":2.0},{"damage":0.0,"enemies":"Lagavulin","floor":63.0,"turns":2.0},{"damage":8.0,"enemies":"2 Fungi Beasts","floor":65.0,"turns":2.0},{"damage":0.0,"enemies":"Fading Forest","floor":67.0,"turns":4.0},{"damage":21.0,"enemies":"2 Thieves","floor":69.0,"turns":3.0},{"damage":20.0,"enemies":"Shell Parasite","floor":71.0,"turns":2.0},{"damage":0.0,"enemies":"Nightmare","floor":75.0,"turns":2.0},{"damage":0.0,"enemies":"Snake Plant","floor":79.0,"turns":2.0},{"damage":0.0,"enemies":"Gremlin Leader","floor":80.0,"turns":1.0},{"damage":0.0,"enemies":"Centurion and Healer","floor":82.0,"turns":2.0},{"damage":0.0,"enemies":"Collector","floor":84.0,"turns":1.0},{"damage":0.0,"enemies":"3 Darklings","floor":86.0,"turns":2.0},{"damage":28.0,"enemies":"3 Shapes","floor":87.0,"turns":2.0},{"damage":0.0,"enemies":"Spire Growth","floor":88.0,"turns":1.0},{"damage":11.0,"enemies":"Jaw Worm Horde","floor":89.0,"turns":2.0}],"seed_played":"6088949039508066931","potions_obtained":[{"floor":4.0,"key":"Ancient Potion"},{"floor":8.0,"key":"Regen Potion"},{"floor":14.0,"key":"Elixir"},{"floor":18.0,"key":"Energy Potion"},{"floor":22.0,"key":"Reflective Coating"},{"floor":23.0,"key":"Toxic Potion"},{"floor":25.0,"key":"Block Potion"},{"floor":27.0,"key":"Dota2Spire:Clarity"}],"is_trial":false,"path_per_floor":["M","?","?","M","$","E","R","E","T","?","?","R","M","M","R","B",null,"M","?","?","T","?","E","M","E","T","NM","M","R","AVR","M","R","B",null,"M","$","?","M","?","R","M","R","T","NM","R","T","E","?","R","B",null,"M","AVR","?","?","M","E","M","E","T","M","M","E","?","M","R","B",null,"M","$","M","?","?","R","NM","?","T","?","M","E","R","M","R","B",null,"M","M","M","M"],"character_chosen":"DOCTOR_CLASS","items_purchased":["ats:Hammer On","PreservedInsect","Juzu Bracelet","vexMod:PaidLearning","conspire:TreasureMap","ats:Ignite","ats:Cat Scratch","ats:Explosion Area Strengthen","Apotheosis","halation:NonexistentMirror"],"campfire_rested":7,"item_purchase_floors":[0,0,0,0,0,0,0,5,36,70],"current_hp_per_floor":[42,42,42,42,42,33,54,45,45,45,28,49,51,53,53,53,72,72,72,72,72,54,58,52,48,48,40,38,61,61,65,65,77,77,72,72,77,58,58,58,35,58,58,60,60,60,65,65,77,77,77,77,77,77,77,77,77,77,79,79,79,79,81,81,73,81,83,85,71,71,65,65,65,91,95,95,95,95,95,107,107,109,109,111,111,143,136,164,161,161],"gold":677,"neow_bonus":"","is_daily":false,"chose_seed":false,"campfire_upgraded":5,"win_rate":0.0,"timestamp":1609539796,"path_taken":["M","?","?","M","$","E","R","E","T","?","?","R","M","M","R","BOSS","M","?","?","?","?","E","M","E","T","NM","M","R","AVR","M","R","BOSS","M","$","?","M","?","R","M","R","T","NM","R","?","E","?","R","BOSS","M","AVR","?","?","M","E","M","E","T","M","M","E","?","M","R","BOSS","M","$","M","?","?","R","NM","?","T","?","M","E","R","M","R","BOSS","M","M","M","M"],"items_purchased_type":["Card","Relic","Relic","Relic","Relic","Card","Card","Card","Card","Relic"],"build_version":"2020-12-22","purchased_purges":5,"victory":false,"max_hp_per_floor":[72,72,72,72,72,72,72,72,72,72,72,72,72,72,72,72,72,72,72,72,72,72,72,72,72,72,77,77,77,77,77,77,77,77,77,77,77,77,77,77,77,77,77,77,77,77,77,77,77,77,77,77,77,77,77,77,77,77,79,79,79,79,81,81,81,81,83,85,87,87,91,91,91,91,95,95,95,95,95,107,107,109,109,111,111,143,159,185,185,185],"card_choices":[{"not_picked":["ats:Thorns","ats:Leaping Hammer"],"picked":"ats:Explosion Area Strengthen","floor":1.0},{"not_picked":["ats:Curse Doll","ats:Assault Order"],"picked":"ats:Poison Spread","floor":3.0},{"not_picked":["ats:Poison Spread","ats:Healing Drone"],"picked":"ats:Consecutive Shot Auto","floor":4.0},{"not_picked":["ats:Childhood Dance","ats:Healing Strengthening","ats:Curse Doll"],"picked":"SKIP","floor":6.0},{"not_picked":["ats:Ignite","ats:Demon Strength"],"picked":"ats:Dogmatic Field","floor":8.0},{"not_picked":["infinitespire:FinalStrike","infinitespire:Fortify"],"picked":"infinitespire:Oblivion","floor":11.0},{"not_picked":["ats:Powerful Strike","ats:Revitalization"],"picked":"ats:Explosion Area Strengthen","floor":13.0},{"not_picked":["ats:Consecutive Shot Auto","ats:Cat Scratch"],"picked":"ats:Ignite","floor":14.0},{"not_picked":["ats:Volcano","ats:Calcification"],"picked":"ats:Dogmatic Field","floor":16.0},{"not_picked":["ats:Blood Oath","ats:Ignite"],"picked":"ats:Leaping Hammer","floor":18.0},{"not_picked":["ats:Flexible Camouflage","ats:Ignite"],"picked":"ats:Consecutive Shot Auto+1","floor":22.0},{"not_picked":["ats:Apocalypse+1","ats:Powerful Strike"],"picked":"ats:Hammer On","floor":23.0},{"not_picked":["ats:Consecutive Shot Auto","ats:Shell Defense+1"],"picked":"ats:Flexible Camouflage+1","floor":24.0},{"not_picked":["ats:Wolf Pack","ats:Curse Doll"],"picked":"ats:Song Of Battle","floor":25.0},{"not_picked":["ats:Red Shift","ats:Flame Of Heaven"],"picked":"ats:Overload","floor":27.0},{"not_picked":["ats:Curse Doll","ats:Magnetic Hammer"],"picked":"ats:Roar Of Ursus","floor":28.0},{"not_picked":["ats:LN2 Cannon","ats:Rapid Magazine"],"picked":"ats:Revitalization","floor":31.0},{"not_picked":["ats:Rat Pack","ats:Fractured Body"],"picked":"ats:Roar Of Ursus","floor":33.0},{"not_picked":["ats:Apocalypse+1","ats:Beaten Up+1"],"picked":"ats:Overload","floor":35.0},{"not_picked":["ats:Rapid Magazine","ats:Magnetic Hammer+1"],"picked":"ats:Flexible Camouflage+1","floor":38.0},{"not_picked":["ats:Powerful Strike","ats:Thermite Blade"],"picked":"ats:Leaping Hammer","floor":41.0},{"not_picked":["ats:Nebulous Foxfire","ats:Assault Order+1"],"picked":"ats:Childhood Dance+1","floor":44.0},{"not_picked":["ats:Soul Rend","ats:Chain Hook"],"picked":"ats:Hammer On","floor":47.0},{"not_picked":["ats:Fractured Body","ats:Wolf Pack"],"picked":"ats:Calcification","floor":50.0},{"not_picked":["ats:Apocalypse","ats:Guardian Obelisk","ats:Poison Spread"],"picked":"SKIP","floor":52.0},{"not_picked":["ats:Curse Doll","ats:Guardian Obelisk"],"picked":"ats:Collapsing Strike","floor":56.0},{"not_picked":["ats:Flame Of Heaven","ats:Counter Healing Mode"],"picked":"ats:Consecutive Shot Auto","floor":57.0},{"not_picked":["ats:Revitalization","ats:Shell Defense"],"picked":"ats:Consecutive Shot Auto","floor":58.0},{"not_picked":["ats:Poison Spread","ats:Thorns"],"picked":"ats:Curse Doll","floor":59.0},{"not_picked":["ats:Flame Of Heaven","ats:Thermite Blade","ats:Leaping Hammer"],"picked":"SKIP","floor":61.0},{"not_picked":["ats:Guardian Obelisk","ats:Powerful Strike","ats:Chain Hook"],"picked":"SKIP","floor":62.0},{"not_picked":["ats:Guardian Obelisk","ats:Powerful Strike","ats:Chain Hook"],"picked":"SKIP","floor":62.0},{"not_picked":["ats:Dogmatic Field","ats:Blood Oath"],"picked":"ats:Demon Strength","floor":63.0},{"not_picked":["ats:Steam Pump","ats:Powerful Strike","ats:Healing Strengthening"],"picked":"SKIP","floor":65.0},{"not_picked":["ats:Calcification","ats:Fractured Body"],"picked":"ats:Roar Of Ursus","floor":67.0},{"not_picked":["infinitespire:Oblivion","infinitespire:Starlight"],"picked":"hubris:Fate","floor":68.0},{"not_picked":["Hidden Blade","Setup","ats:Song Of Battle"],"picked":"ats:Assault Order+1","floor":69.0},{"not_picked":["ats:Leaping Hammer","ats:Hammer On","ats:Song Of Battle"],"picked":"Cloak And Dagger","floor":71.0},{"not_picked":["ats:Cat Scratch","Dagger Spray+1","ats:Shadow Raid+1"],"picked":"Deflect","floor":75.0},{"not_picked":["Prepared","Quick Slash","Deadly Poison","hubris:SlightOfHand"],"picked":"SKIP","floor":79.0},{"not_picked":["ats:Apocalypse","Reflex","ats:Rapid Magazine"],"picked":"ats:Thorns+1","floor":80.0},{"not_picked":["ats:Explosion Area Strengthen","ats:Leaping Hammer+1","ReplayTheSpireMod:Exploit Weakness"],"picked":"ats:Hammer On+1","floor":82.0},{"not_picked":["Corpse Explosion","Malaise","Grand Finale"],"picked":"Atom Bomb","floor":84.0},{"not_picked":["Dagger Spray+1","ats:Curse Doll+1","ats:Assault Order+1"],"picked":"Slice+1","floor":86.0},{"not_picked":["PiercingWail+1","Deadly Poison+1","hubris:Counter"],"picked":"ats:Overload","floor":87.0},{"not_picked":["Sucker Punch+1","Poisoned Stab","PiercingWail+1"],"picked":"ats:Composite Medical Shells+1","floor":88.0},{"not_picked":["ats:Curse Doll","Prepared","ats:Encircling Forest","ats:Cat Scratch"],"picked":"SKIP","floor":89}],"player_experience":252415,"relics_obtained":[{"floor":3.0,"key":"Dota2Spire:Vanguard"},{"floor":6.0,"key":"ats:Originium"},{"floor":6.0,"key":"halation:SelfBoilingWater"},{"floor":8.0,"key":"ats:Originium"},{"floor":8.0,"key":"SnafuTest:CatRelic"},{"floor":9.0,"key":"Unceasing Top"},{"floor":22.0,"key":"Snack Pack"},{"floor":23.0,"key":"ats:Originium"},{"floor":23.0,"key":"aspiration:TomeofQuesting"},{"floor":25.0,"key":"Boot"},{"floor":26.0,"key":"Dota2Spire:CrimsonGuard"},{"floor":27.0,"key":"vexMod:Dragonfruit"},{"floor":43.0,"key":"infinitespire:CursedDice"},{"floor":44.0,"key":"Dota2Spire:ArmletOfMordiggian"},{"floor":46.0,"key":"ats:Ability Aura"},{"floor":47.0,"key":"Shuriken"},{"floor":57.0,"key":"Bottled Lightning"},{"floor":59.0,"key":"vexMod:CardConverter"},{"floor":60.0,"key":"Vajra"},{"floor":63.0,"key":"Counterbalance"},{"floor":75.0,"key":"Dota2Spire:BlackKingBar"},{"floor":77.0,"key":"hubris:TinFlute"},{"floor":80.0,"key":"Grinning Jar"}],"event_choices":[{"damage_healed":0.0,"max_hp_gain":0.0,"max_hp_loss":0.0,"gold_gain":0.0,"event_name":"WeMeetAgain","player_choice":"Gave Potion","floor":19.0,"gold_loss":0.0,"damage_taken":0.0,"relics_obtained":["Happy Flower"]},{"damage_healed":0.0,"max_hp_gain":0.0,"max_hp_loss":0.0,"gold_gain":0.0,"event_name":"FaceTrader","player_choice":"Trade","floor":20.0,"gold_loss":0.0,"damage_taken":0.0,"relics_obtained":["CultistMask"]},{"cards_removed":["ats:Dogmatic Field"],"damage_healed":0.0,"max_hp_gain":0.0,"max_hp_loss":0.0,"gold_gain":0.0,"event_name":"Falling","player_choice":"Removed Power","floor":39.0,"gold_loss":0.0,"damage_taken":0.0},{"damage_healed":0.0,"max_hp_gain":0.0,"max_hp_loss":0.0,"gold_gain":0.0,"event_name":"Upgrade Shrine","player_choice":"Upgraded","floor":48.0,"gold_loss":0.0,"damage_taken":0.0,"cards_upgraded":["infinitespire:Oblivion"]},{"damage_healed":0.0,"max_hp_gain":0.0,"max_hp_loss":0.0,"gold_gain":0.0,"cards_transformed":["ats:Strike V"],"event_name":"Transmorgrifier","player_choice":"Transformed","floor":54.0,"gold_loss":0.0,"damage_taken":0.0,"cards_obtained":["ats:Demon Strength"]},{"damage_healed":0.0,"max_hp_gain":0.0,"max_hp_loss":0.0,"gold_gain":0.0,"event_name":"NoteForYourself","player_choice":"Ignored","floor":55.0,"gold_loss":0.0,"damage_taken":0.0},{"damage_healed":0.0,"max_hp_gain":0.0,"max_hp_loss":0.0,"gold_gain":100.0,"event_name":"Golden Shrine","player_choice":"Pray","floor":64.0,"gold_loss":0.0,"damage_taken":0.0},{"damage_healed":0.0,"max_hp_gain":0.0,"max_hp_loss":0.0,"gold_gain":0.0,"event_name":"Drug Dealer","player_choice":"Inject Mutagens","floor":73.0,"gold_loss":0.0,"damage_taken":0.0,"relics_obtained":["MutagenicStrength"]},{"damage_healed":0.0,"max_hp_gain":0.0,"max_hp_loss":0.0,"gold_gain":0.0,"event_name":"Ghosts","player_choice":"Ignored","floor":76.0,"gold_loss":0.0,"damage_taken":0.0}],"is_beta":false,"boss_relics":[{"not_picked":["vexMod:FluxCapacitor","Velvet Choker"],"picked":"hubris:HollowSoul"},{"not_picked":["Coffee Dripper","vexMod:RockOfEvil"],"picked":"Runic Dome"},{"not_picked":["hubris:BlackHole","conspire:RunicOctahedron"],"picked":"Replay:Wanted Poster"},{"not_picked":["ChewingGum","halation:Risk"],"picked":"aspiration:SilentSkillbook"},{"not_picked":["halation:PinkAlligatorPlush","vexMod:MysteryBossChallenge"],"picked":"halation:Yufonium"}],"items_purged_floors":[0,5,30,36,70],"is_endless":true,"potions_floor_spawned":[4,8,14,18,23,25,27,44,47,50,56,57,59,62,71,75,84,86,87],"killed_by":"Jaw Worm Horde","ascension_level":0}}