{"host":"2se5dq1do2gp0x9k","time":1609478984,"event":{"mods":["AchievementEnabler","BaseMod","Block Reminder","Colored Map","Colored Powertips","Minty Spire (QoL Compilation)","Relic Stats","StSLib","SuperFastMode"],"gold_per_floor":[110,110,110,125,141,141,174,249,249,249,276,276,287,315,315,315,315],"floor_reached":16,"playtime":480,"items_purged":[],"score":236,"play_id":"589c81e2-1cf7-40a5-8441-b9c51b0408a2","local_time":"20201231212944","is_ascension_mode":true,"campfire_choices":[{"data":"Apotheosis","floor":6.0,"key":"SMITH"},{"floor":10.0,"key":"RECALL"},{"floor":15.0,"key":"REST"}],"circlet_count":0,"master_deck":["AscendersBane","Strike_R","Strike_R","Strike_R","Strike_R","Defend_R","Defend_R","Defend_R","Defend_R","Bash","Apotheosis+1","Bloodletting","Intimidate","Shrug It Off","Body Slam","Flame Barrier","Dual Wield","Power Through","Metallicize"],"relics":["Burning Blood","Gremlin Horn","MealTicket","Juzu Bracelet","Oddly Smooth Stone"],"acts_visited":["Exordium"],"potions_floor_usage":[],"damage_taken":[{"damage":4.0,"enemies":"Jaw Worm","floor":1.0,"turns":4.0},{"damage":11.0,"enemies":"Small Slimes","floor":4.0,"turns":3.0},{"damage":8.0,"enemies":"Cultist","floor":5.0,"turns":5.0},{"damage":10.0,"enemies":"Lagavulin","floor":7.0,"turns":5.0},{"damage":32.0,"enemies":"Gremlin Nob","floor":11.0,"turns":4.0},{"damage":4.0,"enemies":"Looter","floor":13.0,"turns":4.0},{"damage":15.0,"enemies":"3 Sentries","floor":14.0,"turns":8.0},{"damage":35,"enemies":"Hexaghost","floor":16,"turns":12}],"seed_played":"20433228541318180","potions_obtained":[{"floor":5.0,"key":"FearPotion"},{"floor":11.0,"key":"Explosive Potion"},{"floor":13.0,"key":"LiquidMemories"}],"is_trial":false,"path_per_floor":["M","?","?","M","M","R","E","?","T","R","E","?","M","E","R","B"],"character_chosen":"IRONCLAD","items_purchased":[],"campfire_rested":1,"item_purchase_floors":[],"current_hp_per_floor":[68,68,68,63,61,61,57,46,46,46,20,20,22,13,33,0,0],"gold":315,"neow_bonus":"RANDOM_COLORLESS_2","is_daily":false,"chose_seed":false,"campfire_upgraded":1,"win_rate":0.0,"timestamp":1609478984,"path_taken":["M","?","?","?","M","R","E","?","T","R","E","?","M","E","R","BOSS"],"items_purchased_type":[],"build_version":"2020-12-22","purchased_purges":0,"victory":false,"max_hp_per_floor":[68,68,68,68,68,68,68,68,68,68,68,68,68,68,68,68,68],"relic_stats":{"Gremlin Horn":[2,2],"counters":[8,45],"MealTicket":0,"Juzu Bracelet":0,"obtain_stats":[{"Gremlin Horn":7,"Oddly Smooth Stone":14,"MealTicket":9,"Juzu Bracelet":11,"Burning Blood":0},{"Gremlin Horn":4,"Oddly Smooth Stone":7,"MealTicket":4,"Juzu Bracelet":5,"Burning Blood":0},{"Gremlin Horn":17,"Oddly Smooth Stone":33,"MealTicket":17,"Juzu Bracelet":21,"Burning Blood":0}],"Burning Blood":40},"card_choices":[{"not_picked":["The Bomb","Metamorphosis"],"picked":"Apotheosis","floor":0.0},{"not_picked":["Thunderclap","Warcry"],"picked":"Bloodletting","floor":1.0},{"not_picked":["Clothesline","Heavy Blade"],"picked":"Shrug It Off","floor":4.0},{"not_picked":["Flex","Fire Breathing"],"picked":"Body Slam","floor":5.0},{"not_picked":["Warcry","Combust"],"picked":"Flame Barrier","floor":7.0},{"not_picked":["Sentinel","Sword Boomerang"],"picked":"Dual Wield","floor":11.0},{"not_picked":["Berserk","Sword Boomerang"],"picked":"Power Through","floor":13.0},{"not_picked":["Pummel","Clothesline"],"picked":"Metallicize","floor":14.0}],"player_experience":3687094,"relics_obtained":[{"floor":7.0,"key":"Gremlin Horn"},{"floor":9.0,"key":"MealTicket"},{"floor":11.0,"key":"Juzu Bracelet"},{"floor":14.0,"key":"Oddly Smooth Stone"}],"event_choices":[{"damage_healed":0.0,"max_hp_gain":0.0,"max_hp_loss":0.0,"gold_gain":0.0,"event_name":"Liars Game","player_choice":"Ignored","floor":2.0,"gold_loss":0.0,"damage_taken":0.0},{"damage_healed":0.0,"max_hp_gain":0.0,"max_hp_loss":0.0,"gold_gain":0.0,"event_name":"Match and Keep!","player_choice":"1 cards matched","floor":3.0,"gold_loss":0.0,"damage_taken":0.0,"cards_obtained":["Intimidate"]},{"damage_healed":0.0,"max_hp_gain":0.0,"max_hp_loss":0.0,"gold_gain":75.0,"event_name":"World of Goop","player_choice":"Gather Gold","floor":8.0,"gold_loss":0.0,"damage_taken":11.0},{"cards_removed":["Strike_R"],"damage_healed":0.0,"max_hp_gain":0.0,"max_hp_loss":0.0,"gold_gain":0.0,"event_name":"Purifier","player_choice":"Purged","floor":12.0,"gold_loss":0.0,"damage_taken":0.0}],"is_beta":false,"boss_relics":[],"items_purged_floors":[],"is_endless":false,"potions_floor_spawned":[5,11,13],"killed_by":"Hexaghost","ascension_level":20}}