{"host":"5fasz840ryq7obdf","time":1609541766,"event":{"mods":["AchievementEnabler","BaseMod","Bestiary","Better Altar","Better Skull","Better Third Choice","BetterRewards","Block Reminder","Colored Powertips","Curses Come First","Highlight Path","Minty Spire (QoL Compilation)","Quick Restart","Relic Sorter","Relic Stats","Replay The Spire","Shop Mod","Spicy Shops","StSLib","SuperFastMode"],"gold_per_floor":[113,128,142,57,57,82,30,50,98,126,136,136,169,189,189,266,266,281,260,13,13,30,30,46,46,46,0,17,17,17,33,33,104,104,118,1117,1117,1117,111,111,126,140,194,32,32,32,59,81,81,89,89],"floor_reached":50,"playtime":4613,"items_purged":["Strike_B","Blizzard"],"score":1634,"play_id":"93805a70-cc90-4627-906c-46aaec9217a0","local_time":"20210101225606","is_ascension_mode":true,"campfire_choices":[{"floor":12.0,"key":"REST"},{"floor":15.0,"key":"REST"},{"floor":23.0,"key":"REST"},{"data":"Buffer","floor":25,"key":"SMITH"},{"data":"Hologram","floor":32,"key":"SMITH"},{"data":"Loop","floor":40,"key":"SMITH"},{"data":"Loop","floor":45,"key":"SMITH"},{"data":"Fusion","floor":49,"key":"SMITH"}],"circlet_count":0,"master_deck":["AscendersBane","Strike_B+1","Strike_B+1","Zap","Dualcast","Reinforced Body","Reinforced Body","Hologram+1","Steam+1","Multi-Cast","Lockon","Compile Driver","Rebound","Steam","Consume","Conserve Battery","Loop+1","Genetic Algorithm","Turbo","ReplaySort","Fusion+1","ReplaySolidLightProjector","Redo","Genetic Algorithm","Core Surge+1","Buffer+1","Double Energy","Coolheaded","Undo","Redo","Loop+1","Hyperbeam","Skim","Genetic Algorithm","Leap","Hyperbeam","Core Surge+1","Aggregate+1","Auto Shields+1","Hologram","Self Repair","Mind Blast","ReplayUltimateDefense","Cold Snap","ReplayTheSpireMod:Reroute Power","Turbo+1","Redo","Leap","Redo","Force Field+1","Hologram+1","Loop","Hologram","Double Energy"],"relics":["Cracked Core","Raider\u0027s Mask","Art of War","ReplayTheSpireMod:Shallot","Replay:PocketPolymizer","Symbiotic Virus","Prayer Wheel","Simple Rune","MealTicket","Singing Bowl","Solar Panel","Omamori","Thread and Needle","Mummified Hand","Sozu","MerchantsRug","Replay:Wax Seal","Whetstone","ClockworkSouvenir","Bag of Preparation","Orrery","Replay:Bandana"],"acts_visited":["Exordium","TheCity","TheBeyond"],"potions_floor_usage":[47],"damage_taken":[{"damage":0.0,"enemies":"Cultist","floor":1.0,"turns":3.0},{"damage":0.0,"enemies":"2 Louse","floor":2.0,"turns":2.0},{"damage":0.0,"enemies":"Jaw Worm","floor":3.0,"turns":3.0},{"damage":6.0,"enemies":"Gremlin Nob","floor":6.0,"turns":4.0},{"damage":0.0,"enemies":"2 Fungi Beasts","floor":8.0,"turns":3.0},{"damage":12.0,"enemies":"3 Sentries","floor":10.0,"turns":6.0},{"damage":0.0,"enemies":"Looter","floor":11.0,"turns":3.0},{"damage":0.0,"enemies":"Gremlin Nob","floor":13.0,"turns":3.0},{"damage":11.0,"enemies":"Large Slime","floor":14.0,"turns":4.0},{"damage":9.0,"enemies":"The Guardian","floor":16.0,"turns":5.0},{"damage":22.0,"enemies":"Spheric Guardian","floor":18.0,"turns":6.0},{"damage":10.0,"enemies":"2 Thieves","floor":19.0,"turns":4.0},{"damage":45.0,"enemies":"Chosen and Byrds","floor":22.0,"turns":11.0},{"damage":0,"enemies":"Centurion and Healer","floor":24,"turns":9},{"damage":0,"enemies":"Snake Plant","floor":28,"turns":4},{"damage":4,"enemies":"Colosseum Slavers","floor":30,"turns":5},{"damage":0,"enemies":"Snecko","floor":31,"turns":8},{"damage":0,"enemies":"Champ","floor":33,"turns":15},{"damage":0,"enemies":"3 Shapes","floor":35,"turns":2},{"damage":1,"enemies":"3 Darklings","floor":41,"turns":4},{"damage":2,"enemies":"4 Shapes","floor":42,"turns":2},{"damage":24,"enemies":"Reptomancer","floor":47,"turns":9},{"damage":27,"enemies":"Writhing Mass","floor":48,"turns":3},{"damage":67,"enemies":"Replay:Hell Engine","floor":50,"turns":24}],"seed_played":"5584291554875437046","potions_obtained":[{"floor":1.0,"key":"FocusPotion"},{"floor":10.0,"key":"Venom Potion"},{"floor":13.0,"key":"Explosive Potion"},{"floor":14.0,"key":"Swift Potion"},{"floor":31,"key":"Energy Potion"}],"is_trial":false,"path_per_floor":["M","M","M","$","?","E","$","M","T","E","M","R","E","M","R","B",null,"M","M","$","?","M","R","M","R","T","$","M","?","?","M","R","B",null,"M","?","?","?","$","R","M","M","T","$","R","?","E","M","R","B"],"character_chosen":"DEFECT","items_purchased":["Raider\u0027s Mask","Reinforced Body","Art of War","ReplayTheSpireMod:Shallot","Replay:PocketPolymizer","Hologram","ReplayTheSpireMod:Fabricate Wheel","Steam+1","Multi-Cast","Symbiotic Virus","Lockon","Loop","Turbo","Omamori","Thread and Needle","Coolheaded","Skim","MerchantsRug","Replay:Wax Seal","Hologram","Self Repair","Whetstone","ClockworkSouvenir","Mind Blast","ReplayUltimateDefense","Orrery"],"campfire_rested":3,"item_purchase_floors":[0,0,0,0,0,0,0,0,0,0,0,4,7,20,20,20,27,39,39,39,39,39,39,39,39,44],"current_hp_per_floor":[22,22,22,22,22,16,16,16,16,6,8,30,30,23,46,37,67,47,42,57,57,13,37,40,40,40,55,56,56,52,55,55,55,79,79,79,79,79,83,83,83,85,85,89,89,89,83,56,56,0,0],"gold":89,"neow_bonus":"","is_daily":false,"chose_seed":false,"campfire_upgraded":5,"win_rate":0.0,"timestamp":1609541766,"path_taken":["M","M","?","?","?","E","$","M","T","E","M","R","E","M","R","BOSS","M","M","?","?","M","R","M","R","T","$","M","?","?","?","R","BOSS","M","?","?","?","$","R","M","M","T","$","R","?","E","M","R","BOSS"],"items_purchased_type":["Relic","Card","Relic","Relic","Relic","Card","Card","Card","Card","Relic","Card","Card","Card","Relic","Relic","Card","Card","Relic","Relic","Card","Card","Relic","Relic","Card","Card","Relic"],"build_version":"2020-12-22","purchased_purges":2,"victory":false,"max_hp_per_floor":[71,71,71,71,71,71,71,71,71,73,75,75,75,77,77,77,77,79,83,83,83,83,83,85,85,85,85,85,85,85,87,87,87,87,87,87,87,83,83,83,83,87,87,89,89,89,91,91,91,91,91],"relic_stats":{"Sozu":2,"Singing Bowl":38,"counters":[153,718],"Mummified Hand":[25],"Prayer Wheel":16,"MealTicket":36,"Art of War":[52],"Bag of Preparation":[6],"Whetstone":["Core Surge","Core Surge"],"obtain_stats":[{"Ice Cream":0,"Divine Protection":40,"Golden Egg":0,"CeramicFish":31,"Vajra":9,"Runic Capacitor":0,"Raider\u0027s Mask":0,"Whetstone":39,"Boot":22,"FrozenCore":0,"Sozu":17,"Centennial Puzzle":27,"Replay:Frozen Program":0,"DollysMirror":31,"Strawberry":9,"Prayer Wheel":18,"MealTicket":9,"Iron Hammer":23,"HandDrill":0,"Kunai":25,"Replay:Wax Seal":39,"Replay:Bottled Steam":7,"MerchantsRug":39,"Happy Flower":19,"Blue Candle":25,"Oddly Smooth Stone":0,"Velvet Choker":17,"Pen Nib":6,"Akabeko":8,"Cables":0,"WarpedTongs":4,"SlaversCollar":34,"OrangePellets":0,"Replay:Baseball":8,"Bottled Flame":9,"ReplayTheSpireMod:Shallot":38,"Shuriken":9,"Simple Rune":6,"ReplayTheSpireMod:TigerMarble":8,"Symbiotic Virus":0,"StrikeDummy":44,"ReplayTheSpireMod:DimensionalGlitch":17,"Meat on the Bone":11,"Darkstone Periapt":30,"Solar Panel":13,"Lantern":0,"Replay:PocketPolymizer":13,"Torii":0,"Singing Bowl":0,"Blue Doll":27,"Juzu Bracelet":26,"Bag of Preparation":43,"Replay:Mystery Machine":19,"Ancient Tea Set":14,"Smiling Mask":9,"ClockworkSouvenir":39,"Emotion Chip":0,"Dream Catcher":29,"Replay:Bandana":47,"Nunchaku":6,"TheAbacus":3,"Mummified Hand":9,"Gambling Chip":6,"Tiny Chest":0,"WingedGreaves":31,"Red Mask":20,"Replay:Bottled Snecko":48,"Cracked Core":0,"InkBottle":23,"BargainBundle":0,"Golden Idol":2,"Thread and Needle":20,"PreservedInsect":28,"Geode":6,"Omamori":41,"MawBank":12,"Mercury Hourglass":6,"Nuclear Battery":17,"Peace Pipe":14,"DataDisk":25,"Busted Crown":17,"Orrery":0,"Turnip":21,"Garlic":0,"Art of War":3,"Snack Pack":6,"Coffee Dripper":34,"Membership Card":38,"ReplayTheSpireMod:Lightbulb":0,"TungstenRod":23,"Toy Ornithopter":11},{"Ice Cream":18,"Divine Protection":52,"Golden Egg":76,"CeramicFish":46,"Vajra":61,"Runic Capacitor":25,"Raider\u0027s Mask":129,"Whetstone":148,"Boot":112,"FrozenCore":67,"Sozu":9,"Centennial Puzzle":114,"Replay:Frozen Program":25,"DollysMirror":17,"Strawberry":71,"Prayer Wheel":86,"MealTicket":134,"Iron Hammer":89,"HandDrill":25,"Kunai":14,"Replay:Wax Seal":148,"Replay:Bottled Steam":98,"MerchantsRug":148,"Happy Flower":10,"Blue Candle":113,"Oddly Smooth Stone":0,"Velvet Choker":39,"Pen Nib":23,"Akabeko":107,"Cables":0,"WarpedTongs":68,"SlaversCollar":47,"OrangePellets":95,"Replay:Baseball":61,"Bottled Flame":98,"ReplayTheSpireMod:Shallot":50,"Shuriken":6,"Simple Rune":133,"ReplayTheSpireMod:TigerMarble":35,"Symbiotic Virus":28,"StrikeDummy":125,"ReplayTheSpireMod:DimensionalGlitch":139,"Meat on the Bone":7,"Darkstone Periapt":17,"Solar Panel":137,"Lantern":28,"Replay:PocketPolymizer":84,"Torii":0,"Singing Bowl":0,"Blue Doll":91,"Juzu Bracelet":44,"Bag of Preparation":150,"Replay:Mystery Machine":111,"Ancient Tea Set":8,"Smiling Mask":107,"ClockworkSouvenir":148,"Emotion Chip":0,"Dream Catcher":45,"Replay:Bandana":54,"Nunchaku":80,"TheAbacus":78,"Mummified Hand":35,"Gambling Chip":5,"Tiny Chest":18,"WingedGreaves":117,"Red Mask":11,"Replay:Bottled Snecko":127,"Cracked Core":0,"InkBottle":43,"BargainBundle":76,"Golden Idol":68,"Thread and Needle":141,"PreservedInsect":16,"Geode":33,"Omamori":123,"MawBank":84,"Mercury Hourglass":70,"Nuclear Battery":110,"Peace Pipe":38,"DataDisk":44,"Busted Crown":85,"Orrery":0,"Turnip":41,"Garlic":56,"Art of War":96,"Snack Pack":105,"Coffee Dripper":118,"Membership Card":50,"ReplayTheSpireMod:Lightbulb":101,"TungstenRod":13,"Toy Ornithopter":108},{"Ice Cream":76,"Divine Protection":261,"Golden Egg":371,"CeramicFish":213,"Vajra":317,"Runic Capacitor":103,"Raider\u0027s Mask":576,"Whetstone":676,"Boot":506,"FrozenCore":343,"Sozu":31,"Centennial Puzzle":512,"Replay:Frozen Program":103,"DollysMirror":66,"Strawberry":358,"Prayer Wheel":410,"MealTicket":591,"Iron Hammer":426,"HandDrill":103,"Kunai":50,"Replay:Wax Seal":676,"Replay:Bottled Steam":457,"MerchantsRug":676,"Happy Flower":35,"Blue Candle":509,"Oddly Smooth Stone":0,"Velvet Choker":164,"Pen Nib":97,"Akabeko":485,"Cables":0,"WarpedTongs":346,"SlaversCollar":227,"OrangePellets":449,"Replay:Baseball":317,"Bottled Flame":457,"ReplayTheSpireMod:Shallot":241,"Shuriken":18,"Simple Rune":588,"ReplayTheSpireMod:TigerMarble":144,"Symbiotic Virus":113,"StrikeDummy":554,"ReplayTheSpireMod:DimensionalGlitch":612,"Meat on the Bone":21,"Darkstone Periapt":66,"Solar Panel":603,"Lantern":113,"Replay:PocketPolymizer":397,"Torii":0,"Singing Bowl":0,"Blue Doll":436,"Juzu Bracelet":192,"Bag of Preparation":682,"Replay:Mystery Machine":503,"Ancient Tea Set":24,"Smiling Mask":485,"ClockworkSouvenir":676,"Emotion Chip":0,"Dream Catcher":204,"Replay:Bandana":278,"Nunchaku":383,"TheAbacus":376,"Mummified Hand":144,"Gambling Chip":15,"Tiny Chest":76,"WingedGreaves":521,"Red Mask":36,"Replay:Bottled Snecko":562,"Cracked Core":0,"InkBottle":186,"BargainBundle":371,"Golden Idol":346,"Thread and Needle":622,"PreservedInsect":61,"Geode":130,"Omamori":543,"MawBank":397,"Mercury Hourglass":355,"Nuclear Battery":499,"Peace Pipe":158,"DataDisk":192,"Busted Crown":406,"Orrery":0,"Turnip":173,"Garlic":298,"Art of War":451,"Snack Pack":478,"Coffee Dripper":526,"Membership Card":241,"ReplayTheSpireMod:Lightbulb":467,"TungstenRod":46,"Toy Ornithopter":488}]},"card_choices":[{"not_picked":["Stack","ReplayTheSpireMod:Repulse"],"picked":"Compile Driver","floor":1.0},{"not_picked":["Ball Lightning","Skim"],"picked":"Rebound","floor":1.0},{"not_picked":["BasicCrystalCard","Coolheaded"],"picked":"Steam","floor":2.0},{"not_picked":["Compile Driver","Beam Cell"],"picked":"Consume","floor":2.0},{"not_picked":["Cold Snap","Time Bomb"],"picked":"Conserve Battery","floor":3.0},{"not_picked":["Heatsinks","Melter","Barrage"],"picked":"SKIP","floor":3.0},{"not_picked":["Compile Driver","Fusion"],"picked":"Genetic Algorithm","floor":6.0},{"not_picked":["Chill","Beam Cell"],"picked":"ReplaySort","floor":8.0},{"not_picked":["Barrage","Sweeping Beam","Rebound"],"picked":"SKIP","floor":8.0},{"not_picked":["Tempest","Creative AI","Reprogram"],"picked":"Singing Bowl","floor":10.0},{"not_picked":["Rebound","Cold Snap"],"picked":"Fusion","floor":11.0},{"not_picked":["Panic Button","Coolheaded","Leap"],"picked":"Singing Bowl","floor":11.0},{"not_picked":["ReplaySort","Stack"],"picked":"Redo","floor":13.0},{"not_picked":["Steam","Cold Snap","Compile Driver"],"picked":"Singing Bowl","floor":14.0},{"not_picked":["Reprogram","Coolheaded"],"picked":"Genetic Algorithm","floor":14.0},{"not_picked":["Thunder Strike","Mirror Shield"],"picked":"Buffer","floor":16.0},{"not_picked":["BasicCrystalCard","Rebound"],"picked":"Double Energy","floor":18.0},{"not_picked":["Turbo","Panic Button","Ball Lightning"],"picked":"Singing Bowl","floor":18.0},{"not_picked":["Storm","Glacier","Steam"],"picked":"Singing Bowl","floor":19.0},{"not_picked":["Panic Button","ReplayTheSpireMod:Omega Cannon","Time Bomb"],"picked":"Singing Bowl","floor":19.0},{"not_picked":["Consume+1","Hello World"],"picked":"Undo","floor":22.0},{"not_picked":["ReplayGash","Static Discharge"],"picked":"Redo","floor":22.0},{"not_picked":["Gash","ReplayTheSpireMod:System Scan","Cold Snap"],"picked":"Singing Bowl","floor":24},{"not_picked":["Cold Snap+1","Fusion+1"],"picked":"Loop","floor":24},{"not_picked":["Conserve Battery","Heatsinks"],"picked":"Genetic Algorithm","floor":28},{"not_picked":["FIFO Queue+1","Cold Snap"],"picked":"Leap","floor":28},{"not_picked":["Defragment","Blizzard"],"picked":"Hyperbeam","floor":31},{"not_picked":["Ball Lightning","Beam Cell+1","Steam"],"picked":"Singing Bowl","floor":31},{"not_picked":["Creative AI","Fission"],"picked":"Core Surge","floor":33},{"not_picked":["Chill","Cold Snap"],"picked":"Aggregate+1","floor":35},{"not_picked":["Cold Snap","Go for the Eyes"],"picked":"Auto Shields+1","floor":35},{"not_picked":["ReplayTheSpireMod:Calculation Training","Ball Lightning"],"picked":"ReplayTheSpireMod:Reroute Power","floor":41},{"not_picked":["ReplaySolidLightProjector","Barrage+1"],"picked":"Turbo+1","floor":41},{"not_picked":["Gash","Sweeping Beam","Force Field"],"picked":"Singing Bowl","floor":42},{"not_picked":["Streamline","Skim","Aggregate"],"picked":"Singing Bowl","floor":42},{"not_picked":["Compile Driver","Turbo"],"picked":"Redo","floor":44},{"not_picked":["Turbo","Rebound"],"picked":"Leap","floor":44},{"not_picked":["Turbo+1","Beam Cell+1"],"picked":"Redo","floor":44},{"not_picked":["Aggregate","ReplayGash+1"],"picked":"Force Field+1","floor":44},{"not_picked":["Panic Button+1","Electrodynamics","Cold Snap"],"picked":"Singing Bowl","floor":44},{"not_picked":["Storm+1","Cold Snap+1","Panic Button+1"],"picked":"Singing Bowl","floor":47},{"not_picked":["Chill+1","Double Energy"],"picked":"Loop","floor":48},{"not_picked":["Hello World","Blizzard+1"],"picked":"Hologram","floor":48}],"player_experience":1352034,"relics_obtained":[{"floor":6.0,"key":"Simple Rune"},{"floor":9.0,"key":"MealTicket"},{"floor":10.0,"key":"Singing Bowl"},{"floor":13.0,"key":"Solar Panel"},{"floor":26,"key":"Mummified Hand"},{"floor":43,"key":"Bag of Preparation"},{"floor":47,"key":"Replay:Bandana"}],"event_choices":[{"damage_healed":0.0,"max_hp_gain":0.0,"max_hp_loss":0.0,"gold_gain":0.0,"event_name":"Match and Keep!","player_choice":"1 cards matched","floor":5.0,"gold_loss":0.0,"damage_taken":0.0,"cards_obtained":["Fission"]},{"damage_healed":0.0,"max_hp_gain":0.0,"max_hp_loss":0.0,"gold_gain":0.0,"event_name":"Ghosts","player_choice":"Ignored","floor":21.0,"gold_loss":0.0,"damage_taken":0.0},{"damage_healed":0,"gold_gain":0,"player_choice":"Ignored","damage_taken":0,"max_hp_gain":0,"max_hp_loss":0,"event_name":"Cursed Tome","floor":29,"gold_loss":0},{"damage_healed":0,"gold_gain":0,"player_choice":"Fight","damage_taken":0,"max_hp_gain":0,"max_hp_loss":0,"event_name":"Colosseum","floor":30,"gold_loss":0},{"damage_healed":0,"gold_gain":0,"player_choice":"Fled From Nobs","damage_taken":0,"max_hp_gain":0,"max_hp_loss":0,"event_name":"Colosseum","floor":30,"gold_loss":0},{"damage_healed":0,"gold_gain":999,"player_choice":"Gold","damage_taken":0,"max_hp_gain":0,"max_hp_loss":0,"event_name":"MindBloom","floor":36,"gold_loss":0,"cards_obtained":["Normality","Normality"]},{"damage_healed":0,"gold_gain":0,"player_choice":"Ignored","damage_taken":0,"max_hp_gain":0,"max_hp_loss":0,"event_name":"Mysterious Sphere","floor":37,"gold_loss":0},{"damage_healed":0,"gold_gain":0,"player_choice":"Max HP","damage_taken":0,"max_hp_gain":0,"max_hp_loss":4,"event_name":"Winding Halls","floor":38,"gold_loss":0},{"damage_healed":0,"gold_gain":0,"player_choice":"Copied","damage_taken":0,"max_hp_gain":0,"max_hp_loss":0,"event_name":"Duplicator","floor":46,"gold_loss":0,"cards_obtained":["Hologram"]}],"is_beta":false,"boss_relics":[{"not_picked":["Replay:Drink Me","Busted Crown"],"picked":"ReplayTheSpireMod:DimensionalGlitch"},{"not_picked":["Calling Bell","Pandora\u0027s Box"],"picked":"Sozu"}],"items_purged_floors":[0,39],"is_endless":false,"potions_floor_spawned":[1,10,13,14,30,31,41,48],"killed_by":"Replay:Hell Engine","ascension_level":20}}