{"host":"ishme5wb80o83upk","time":1609464484,"event":{"mods":["Arknights The Spire","BaseMod","Minty Spire (QoL Compilation)","StSLib"],"gold_per_floor":[11,11,11,22,40,40,374,374,374,374,387,413,413,426,426,523,523,535,545,545,555,624,656,656,686,710,738,703,713,713,747,747,849,849,864,914,839,899,949,949,977,977,977],"floor_reached":42,"playtime":2114,"items_purged":["ats:Strike G"],"score":702,"play_id":"81013db9-61fb-4612-9ad7-4a37ede9ee3d","local_time":"20210101102804","is_ascension_mode":true,"campfire_choices":[{"data":"ats:Cat Scratch","floor":6.0,"key":"SMITH"},{"data":"ats:Red Shift","floor":8.0,"key":"SMITH"},{"data":"Pain","floor":13.0,"key":"PURGE"},{"data":"ats:Soul Rend","floor":15.0,"key":"SMITH"},{"data":"ats:Red Shift","floor":24,"key":"SMITH"},{"data":"ats:Strike S","floor":30,"key":"PURGE"},{"data":"ats:Strike C","floor":32,"key":"PURGE"},{"data":"ats:Soul Rend","floor":40,"key":"SMITH"}],"circlet_count":0,"master_deck":["ats:Armor Crushing Shot","ats:Defend","ats:Defend","ats:Emotion Absorption","ats:Composite Medical Shells","ats:Soul Rend+1","ats:Closed Bolt Burst Fire+1","ats:Automatic Cover","ats:Cat Scratch+1","ats:Red Shift+1","ats:Charging Defense","ats:Red Shift+1","ats:Nebulous Foxfire","ats:Charging Defense","ats:Chain Hook+1","ats:Defend Order","ats:Soul Rend+1","ats:Shadow Assault"],"relics":["ats:Sanity","ats:Originium","Old Coin","Peace Pipe","WarpedTongs","Thread and Needle","SacredBark","SsserpentHead","InkBottle","Matryoshka","ats:Industrial Water Cannon","Potion Belt","ats:Hidden Killer","Happy Flower","Oddly Smooth Stone","Runic Pyramid","Centennial Puzzle"],"acts_visited":["Exordium","TheCity","TheBeyond"],"potions_floor_usage":[23,27,31,33],"damage_taken":[{"damage":7.0,"enemies":"Small Slimes","floor":1.0,"turns":5.0},{"damage":6.0,"enemies":"Cultist","floor":4.0,"turns":3.0},{"damage":2.0,"enemies":"Jaw Worm","floor":5.0,"turns":4.0},{"damage":15.0,"enemies":"3 Sentries","floor":7.0,"turns":6.0},{"damage":10.0,"enemies":"Red Slaver","floor":11.0,"turns":3.0},{"damage":11.0,"enemies":"Gremlin Nob","floor":12.0,"turns":3.0},{"damage":13.0,"enemies":"Lots of Slimes","floor":14.0,"turns":4.0},{"damage":14.0,"enemies":"Hexaghost","floor":16.0,"turns":11.0},{"damage":26.0,"enemies":"2 Thieves","floor":18.0,"turns":5.0},{"damage":1,"enemies":"3 Byrds","floor":19,"turns":5},{"damage":48,"enemies":"3 Cultists","floor":21,"turns":5},{"damage":27,"enemies":"Shelled Parasite and Fungi","floor":22,"turns":9},{"damage":40,"enemies":"Slavers","floor":23,"turns":4},{"damage":48,"enemies":"Book of Stabbing","floor":25,"turns":7},{"damage":53,"enemies":"Gremlin Leader","floor":27,"turns":8},{"damage":3,"enemies":"Snecko","floor":29,"turns":3},{"damage":40,"enemies":"Slavers","floor":31,"turns":4},{"damage":0,"enemies":"Automaton","floor":33,"turns":8},{"damage":10,"enemies":"Orb Walker","floor":35,"turns":5},{"damage":34,"enemies":"3 Shapes","floor":38,"turns":7},{"damage":123,"enemies":"Giant Head","floor":41,"turns":11},{"damage":44,"enemies":"Sphere and 2 Shapes","floor":42,"turns":3}],"seed_played":"-1545799223624382453","potions_obtained":[{"floor":1.0,"key":"SteroidPotion"},{"floor":3.0,"key":"FairyPotion"},{"floor":3.0,"key":"Swift Potion"},{"floor":11.0,"key":"FearPotion"},{"floor":12.0,"key":"Strength Potion"},{"floor":25,"key":"ats:Emergency Sanity Potion"},{"floor":27,"key":"PowerPotion"},{"floor":31,"key":"Strength Potion"},{"floor":35,"key":"Ancient Potion"},{"floor":41,"key":"Strength Potion"}],"is_trial":false,"path_per_floor":["M","?","?","M","M","R","E","R","T","?","M","E","R","M","R","B",null,"M","M","?","M","M","E","R","E","T","E","?","M","R","E","R","B",null,"M","?","$","M","?","R","E","M"],"character_chosen":"DOCTOR_CLASS","items_purchased":[],"campfire_rested":0,"item_purchase_floors":[],"current_hp_per_floor":[67,67,67,62,60,60,48,48,48,48,50,43,43,35,35,51,72,58,69,69,44,40,20,20,43,43,37,37,49,49,35,35,69,72,65,65,65,53,53,53,27,11,11],"gold":977,"neow_bonus":"TRANSFORM_TWO_CARDS","is_daily":false,"chose_seed":false,"campfire_upgraded":5,"win_rate":0.0,"timestamp":1609464484,"path_taken":["M","?","?","M","?","R","E","R","T","?","M","E","R","M","R","BOSS","M","M","?","M","?","E","R","E","T","E","?","M","R","E","R","BOSS","M","?","$","?","?","R","E","M"],"items_purchased_type":[],"build_version":"2020-12-22","purchased_purges":1,"victory":false,"max_hp_per_floor":[72,72,72,72,72,72,72,72,72,72,72,72,72,72,72,72,72,72,72,72,72,72,72,72,72,72,72,72,72,72,72,72,72,72,72,72,72,72,72,72,72,72,72],"card_choices":[{"not_picked":["ats:Cat Scratch","ats:Apocalypse"],"picked":"ats:Closed Bolt Burst Fire","floor":1.0},{"not_picked":["ats:Hammer On","ats:Shadow Raid"],"picked":"ats:Automatic Cover","floor":4.0},{"not_picked":["ats:Sword Rain","ats:Curse Doll"],"picked":"ats:Cat Scratch","floor":5.0},{"not_picked":["ats:Steam Pump","ats:Poison Spread"],"picked":"ats:Red Shift","floor":7.0},{"not_picked":["ats:Neurotoxin","ats:Powerful Strike","ats:Assault Order"],"picked":"SKIP","floor":11.0},{"not_picked":["ats:Very Hot Blade","ats:Flexible Camouflage"],"picked":"ats:Charging Defense","floor":12.0},{"not_picked":["ats:Counter Healing Mode","ats:Blood Oath"],"picked":"ats:Red Shift","floor":14.0},{"not_picked":["ats:Dogmatic Field","ats:Ambush"],"picked":"ats:Nebulous Foxfire","floor":16.0},{"not_picked":["ats:Flexible Camouflage+1","ats:Consecutive Shot Auto","ats:Leaping Hammer"],"picked":"SKIP","floor":18.0},{"not_picked":["ats:Cat Scratch","ats:Ignite","ats:Sunburst"],"picked":"SKIP","floor":19},{"not_picked":["ats:Magnetic Hammer","ats:Childhood Dance","ats:Demon Strength"],"picked":"SKIP","floor":21},{"not_picked":["ats:Curse Doll","ats:Mental Burst"],"picked":"ats:Charging Defense","floor":22},{"not_picked":["ats:Durian","ats:Rapid Magazine"],"picked":"ats:Chain Hook+1","floor":23},{"not_picked":["ats:Revitalization","ats:Explosion Area Strengthen","ats:Roar Of Ursus"],"picked":"SKIP","floor":25},{"not_picked":["ats:Mental Burst+1","ats:Directed Diagnosis","ats:Beaten Up"],"picked":"SKIP","floor":27},{"not_picked":["ats:Curse Doll","ats:Powerful Strike","ats:Assault Order"],"picked":"SKIP","floor":29},{"not_picked":["ats:Flame Of Heaven","ats:Volcano"],"picked":"ats:Defend Order","floor":31},{"not_picked":["ats:Fractured Body","ats:Ambush"],"picked":"ats:Soul Rend","floor":33},{"not_picked":["ats:Hook Shot","ats:Thermite Blade","ats:Leaping Hammer+1"],"picked":"SKIP","floor":35},{"not_picked":["ats:Guardian Obelisk","ats:Hammer On","ats:Consecutive Shot Auto+1"],"picked":"SKIP","floor":38},{"not_picked":["ats:Powerful Strike","ats:Hook Shot+1","ats:Thermite Blade+1"],"picked":"SKIP","floor":41}],"player_experience":1073113,"relics_obtained":[{"floor":7.0,"key":"ats:Originium"},{"floor":7.0,"key":"Old Coin"},{"floor":9.0,"key":"Peace Pipe"},{"floor":12.0,"key":"ats:Originium"},{"floor":12.0,"key":"Thread and Needle"},{"floor":23,"key":"ats:Originium"},{"floor":23,"key":"InkBottle"},{"floor":25,"key":"Matryoshka"},{"floor":26,"key":"ats:Industrial Water Cannon"},{"floor":26,"key":"Potion Belt"},{"floor":27,"key":"ats:Hidden Killer"},{"floor":31,"key":"Oddly Smooth Stone"},{"floor":41,"key":"Centennial Puzzle"}],"event_choices":[{"damage_healed":0.0,"max_hp_gain":0.0,"max_hp_loss":0.0,"gold_gain":0.0,"event_name":"Living Wall","player_choice":"Grow","floor":2.0,"gold_loss":0.0,"damage_taken":0.0,"cards_upgraded":["ats:Closed Bolt Burst Fire"]},{"damage_healed":0.0,"max_hp_gain":0.0,"max_hp_loss":0.0,"gold_gain":0.0,"event_name":"Lab","player_choice":"Got Potions","floor":3.0,"gold_loss":0.0,"damage_taken":0.0},{"damage_healed":0.0,"max_hp_gain":0.0,"max_hp_loss":0.0,"gold_gain":0.0,"event_name":"Accursed Blacksmith","player_choice":"Rummage","floor":10.0,"gold_loss":0.0,"damage_taken":0.0,"relics_obtained":["WarpedTongs"],"cards_obtained":["Pain"]},{"damage_healed":0,"gold_gain":0,"player_choice":"Trade","damage_taken":0,"relics_obtained":["SsserpentHead"],"max_hp_gain":0,"max_hp_loss":0,"event_name":"FaceTrader","floor":20,"gold_loss":0},{"damage_healed":0,"gold_gain":0,"player_choice":"Obtained Relic","damage_taken":0,"relics_obtained":["Happy Flower"],"max_hp_gain":0,"max_hp_loss":0,"event_name":"Addict","floor":28,"gold_loss":85},{"cards_removed":["ats:Defend"],"damage_healed":0,"gold_gain":0,"player_choice":"Purged","damage_taken":0,"max_hp_gain":0,"max_hp_loss":0,"event_name":"Purifier","floor":36,"gold_loss":0},{"damage_healed":0,"gold_gain":0,"player_choice":"1 cards matched","damage_taken":0,"max_hp_gain":0,"max_hp_loss":0,"event_name":"Match and Keep!","floor":39,"gold_loss":0,"cards_obtained":["ats:Shadow Assault"]}],"is_beta":false,"boss_relics":[{"not_picked":["ats:Sanity Plus","Black Star"],"picked":"SacredBark"},{"not_picked":["Snecko Eye","Calling Bell"],"picked":"Runic Pyramid"}],"items_purged_floors":[37],"is_endless":false,"potions_floor_spawned":[1,11,12,14,16,18,22,25,27,31,35,41],"killed_by":"Sphere and 2 Shapes","ascension_level":4}}