{"host":"w5c60nchricmn3zb","time":1609482693,"event":{"mods":["BaseMod","Conspire","Downfall","Duelist Mod","Hermit","Infinite Spire","Minty Spire (QoL Compilation)","Permanent Neow","Random Character Button","Relic Sorter","Replay The Spire","StSLib","The Cursed","The Jungle","The Marked","The Runesmith","The Servant 0.9.4","The Wild Card"],"gold_per_floor":[109,109,128,138,138,173,173,18,98,8,25,43,57,87,87,191,191,201,212,236,236,236,236,253,288,356,33,133,133,133,152,152,152,152],"floor_reached":33,"playtime":1702,"items_purged":["hermit:Defend_Hermit","hermit:Defend_Hermit","hermit:Defend_Hermit"],"score":300,"play_id":"a908ddb4-2521-409b-8f34-889102fcdef2","local_time":"20210101013133","is_ascension_mode":false,"campfire_choices":[{"floor":7,"key":"REST"},{"floor":15,"key":"REST"},{"floor":23,"key":"REST"},{"floor":29,"key":"REST"},{"floor":32,"key":"REST"},{"data":"hermit:Combo","floor":32,"key":"SMITH"}],"circlet_count":0,"master_deck":["hermit:Strike_Hermit","hermit:Strike_Hermit","hermit:Strike_Hermit","hermit:Strike_Hermit","hermit:Snapshot","hermit:Covet","hermit:Magnum","hermit:WideOpen","hermit:Glare","hermit:Reprieve","hermit:Spite","Dramatic Entrance","hermit:Glare","hermit:CalledShot","hermit:Determination","hermit:Snipe+1","hermit:CalledShot","hermit:Snipe+1","Dramatic Entrance","hermit:Combo+1","hermit:DeadMansHand+1","hermit:EyeOfTheStorm+1","hermit:EyeOfTheStorm+1"],"relics":["hermit:Momento","CultistMask","Bag of Preparation","Bottled Lightning","infinitespire:CheckeredPen","Dream Catcher","Potion Belt","Vajra","Pantograph","DollysMirror","hermit:RedScarf","Kunai","infinitespire:Magic Flask"],"acts_visited":["Exordium","TheCity"],"potions_floor_usage":[16,16,24,25,28,31],"damage_taken":[{"damage":11,"enemies":"Jaw Worm","floor":1,"turns":3},{"damage":6,"enemies":"conspire:RoseBush","floor":3,"turns":2},{"damage":6,"enemies":"Cultist","floor":4,"turns":3},{"damage":29,"enemies":"3 Sentries","floor":6,"turns":8},{"damage":0,"enemies":"Large Slime","floor":11,"turns":4},{"damage":2,"enemies":"Blue Slaver","floor":12,"turns":2},{"damage":0,"enemies":"3 Louse","floor":13,"turns":2},{"damage":0,"enemies":"Gremlin Nob","floor":14,"turns":2},{"damage":30,"enemies":"Fading Forest","floor":16,"turns":11},{"damage":10,"enemies":"Spheric Guardian","floor":18,"turns":3},{"damage":15,"enemies":"2 Thieves","floor":19,"turns":3},{"damage":26,"enemies":"conspire:HollyBat","floor":24,"turns":5},{"damage":8,"enemies":"Gremlin Leader","floor":25,"turns":4},{"damage":0,"enemies":"Colosseum Slavers","floor":28,"turns":1},{"damage":34,"enemies":"Colosseum Nobs","floor":28,"turns":4},{"damage":19,"enemies":"Snake Plant","floor":31,"turns":3},{"damage":66,"enemies":"Collector","floor":33,"turns":6}],"seed_played":"6762833243516971613","potions_obtained":[{"floor":11,"key":"Adrenaline Potion"},{"floor":12,"key":"champ:CounterPotion"},{"floor":14,"key":"Strength Potion"},{"floor":18,"key":"BlessingOfTheForge"},{"floor":25,"key":"Weak Potion"},{"floor":28,"key":"SkillPotion"}],"is_trial":false,"path_per_floor":["M","?","M","M","?","E","R","$","T","$","M","M","M","E","R","B",null,"M","M","T","?","T","R","M","E","T","$","?","R","AVR","M","R","B"],"character_chosen":"HERMIT","items_purchased":["hermit:Spite","Dramatic Entrance","DollysMirror","hermit:Combo"],"campfire_rested":5,"item_purchase_floors":[8,10,27,27],"current_hp_per_floor":[43,43,37,31,31,2,24,24,24,24,28,26,26,26,48,50,75,65,50,50,50,50,72,49,41,41,41,11,33,33,14,36,0,0],"gold":152,"neow_bonus":"THREE_RARE_CARDS","is_daily":false,"chose_seed":false,"campfire_upgraded":1,"win_rate":0.0,"timestamp":1609482693,"path_taken":["M","?","?","M","?","E","R","$","T","$","M","M","M","E","R","BOSS","M","M","?","?","?","R","M","E","T","$","?","R","AVR","M","R","BOSS"],"items_purchased_type":["Card","Card","Relic","Card"],"build_version":"2020-12-22","purchased_purges":3,"victory":false,"max_hp_per_floor":[75,75,75,75,75,75,75,75,75,75,75,75,75,75,75,75,75,75,75,75,75,75,75,75,75,75,75,75,75,75,75,75,75,75],"card_choices":[{"not_picked":["hermit:Dissolve","hermit:DeadOrAlive"],"picked":"hermit:Magnum","floor":0},{"not_picked":["hermit:Snipe","hermit:HoleUp","hermit:TakeCover"],"picked":"SKIP","floor":1},{"not_picked":["hermit:Vantage","hermit:Desperado"],"picked":"hermit:WideOpen","floor":3},{"not_picked":["hermit:CursedWeapon","hermit:Dive"],"picked":"hermit:Glare","floor":4},{"not_picked":["hermit:Scavenge","hermit:Combo"],"picked":"hermit:Reprieve","floor":6},{"not_picked":["hermit:GhostlyPresence","hermit:HighCaliber"],"picked":"hermit:Glare","floor":11},{"not_picked":["hermit:Cheat","hermit:Coalescence","hermit:Virtue"],"picked":"SKIP","floor":12},{"not_picked":["hermit:Manifest","hermit:Feint","hermit:Misfire"],"picked":"SKIP","floor":13},{"not_picked":["hermit:DeadMansHand","hermit:HighCaliber"],"picked":"hermit:CalledShot","floor":14},{"not_picked":["hermit:BodyArmor","hermit:NoHoldsBarred"],"picked":"hermit:Determination","floor":18},{"not_picked":["hermit:BigShot","hermit:Determination+1"],"picked":"hermit:Snipe+1","floor":19},{"not_picked":["hermit:ItchyTrigger","hermit:NoHoldsBarred"],"picked":"hermit:CalledShot","floor":23},{"not_picked":["hermit:LowProfile","hermit:GoldenBullet"],"picked":"hermit:Snipe+1","floor":24},{"not_picked":["hermit:Showdown","hermit:Misfire","hermit:Cheat"],"picked":"SKIP","floor":25},{"not_picked":["hermit:Feint","hermit:Determination"],"picked":"hermit:DeadMansHand+1","floor":28},{"not_picked":["hermit:Vantage","hermit:Dive+1"],"picked":"hermit:EyeOfTheStorm+1","floor":29},{"not_picked":["hermit:TakeAim","hermit:Glare"],"picked":"hermit:EyeOfTheStorm+1","floor":31}],"player_experience":129242,"relics_obtained":[{"floor":6,"key":"Bag of Preparation"},{"floor":9,"key":"Bottled Lightning"},{"floor":14,"key":"infinitespire:CheckeredPen"},{"floor":20,"key":"Dream Catcher"},{"floor":22,"key":"Potion Belt"},{"floor":25,"key":"Vajra"},{"floor":26,"key":"Pantograph"},{"floor":28,"key":"hermit:RedScarf"},{"floor":28,"key":"Kunai"}],"event_choices":[{"cards_removed":["hermit:Defend_Hermit"],"damage_healed":0,"gold_gain":0,"player_choice":"Purged","damage_taken":0,"max_hp_gain":0,"max_hp_loss":0,"event_name":"Purifier","floor":2,"gold_loss":0},{"damage_healed":0,"gold_gain":0,"player_choice":"Trade","damage_taken":0,"relics_obtained":["CultistMask"],"max_hp_gain":0,"max_hp_loss":0,"event_name":"FaceTrader","floor":5,"gold_loss":0},{"damage_healed":0,"gold_gain":0,"player_choice":"Ignored","damage_taken":0,"max_hp_gain":0,"max_hp_loss":0,"event_name":"Ghosts","floor":21,"gold_loss":0},{"damage_healed":0,"gold_gain":0,"player_choice":"Fight","damage_taken":0,"max_hp_gain":0,"max_hp_loss":0,"event_name":"Colosseum","floor":28,"gold_loss":0},{"damage_healed":0,"gold_gain":0,"player_choice":"Fought Nobs","damage_taken":0,"max_hp_gain":0,"max_hp_loss":0,"event_name":"Colosseum","floor":28,"gold_loss":0}],"is_beta":false,"boss_relics":[{"not_picked":["conspire:SeveredTorchhead","Replay:Drink Me","Replay:Bronze Core"]}],"items_purged_floors":[8,27,30],"is_endless":false,"potions_floor_spawned":[11,12,14,18,25,28],"killed_by":"Collector","ascension_level":0}}