{"host":"la7tuvtiv6v38fe3","time":1609479282,"event":{"mods":["AchievementEnabler","BaseMod","Bestiary","Colored Map","Colored Powertips","Highlight Path","Minty Spire (QoL Compilation)","Relic Stats","StSLib","ojb\u0027s Info Mod"],"gold_per_floor":[116,191,191,0,0,31,51,51,99,49,77,93,93,110,110,208,208,220,220,248,248,248],"floor_reached":21,"playtime":1663,"items_purged":[],"score":241,"play_id":"b8c762e0-b341-4415-8131-c7f0ba37dcea","local_time":"20201231213442","is_ascension_mode":true,"campfire_choices":[{"floor":8,"key":"REST"},{"data":"FollowUp","floor":13,"key":"SMITH"},{"floor":15,"key":"REST"}],"circlet_count":0,"master_deck":["Strike_P","Strike_P+1","Strike_P","Defend_P+1","Defend_P","Defend_P","Defend_P","Eruption+1","Vigilance+1","SashWhip+1","Pray","Adaptation","SashWhip","LessonLearned","FollowUp+1","Evaluate","Brilliance+1","BowlingBash+1","ThirdEye"],"relics":["Sozu","Damaru","Omamori","Centennial Puzzle","Blue Candle","Cursed Key","Red Mask"],"acts_visited":["Exordium","TheCity"],"potions_floor_usage":[],"damage_taken":[{"damage":0,"enemies":"2 Louse","floor":1,"turns":2},{"damage":20,"enemies":"Lagavulin","floor":6,"turns":8},{"damage":0,"enemies":"Small Slimes","floor":7,"turns":3},{"damage":30,"enemies":"Gremlin Nob","floor":11,"turns":5},{"damage":0,"enemies":"Jaw Worm","floor":12,"turns":4},{"damage":4,"enemies":"2 Fungi Beasts","floor":14,"turns":3},{"damage":31,"enemies":"The Guardian","floor":16,"turns":12},{"damage":18,"enemies":"3 Byrds","floor":18,"turns":5},{"damage":39,"enemies":"Masked Bandits","floor":20,"turns":6},{"damage":7,"enemies":"Spheric Guardian","floor":21,"turns":3}],"seed_played":"-8417094833522909133","potions_obtained":[],"is_trial":false,"path_per_floor":["M","?","?","$","?","E","M","R","T","?","E","M","R","M","R","B",null,"M","?","?","M"],"character_chosen":"WATCHER","items_purchased":["Damaru","Pray"],"campfire_rested":2,"item_purchase_floors":[4,4],"current_hp_per_floor":[65,54,59,59,59,39,39,62,62,62,32,32,32,28,51,20,63,45,45,6,0,0],"gold":248,"neow_bonus":"BOSS_RELIC","is_daily":false,"chose_seed":false,"campfire_upgraded":1,"win_rate":0.0,"timestamp":1609479282,"path_taken":["M","?","?","$","?","E","M","R","T","?","E","M","R","M","R","BOSS","M","?","?","M"],"items_purchased_type":["Relic","Card"],"build_version":"2020-12-22","purchased_purges":0,"victory":false,"max_hp_per_floor":[72,72,77,77,77,77,77,77,77,77,77,77,77,77,77,77,77,77,77,77,77,77],"relic_stats":{"Sozu":3,"Centennial Puzzle":[18],"counters":[10,51],"Blue Candle":[0],"Cursed Key":0,"obtain_stats":[{"Sozu":0,"Centennial Puzzle":9,"Blue Candle":11,"Damaru":4,"Omamori":6,"Red Mask":20,"PureWater":0,"Cursed Key":17},{"Sozu":0,"Centennial Puzzle":3,"Blue Candle":4,"Damaru":1,"Omamori":2,"Red Mask":9,"PureWater":0,"Cursed Key":7},{"Sozu":0,"Centennial Puzzle":13,"Blue Candle":18,"Damaru":2,"Omamori":10,"Red Mask":48,"PureWater":0,"Cursed Key":37}]},"card_choices":[{"not_picked":["Crescendo","Sanctity"],"picked":"SashWhip","floor":1},{"not_picked":["EmptyFist","PathToVictory"],"picked":"Adaptation","floor":6},{"not_picked":["Crescendo","EmptyBody"],"picked":"SashWhip","floor":7},{"not_picked":["FlyingSleeves","DeceiveReality"],"picked":"LessonLearned","floor":11},{"not_picked":["CrushJoints","Consecrate"],"picked":"FollowUp","floor":12},{"not_picked":["EmptyFist","Sanctity"],"picked":"Evaluate","floor":14},{"not_picked":["Devotion","Ragnarok"],"picked":"Brilliance","floor":16},{"not_picked":["EmptyBody","Crescendo"],"picked":"BowlingBash+1","floor":18},{"not_picked":["CrushJoints","MentalFortress"],"picked":"ThirdEye","floor":20}],"player_experience":344489,"relics_obtained":[{"floor":6,"key":"Omamori"},{"floor":9,"key":"Centennial Puzzle"},{"floor":11,"key":"Blue Candle"},{"floor":20,"key":"Red Mask"}],"event_choices":[{"damage_healed":0,"gold_gain":75,"player_choice":"Gather Gold","damage_taken":11,"max_hp_gain":0,"max_hp_loss":0,"event_name":"World of Goop","floor":2,"gold_loss":0},{"damage_healed":0,"gold_gain":0,"player_choice":"Donut","damage_taken":0,"max_hp_gain":5,"max_hp_loss":0,"event_name":"Big Fish","floor":3,"gold_loss":0},{"damage_healed":0,"gold_gain":0,"player_choice":"Grow","damage_taken":0,"max_hp_gain":0,"max_hp_loss":0,"event_name":"Living Wall","floor":5,"gold_loss":0,"cards_upgraded":["SashWhip"]},{"cards_removed":["Strike_P"],"damage_healed":0,"gold_gain":0,"player_choice":"Card Removal","damage_taken":0,"max_hp_gain":0,"max_hp_loss":0,"event_name":"The Cleric","floor":10,"gold_loss":50},{"damage_healed":0,"gold_gain":0,"player_choice":"Ignored","damage_taken":0,"max_hp_gain":0,"max_hp_loss":0,"event_name":"Cursed Tome","floor":19,"gold_loss":0},{"damage_healed":0,"gold_gain":0,"player_choice":"Fought Bandits","damage_taken":0,"max_hp_gain":0,"max_hp_loss":0,"event_name":"Masked Bandits","floor":20,"gold_loss":0}],"is_beta":false,"boss_relics":[{"not_picked":["Tiny House","Coffee Dripper"],"picked":"Cursed Key"}],"items_purged_floors":[],"is_endless":false,"potions_floor_spawned":[6,12,16],"killed_by":"Spheric Guardian","ascension_level":6}}