{"host":"0ak89rd0rwevtqsi","time":1609499019,"event":{"mods":["Bard","BaseMod","Better Third Choice","Colored Powertips","Hermit","Hubris","Marisa????????","Minty Spire (QoL Compilation)","Prisma Mod","Replay The Spire","Robot Space Explorer","StSLib","The Bug Knight","The Dragon Tamer","The Exalted","The Jungle","The Marked","The Necromancer","The Senshi","The Servant 0.9.4"],"gold_per_floor":[118,192,10,10,25,25,50,50,50,50,65,92,92,92,92,196,196,213,213,233,251,91,91,121,121,145,145,245,245,273,293,293,394,394,408,463,476,526,134,134,163,163,163,163,195,208,104,104,104,104],"floor_reached":51,"playtime":5260,"items_purged":["DTMod:Strike","CommonCold"],"score":1020,"play_id":"6f03d67c-f1c3-4592-8307-2c57873bb7b5","local_time":"20210101110338","is_ascension_mode":false,"metric_token":1299,"campfire_choices":[{"data":"DTMod:Training","floor":6.0,"key":"SMITH"},{"data":"DTMod:ComboAttack","floor":8.0,"key":"SMITH"},{"data":"DTMod:DoubleHit","floor":10.0,"key":"SMITH"},{"data":"DTMod:Overwhelm","floor":15.0,"key":"SMITH"},{"data":"DTMod:Harmonize","floor":23.0,"key":"SMITH"},{"data":"DTMod:Training","floor":27.0,"key":"SMITH"},{"data":"DTMod:HeatWave","floor":29.0,"key":"SMITH"},{"data":"DTMod:Overwhelm","floor":32.0,"key":"SMITH"},{"data":"DTMod:MagiciansMark","floor":40,"key":"SMITH"},{"data":"DTMod:HeadStart","floor":42,"key":"SMITH"},{"data":"DTMod:SwitchingTactic","floor":44,"key":"SMITH"},{"data":"Pot Of Greed","floor":49,"key":"SMITH"}],"dtmod_dragon_data":[16,68,3,0,14,0],"circlet_count":0,"master_deck":["DTMod:Strike+1","DTMod:Strike+1","DTMod:Strike+1","DTMod:DoubleHit+1","DTMod:TargetDefense+1","DTMod:TargetDefense+1","DTMod:TargetDefense+1","DTMod:TargetDefense+1","DTMod:SwitchingTactic+1","DTMod:Overwhelm+1","DTMod:ComboAttack+1","DTMod:FlameSlash","DTMod:Overwhelm+1","DTMod:Feint","DTMod:Punisher","DTMod:QuickFly","DTMod:Training+1","DTMod:ComboAttack+1","DTMod:BuildUp+1","Flash of Steel","DTMod:HeadStart+1","DTMod:HeatWave+1","DTMod:BalancedStrike+1","DTMod:FlameSlash+1","DTMod:LightShield","DTMod:ComboAttack","DTMod:MagiciansMark+1","DTMod:MasterPlan+1","DTMod:Hide+1","DTMod:TriAttack","hubris:DuctTapeCard","DTMod:BalancedStrike+1","Pot Of Greed+1","Pot Of Greed","Pot Of Greed","DTMod:Weaken+1","DTMod:Training+1"],"relics":["DTMod:PactStone","NeowsBlessing","hubris:Metronome","Snack Pack","White Beast Statue","DTMod:SolidMemories","Gremlin Horn","Replay:Bronze Core","Bromod:ArcaneMomentum","hubris:ToyBattleship","WingedGreaves","Pear","Akabeko","SacredBark","Replay:Towering Pillar of Hats","ReplayTheSpireMod:Ring of Exchange","Ring of Greed","Replay:Wax Seal","Blue Doll","Potion Belt","hubris:DuctTape","Replay:WaspNest","Grinning Jar","hubris:Icosahedron"],"acts_visited":["Exordium","TheCity","TheBeyond"],"potions_floor_usage":[35,46,50,50,50,50,50],"damage_taken":[{"damage":0.0,"enemies":"Cultist","floor":1.0,"turns":1.0},{"damage":0.0,"enemies":"Small Slimes","floor":5.0,"turns":1.0},{"damage":0.0,"enemies":"3 Sentries","floor":7.0,"turns":2.0},{"damage":0.0,"enemies":"Jaw Worm","floor":11.0,"turns":2.0},{"damage":1.0,"enemies":"Lagavulin","floor":12.0,"turns":5.0},{"damage":0.0,"enemies":"Hexaghost","floor":16.0,"turns":8.0},{"damage":0.0,"enemies":"Chosen","floor":18.0,"turns":2.0},{"damage":0.0,"enemies":"3 Byrds","floor":20.0,"turns":2.0},{"damage":0.0,"enemies":"Snake Plant","floor":21.0,"turns":3.0},{"damage":0.0,"enemies":"Slavers","floor":24.0,"turns":3.0},{"damage":0.0,"enemies":"Colosseum Slavers","floor":28.0,"turns":2.0},{"damage":0.0,"enemies":"Colosseum Nobs","floor":28.0,"turns":2.0},{"damage":0.0,"enemies":"Replay:Snechameleon","floor":30.0,"turns":2.0},{"damage":0.0,"enemies":"3 Cultists","floor":31.0,"turns":2.0},{"damage":0.0,"enemies":"Collector","floor":33.0,"turns":3.0},{"damage":0,"enemies":"3 Darklings","floor":35,"turns":2},{"damage":13,"enemies":"2 Orb Walkers","floor":36,"turns":3},{"damage":0,"enemies":"3 Shapes","floor":37,"turns":3},{"damage":13,"enemies":"R_Hoarder","floor":41,"turns":5},{"damage":0,"enemies":"HollowMod:StalkingDevout","floor":45,"turns":2},{"damage":0,"enemies":"Jaw Worm Horde","floor":46,"turns":1},{"damage":0,"enemies":"Awakened One","floor":50,"turns":6}],"seed_played":"-984050810495740936","potions_obtained":[{"floor":1.0,"key":"LifebloodPotion"},{"floor":5.0,"key":"SteroidPotion"},{"floor":11.0,"key":"DuplicationPotion"},{"floor":16.0,"key":"AttackPotion"},{"floor":21.0,"key":"Adrenaline Potion"},{"floor":24.0,"key":"EntropicBrew"},{"floor":28.0,"key":"AttackPotion"},{"floor":31.0,"key":"DuplicationPotion"},{"floor":33.0,"key":"Ancient Potion"},{"floor":35,"key":"Cursed Concoction"},{"floor":36,"key":"Explosive Potion"},{"floor":41,"key":"Fire Potion"}],"is_trial":false,"path_per_floor":["M","T","$","?","M","R","E","R","T","R","M","E","?","$","R","B",null,"M","?","M","M","$","R","E","?","T","R","?","R","E","M","R","B",null,"M","?","M","?","$","R","E","R","T","R","E","M","$","?","R","B",null],"character_chosen":"THE_DT","items_purchased":["DTMod:ComboAttack","DTMod:FlameSlash","DTMod:Overwhelm","Gremlin Horn","Flash of Steel","Potion Belt","Strength Potion","DTMod:Hide+1","DTMod:TriAttack","Fruit Juice"],"campfire_rested":0,"item_purchase_floors":[3,3,3,14,22,39,39,39,39,47],"current_hp_per_floor":[45,45,45,45,45,45,45,45,45,45,45,44,44,28,28,30,45,45,45,45,45,45,45,45,45,45,45,55,55,55,55,55,55,55,55,44,50,50,50,50,43,43,43,43,49,53,53,53,53,55],"gold":104,"neow_bonus":"THREE_ENEMY_KILL","is_daily":false,"chose_seed":false,"campfire_upgraded":12,"win_rate":0.0,"timestamp":1609499018,"path_taken":["M","?","$","?","M","R","E","R","T","R","M","E","?","?","R","BOSS","M","?","M","M","$","R","E","?","T","R","?","R","E","M","R","BOSS","M","?","M","?","$","R","E","R","T","R","E","M","$","?","R","BOSS"],"items_purchased_type":["Card","Card","Card","Relic","Card","Relic","Potion","Card","Card","Potion"],"build_version":"2020-12-22","purchased_purges":2,"victory":true,"max_hp_per_floor":[45,45,45,45,45,45,45,45,45,45,45,45,45,45,45,45,45,45,45,45,45,45,45,45,45,45,45,55,55,55,55,55,55,55,55,55,55,55,55,55,55,55,55,55,55,55,55,55,55,55],"card_choices":[{"not_picked":["DTMod:InvisibleFlame","DTMod:MagicField"],"picked":"DTMod:Overwhelm","floor":1.0},{"not_picked":["DTMod:BlueScale","DTMod:DarkBreath"],"picked":"DTMod:Training","floor":5.0},{"not_picked":["DTMod:BurningForce","DTMod:Overwhelm"],"picked":"DTMod:Feint","floor":7.0},{"not_picked":["DTMod:CalculatedDefense","DTMod:HeatWave"],"picked":"DTMod:Punisher","floor":11.0},{"not_picked":["DTMod:BlueScale","DTMod:FlameSlash"],"picked":"DTMod:QuickFly","floor":12.0},{"not_picked":["DTMod:Inferno","DTMod:Prediction"],"picked":"DTMod:Harmonize","floor":16.0},{"not_picked":["DTMod:MaximumCharge","DTMod:Punisher","DTMod:Shift"],"picked":"SKIP","floor":18.0},{"not_picked":["DTMod:CleansingStrike+1","DTMod:RecklessFlurry"],"picked":"DTMod:ComboAttack+1","floor":20.0},{"not_picked":["DTMod:FlameSlash+1","DTMod:Training"],"picked":"DTMod:BuildUp+1","floor":21.0},{"not_picked":["DTMod:BlazingStrike+1","DTMod:Weaken"],"picked":"DTMod:HeadStart","floor":24.0},{"not_picked":["DTMod:Feint","DTMod:StunTrap"],"picked":"DTMod:HeatWave","floor":28.0},{"not_picked":["DTMod:Adaptation","DTMod:BurningForce"],"picked":"DTMod:BalancedStrike+1","floor":30.0},{"not_picked":["DTMod:MagicField+1","DTMod:BizarreTactic"],"picked":"DTMod:FlameSlash+1","floor":31.0},{"not_picked":["DTMod:HeadStart","DTMod:Inferno"],"picked":"DTMod:LightShield","floor":33.0},{"not_picked":["DTMod:SneakAttack","DTMod:Astonish"],"picked":"DTMod:ComboAttack","floor":35},{"not_picked":["DTMod:MasterPlan","DTMod:BurningEnergy+1"],"picked":"DTMod:MagiciansMark","floor":36},{"not_picked":["DTMod:BalancedStrike","DTMod:Hide+1"],"picked":"DTMod:MasterPlan+1","floor":37},{"not_picked":["DTMod:Overwhelm","DTMod:BizarreTactic"],"picked":"DTMod:BalancedStrike+1","floor":41},{"not_picked":["DTMod:GhostSkin","DTMod:Training"],"picked":"DTMod:Weaken+1","floor":45},{"not_picked":["DTMod:MasterPlan+1","DTMod:ComboAttack"],"picked":"DTMod:Training+1","floor":46}],"player_experience":451055,"relics_obtained":[{"floor":2.0,"key":"hubris:Metronome"},{"floor":7.0,"key":"Snack Pack"},{"floor":9.0,"key":"White Beast Statue"},{"floor":12.0,"key":"DTMod:SolidMemories"},{"floor":24.0,"key":"Bromod:ArcaneMomentum"},{"floor":26.0,"key":"hubris:ToyBattleship"},{"floor":28.0,"key":"WingedGreaves"},{"floor":28.0,"key":"Pear"},{"floor":30.0,"key":"Akabeko"},{"floor":36,"key":"Replay:Towering Pillar of Hats"},{"floor":38,"key":"ReplayTheSpireMod:Ring of Exchange"},{"floor":38,"key":"Ring of Greed"},{"floor":38,"key":"Replay:Wax Seal"},{"floor":38,"key":"Blue Doll"},{"floor":41,"key":"hubris:DuctTape"},{"floor":43,"key":"Replay:WaspNest"},{"floor":45,"key":"Grinning Jar"}],"event_choices":[{"damage_healed":0.0,"max_hp_gain":0.0,"max_hp_loss":0.0,"gold_gain":0.0,"event_name":"betterThird:BetterSerpent","player_choice":"Ignored","floor":13.0,"gold_loss":0.0,"damage_taken":92.0},{"damage_healed":0.0,"max_hp_gain":0.0,"max_hp_loss":0.0,"gold_gain":0.0,"event_name":"The Library","player_choice":"Read","floor":19.0,"gold_loss":0.0,"damage_taken":0.0,"cards_obtained":["DTMod:Training"]},{"damage_healed":0.0,"max_hp_gain":0.0,"max_hp_loss":6.0,"gold_gain":0.0,"event_name":"betterThird:BetterWriting","player_choice":"Simplicity","floor":25.0,"gold_loss":0.0,"damage_taken":0.0},{"damage_healed":0.0,"max_hp_gain":0.0,"max_hp_loss":0.0,"gold_gain":0.0,"event_name":"Colosseum","player_choice":"Fight","floor":28.0,"gold_loss":0.0,"damage_taken":0.0},{"damage_healed":0.0,"max_hp_gain":0.0,"max_hp_loss":0.0,"gold_gain":0.0,"event_name":"Colosseum","player_choice":"Fought Nobs","floor":28.0,"gold_loss":0.0,"damage_taken":0.0},{"damage_healed":0,"gold_gain":0,"player_choice":"Fight","damage_taken":0,"max_hp_gain":0,"max_hp_loss":0,"event_name":"Mysterious Sphere","floor":36,"gold_loss":0}],"is_beta":false,"boss_relics":[{"not_picked":["Calling Bell","hubris:BlackHole"],"picked":"Replay:Bronze Core"},{"not_picked":["Snecko Eye","hubris:GrandSneckoEye"],"picked":"SacredBark"}],"items_purged_floors":[22,39],"is_endless":false,"potions_floor_spawned":[1,5,11,12,16,18,20,21,24,28,28,30,31,33,35,36,37,41,45,46],"ascension_level":0}}