{"host":"ow66nzv2xecjoor3","time":1609467748,"event":{"mods":["BaseMod","Bestiary","Block Reminder","Colored Powertips","Curses Come First","Highlight Path","Keyboard Shortcuts","Minty Spire (QoL Compilation)","Permanent Neow","Relic Stats","StSLib","The Marked","UnlockEverythingMod"],"gold_per_floor":[115,40,53,53,0,29,29,60,85,97,112,127,157,38,38,110,110,123,201,215,28,42,42,71,71,71,84,84,114,34,67,67,141,141,154,167,185,201,215,250,270,303,327,327,344,361,391,411,411,411,411,411,411,28,58,58,58],"floor_reached":56,"playtime":3624,"items_purged":["Strike_G","Strike_G"],"score":2017,"play_id":"172c657b-bc7b-4aaf-9900-022fb47815c0","local_time":"20201231202228","is_ascension_mode":true,"campfire_choices":[{"data":"Finisher","floor":7.0,"key":"SMITH"},{"data":"Finisher","floor":15.0,"key":"SMITH"},{"floor":23.0,"key":"RECALL"},{"floor":25.0,"key":"REST"},{"floor":28.0,"key":"REST"},{"floor":32.0,"key":"REST"},{"floor":44.0,"key":"REST"},{"floor":49.0,"key":"REST"},{"floor":53.0,"key":"REST"}],"circlet_count":0,"master_deck":["AscendersBane","Strike_G","Defend_G","Defend_G","Defend_G","Defend_G+1","Defend_G+1","Survivor","Neutralize","Dash","Backstab","Finisher+1","Poisoned Stab","Blade Dance","Dagger Spray","Finisher+1","Backflip","Footwork","Burst","Calculated Gamble","Noxious Fumes","Expertise","Leg Sweep+1","Footwork","Crippling Poison+1","Burst","Deflect+1","Outmaneuver+1","Leg Sweep","Blade Dance","Backflip+1","Escape Plan","Prepared+1","Envenom","Leg Sweep"],"relics":["Ring of the Snake","Bronze Scales","Boot","Happy Flower","War Paint","Meat on the Bone","Fusion Hammer","HornCleat","Blood Vial","Shuriken","Torii","White Beast Statue","Runic Pyramid","Smiling Mask","Incense Burner","Bag of Marbles","Centennial Puzzle","Akabeko"],"acts_visited":["Exordium","TheCity","TheBeyond","TheEnding"],"potions_floor_usage":[56,56],"damage_taken":[{"damage":0.0,"enemies":"Jaw Worm","floor":1.0,"turns":5.0},{"damage":0.0,"enemies":"Cultist","floor":3.0,"turns":4.0},{"damage":10.0,"enemies":"Gremlin Nob","floor":6.0,"turns":4.0},{"damage":7.0,"enemies":"Lagavulin","floor":8.0,"turns":4.0},{"damage":0.0,"enemies":"2 Louse","floor":10.0,"turns":1.0},{"damage":0.0,"enemies":"Exordium Thugs","floor":11.0,"turns":3.0},{"damage":0.0,"enemies":"Lots of Slimes","floor":12.0,"turns":3.0},{"damage":3.0,"enemies":"Gremlin Nob","floor":13.0,"turns":3.0},{"damage":11.0,"enemies":"Slime Boss","floor":16.0,"turns":7.0},{"damage":0.0,"enemies":"Chosen","floor":18.0,"turns":1.0},{"damage":0.0,"enemies":"Spheric Guardian","floor":20.0,"turns":2.0},{"damage":0.0,"enemies":"Centurion and Healer","floor":22.0,"turns":4.0},{"damage":1.0,"enemies":"Book of Stabbing","floor":24.0,"turns":5.0},{"damage":0.0,"enemies":"Snecko","floor":27.0,"turns":2.0},{"damage":3.0,"enemies":"Gremlin Leader","floor":29.0,"turns":5.0},{"damage":8.0,"enemies":"Slavers","floor":31.0,"turns":5.0},{"damage":11.0,"enemies":"Automaton","floor":33.0,"turns":12.0},{"damage":23.0,"enemies":"3 Darklings","floor":35.0,"turns":5.0},{"damage":0.0,"enemies":"3 Shapes","floor":36.0,"turns":4.0},{"damage":17.0,"enemies":"Sphere and 2 Shapes","floor":37.0,"turns":6.0},{"damage":8.0,"enemies":"Transient","floor":38.0,"turns":6.0},{"damage":2.0,"enemies":"Spire Growth","floor":39.0,"turns":6.0},{"damage":13.0,"enemies":"Reptomancer","floor":40.0,"turns":6.0},{"damage":10.0,"enemies":"4 Shapes","floor":41.0,"turns":5.0},{"damage":30.0,"enemies":"Giant Head","floor":42.0,"turns":10.0},{"damage":0.0,"enemies":"Jaw Worm Horde","floor":45.0,"turns":5.0},{"damage":0.0,"enemies":"Spire Growth","floor":46.0,"turns":6.0},{"damage":1.0,"enemies":"Nemesis","floor":47.0,"turns":11.0},{"damage":1.0,"enemies":"3 Darklings","floor":48.0,"turns":5.0},{"damage":4.0,"enemies":"Donu and Deca","floor":50.0,"turns":13.0},{"damage":9.0,"enemies":"Awakened One","floor":51.0,"turns":18.0},{"damage":42,"enemies":"Shield and Spear","floor":55,"turns":9},{"damage":38,"enemies":"The Heart","floor":56,"turns":6}],"seed_played":"6923316924110628890","potions_obtained":[{"floor":3.0,"key":"SpeedPotion"},{"floor":8.0,"key":"Dexterity Potion"},{"floor":13.0,"key":"PowerPotion"},{"floor":18.0,"key":"Fire Potion"},{"floor":27.0,"key":"EssenceOfSteel"},{"floor":31.0,"key":"Block Potion"},{"floor":33.0,"key":"FearPotion"},{"floor":35.0,"key":"Dexterity Potion"},{"floor":36.0,"key":"LiquidMemories"},{"floor":38.0,"key":"FairyPotion"},{"floor":40.0,"key":"CunningPotion"},{"floor":41.0,"key":"SneckoOil"},{"floor":42.0,"key":"AttackPotion"},{"floor":45.0,"key":"DuplicationPotion"},{"floor":55,"key":"SpeedPotion"}],"is_trial":false,"path_per_floor":["M","?","M","?","$","E","R","E","T","M","M","M","E","$","R","B",null,"M","T","M","$","M","R","E","R","T","M","R","E","$","E","R","B",null,"M","M","M","M","M","E","M","E","T","R","M","M","E","M","R","B","B",null,"R","$","E","B"],"character_chosen":"THE_SILENT","items_purchased":["Poisoned Stab","Footwork","Noxious Fumes","Footwork","Envenom","Centennial Puzzle","Leg Sweep"],"campfire_rested":6,"item_purchase_floors":[5,14,21,30,54,54,54],"current_hp_per_floor":[59,59,59,59,59,49,49,42,42,42,42,42,39,39,39,40,60,60,60,60,60,60,60,59,66,66,66,66,63,63,57,66,55,63,42,44,41,35,35,36,40,24,24,43,45,47,48,49,66,62,55,63,66,66,36,0,0],"gold":58,"neow_bonus":"RANDOM_COMMON_RELIC","is_daily":false,"chose_seed":false,"campfire_upgraded":2,"win_rate":0.0,"timestamp":1609467748,"path_taken":["M","?","M","?","$","E","R","E","T","?","M","M","E","?","R","BOSS","M","?","M","$","?","R","E","R","T","M","R","E","$","E","R","BOSS","M","M","M","M","M","E","M","E","T","R","M","M","E","M","R","BOSS","BOSS","R","$","E","BOSS"],"items_purchased_type":["Card","Card","Card","Card","Card","Relic","Card"],"build_version":"2020-12-22","purchased_purges":2,"victory":false,"max_hp_per_floor":[66,66,66,66,66,66,66,66,66,66,66,66,66,66,66,66,66,66,66,66,66,66,66,66,66,66,66,66,66,66,66,66,66,66,66,66,66,66,66,66,66,66,66,66,66,66,66,66,66,66,66,66,66,66,66,66,66],"relic_stats":{"Happy Flower":[58],"Torii":32,"counters":[33,191],"War Paint":["Defend_G","Defend_G"],"Boot":[280],"Smiling Mask":0,"Blood Vial":30,"Centennial Puzzle":[6],"Shuriken":[90],"Bronze Scales":[573],"obtain_stats":[{"Happy Flower":8,"Torii":29,"Incense Burner":42,"War Paint":9,"Boot":6,"Smiling Mask":40,"White Beast Statue":31,"Akabeko":55,"Blood Vial":24,"Centennial Puzzle":54,"HornCleat":19,"Shuriken":26,"Bronze Scales":0,"Fusion Hammer":17,"Bag of Marbles":47,"Ring of the Snake":0,"Meat on the Bone":13,"Runic Pyramid":34},{"Happy Flower":4,"Torii":15,"Incense Burner":25,"War Paint":4,"Boot":3,"Smiling Mask":23,"White Beast Statue":16,"Akabeko":32,"Blood Vial":13,"Centennial Puzzle":31,"HornCleat":10,"Shuriken":13,"Bronze Scales":0,"Fusion Hammer":9,"Bag of Marbles":28,"Ring of the Snake":0,"Meat on the Bone":8,"Runic Pyramid":17},{"Happy Flower":17,"Torii":53,"Incense Burner":118,"War Paint":17,"Boot":13,"Smiling Mask":103,"White Beast Statue":58,"Akabeko":185,"Blood Vial":46,"Centennial Puzzle":176,"HornCleat":35,"Shuriken":46,"Bronze Scales":0,"Fusion Hammer":34,"Bag of Marbles":140,"Ring of the Snake":0,"Meat on the Bone":27,"Runic Pyramid":70}],"Ring of the Snake":[66],"Meat on the Bone":72},"card_choices":[{"not_picked":["Backflip","Bane"],"picked":"Dash","floor":1.0},{"not_picked":["Flying Knee","Tactician"],"picked":"Backstab","floor":3.0},{"not_picked":["Finisher","Cloak And Dagger"],"picked":"Blade Dance","floor":6.0},{"not_picked":["Deadly Poison","Footwork"],"picked":"Dagger Spray","floor":8.0},{"not_picked":["Slice","Caltrops","Outmaneuver"],"picked":"SKIP","floor":10.0},{"not_picked":["Tactician","Caltrops","Bane"],"picked":"SKIP","floor":11.0},{"not_picked":["Deadly Poison","PiercingWail"],"picked":"Finisher","floor":12.0},{"not_picked":["Dash","Grand Finale"],"picked":"Backflip","floor":13.0},{"not_picked":["Night Terror","Die Die Die"],"picked":"Burst","floor":16.0},{"not_picked":["Quick Slash","Accuracy"],"picked":"Calculated Gamble","floor":18.0},{"not_picked":["Sucker Punch","Flying Knee","Prepared"],"picked":"SKIP","floor":20.0},{"not_picked":["Sucker Punch","Dodge and Roll"],"picked":"Expertise","floor":22.0},{"not_picked":["Prepared","Setup","Poisoned Stab"],"picked":"SKIP","floor":24.0},{"not_picked":["Night Terror","Well Laid Plans"],"picked":"Leg Sweep+1","floor":27.0},{"not_picked":["Deadly Poison","Dodge and Roll","Dagger Throw"],"picked":"SKIP","floor":29.0},{"not_picked":["Blade Dance","Acrobatics"],"picked":"Crippling Poison+1","floor":31.0},{"not_picked":["Doppelganger","Tools of the Trade"],"picked":"Burst","floor":33.0},{"not_picked":["Flying Knee","Backflip"],"picked":"Deflect+1","floor":35.0},{"not_picked":["Dagger Spray","Dagger Throw"],"picked":"Outmaneuver+1","floor":36.0},{"not_picked":["Endless Agony","Sucker Punch","Crippling Poison"],"picked":"SKIP","floor":37.0},{"not_picked":["Prepared","Masterful Stab+1"],"picked":"Leg Sweep","floor":38.0},{"not_picked":["Eviscerate","Dodge and Roll+1"],"picked":"Blade Dance","floor":39.0},{"not_picked":["Deadly Poison","Underhanded Strike","Caltrops"],"picked":"SKIP","floor":40.0},{"not_picked":["Outmaneuver","Caltrops"],"picked":"Backflip+1","floor":41.0},{"not_picked":["Tools of the Trade","Blade Dance","Riddle With Holes+1"],"picked":"SKIP","floor":42.0},{"not_picked":["Heel Hook","Backflip"],"picked":"Escape Plan","floor":45.0},{"not_picked":["Deflect","Quick Slash","Reflex"],"picked":"SKIP","floor":46.0},{"not_picked":["Poisoned Stab","Cloak And Dagger+1"],"picked":"Prepared+1","floor":47.0},{"not_picked":["Underhanded Strike","Endless Agony+1","Skewer"],"picked":"SKIP","floor":48.0},{"not_picked":["Backstab","Predator+1","Distraction"],"picked":"SKIP","floor":55}],"player_experience":2694534,"relics_obtained":[{"floor":6.0,"key":"Boot"},{"floor":8.0,"key":"Happy Flower"},{"floor":9.0,"key":"War Paint"},{"floor":13.0,"key":"Meat on the Bone"},{"floor":19.0,"key":"HornCleat"},{"floor":24.0,"key":"Blood Vial"},{"floor":26.0,"key":"Shuriken"},{"floor":29.0,"key":"Torii"},{"floor":31.0,"key":"White Beast Statue"},{"floor":40.0,"key":"Smiling Mask"},{"floor":42.0,"key":"Incense Burner"},{"floor":47.0,"key":"Bag of Marbles"},{"floor":55,"key":"Akabeko"}],"event_choices":[{"cards_removed":["Strike_G"],"damage_healed":0.0,"max_hp_gain":0.0,"max_hp_loss":0.0,"gold_gain":0.0,"event_name":"The Cleric","player_choice":"Card Removal","floor":2.0,"gold_loss":75.0,"damage_taken":0.0},{"damage_healed":0.0,"max_hp_gain":0.0,"max_hp_loss":0.0,"gold_gain":0.0,"cards_transformed":["Strike_G"],"event_name":"Transmorgrifier","player_choice":"Transformed","floor":4.0,"gold_loss":0.0,"damage_taken":0.0,"cards_obtained":["Finisher"]}],"is_beta":false,"boss_relics":[{"not_picked":["Snecko Eye","Tiny House"],"picked":"Fusion Hammer"},{"not_picked":["Busted Crown","Cursed Key"],"picked":"Runic Pyramid"}],"items_purged_floors":[14,21],"is_endless":false,"potions_floor_spawned":[3,8,11,13,18,27,31,33,35,36,37,38,39,40,41,42,45,46,47,48,55],"killed_by":"The Heart","ascension_level":20}}