{"host":"2h7c54rr80d6x3ad","time":1609460459,"event":{"mods":["Aspiration","BaseMod","BetterRewards","Clawfect","Custom Start","Infinite Spire","Minty Spire (QoL Compilation)","StSLib"],"gold_per_floor":[115,115,127,140,160,160,176,202,202,167,167,194,194,213,213,313,313,323,323,323,323,323,353,353,47,71,71,89,106,106,134,134,233,233,252,302,312,140,140,140,174,174,201,232,247,257,269,280,280,280],"floor_reached":51,"playtime":3718,"items_purged":[],"score":1505,"play_id":"7821ff7a-4712-47aa-9a50-db837ed71273","local_time":"20201231192059","is_ascension_mode":true,"campfire_choices":[{"data":"Prostrate","floor":6.0,"key":"SMITH"},{"data":"Worship","floor":13.0,"key":"SMITH"},{"floor":15.0,"key":"REST"},{"floor":24.0,"key":"REST"},{"floor":27.0,"key":"REST"},{"data":"Devotion","floor":32.0,"key":"SMITH"},{"floor":40.0,"key":"REST"},{"data":"Prostrate","floor":42.0,"key":"SMITH"},{"data":"Nirvana","floor":49,"key":"SMITH"}],"circlet_count":0,"master_deck":["AscendersBane","Strike_P+1","Strike_P+1","Strike_P+1","Strike_P+1","Defend_P+1","Defend_P+1","Defend_P+1","Defend_P+1","Eruption","Vigilance","Prostrate+1","Bandage Up","Sanctity","ThirdEye","FlurryOfBlows","JustLucky","Worship+1","Prostrate+1","Devotion+1","FollowUp","FlurryOfBlows","Consecrate","Nirvana+1","FlurryOfBlows","Ragnarok+1","Pray+1","WheelKick+1","BowlingBash"],"relics":["PureWater","Ornamental Fan","infinitespire:EmpoweringShard","Singing Bowl","TungstenRod","Pen Nib","Matryoshka","aspiration:PoetsPen_weak","Membership Card","Happy Flower","infinitespire:CheckeredPen","infinitespire:BottledMercury","Damaru","Omamori","infinitespire:Beetle Shell","Toxic Egg 2","Philosopher\u0027s Stone","Thread and Needle","CaptainsWheel","Oddly Smooth Stone","HornCleat","aspiration:ChemicalBlood","aspiration:Lifesprig"],"acts_visited":["Exordium","TheCity","TheBeyond"],"potions_floor_usage":[50],"damage_taken":[{"damage":0.0,"enemies":"Jaw Worm","floor":1.0,"turns":6.0},{"damage":0.0,"enemies":"Cultist","floor":3.0,"turns":2.0},{"damage":6.0,"enemies":"Small Slimes","floor":4.0,"turns":5.0},{"damage":1.0,"enemies":"Looter","floor":5.0,"turns":2.0},{"damage":0.0,"enemies":"Large Slime","floor":7.0,"turns":5.0},{"damage":18.0,"enemies":"3 Sentries","floor":8.0,"turns":10.0},{"damage":14.0,"enemies":"Lagavulin","floor":12.0,"turns":6.0},{"damage":7.0,"enemies":"2 Fungi Beasts","floor":14.0,"turns":4.0},{"damage":9.0,"enemies":"Slime Boss","floor":16.0,"turns":9.0},{"damage":2.0,"enemies":"Chosen","floor":18.0,"turns":4.0},{"damage":57.0,"enemies":"Book of Stabbing","floor":23.0,"turns":8.0},{"damage":0.0,"enemies":"Spheric Guardian","floor":28.0,"turns":2.0},{"damage":13.0,"enemies":"Centurion and Healer","floor":29.0,"turns":3.0},{"damage":0.0,"enemies":"Gremlin Leader","floor":31.0,"turns":3.0},{"damage":10.0,"enemies":"Collector","floor":33.0,"turns":3.0},{"damage":21.0,"enemies":"3 Shapes","floor":35.0,"turns":3.0},{"damage":0.0,"enemies":"Mind Bloom Boss Battle","floor":36.0,"turns":1.0},{"damage":0.0,"enemies":"Orb Walker","floor":37.0,"turns":2.0},{"damage":0.0,"enemies":"Reptomancer","floor":41.0,"turns":2.0},{"damage":1.0,"enemies":"Nemesis","floor":44.0,"turns":5.0},{"damage":2,"enemies":"Maw","floor":45,"turns":4},{"damage":0,"enemies":"Transient","floor":46,"turns":5},{"damage":0,"enemies":"Spire Growth","floor":47,"turns":2},{"damage":9,"enemies":"4 Shapes","floor":48,"turns":2},{"damage":2,"enemies":"Awakened One","floor":50,"turns":6}],"seed_played":"-3642244308555896089","potions_obtained":[{"floor":4.0,"key":"PowerPotion"},{"floor":5.0,"key":"Fire Potion"},{"floor":7.0,"key":"Energy Potion"},{"floor":14.0,"key":"SneckoOil"},{"floor":23.0,"key":"DistilledChaos"},{"floor":33.0,"key":"FearPotion"}],"is_trial":false,"path_per_floor":["M","?","M","M","M","R","M","E","T","?","?","E","R","M","R","B",null,"M","AVR","?","?","?","E","R","$","T","R","M","M","?","E","R","B",null,"M","?","M","$","?","R","E","R","T","E","M","M","M","M","R","B",null],"character_chosen":"WATCHER","items_purchased":["Prostrate","Ornamental Fan","infinitespire:EmpoweringShard","Bandage Up","infinitespire:CheckeredPen","infinitespire:BottledMercury","FlurryOfBlows","Consecrate","CaptainsWheel","BowlingBash"],"campfire_rested":4,"item_purchase_floors":[0,0,0,0,25,25,25,25,38,38],"current_hp_per_floor":[62,72,72,66,69,69,72,58,58,72,72,60,60,59,76,71,75,75,75,75,75,75,22,45,45,45,68,68,61,61,61,61,51,73,52,52,54,54,54,78,84,84,84,85,88,90,92,85,85,83],"gold":280,"neow_bonus":"","is_daily":false,"chose_seed":false,"campfire_upgraded":5,"win_rate":0.0,"timestamp":1609460459,"path_taken":["M","?","M","M","M","R","?","E","T","?","?","E","R","M","R","BOSS","M","AVR","?","?","?","E","R","$","T","R","M","?","?","E","R","BOSS","M","?","M","$","?","R","E","R","T","E","M","?","?","M","R","BOSS"],"items_purchased_type":["Card","Relic","Relic","Card","Relic","Relic","Card","Card","Relic","Card"],"build_version":"2020-12-22","purchased_purges":0,"victory":true,"max_hp_per_floor":[72,72,72,72,72,72,72,72,72,72,72,74,74,76,76,76,76,78,78,78,78,78,78,78,78,78,78,78,80,80,80,80,80,80,80,80,82,82,82,82,84,84,84,86,88,90,92,94,94,94],"card_choices":[{"not_picked":["BattleHymn","ThirdEye"],"picked":"Sanctity","floor":1.0},{"not_picked":["EmptyBody","Protect"],"picked":"ThirdEye","floor":3.0},{"not_picked":["WheelKick","MentalFortress"],"picked":"FlurryOfBlows","floor":4.0},{"not_picked":["ThirdEye","FollowUp"],"picked":"JustLucky","floor":5.0},{"not_picked":["Tantrum","EmptyFist"],"picked":"Worship","floor":7.0},{"not_picked":["Nirvana","Worship"],"picked":"Prostrate","floor":8.0},{"not_picked":["EmptyFist","Ragnarok","ClearTheMind"],"picked":"Singing Bowl","floor":12.0},{"not_picked":["Worship","CrushJoints","FlyingSleeves"],"picked":"Singing Bowl","floor":14.0},{"not_picked":["Blasphemy","LessonLearned"],"picked":"Devotion","floor":16.0},{"not_picked":["CrushJoints","WreathOfFlame+1","EmptyBody+1"],"picked":"Singing Bowl","floor":18.0},{"not_picked":["ThirdEye","Adaptation"],"picked":"FollowUp","floor":23.0},{"not_picked":["CutThroughFate","Protect"],"picked":"Nirvana","floor":28.0},{"not_picked":["Vengeance","WreathOfFlame","EmptyFist"],"picked":"Singing Bowl","floor":29.0},{"not_picked":["Crescendo+1","Protect+1"],"picked":"FlurryOfBlows","floor":31.0},{"not_picked":["Omniscience+1","Alpha+1"],"picked":"Ragnarok","floor":33.0},{"not_picked":["Prostrate+1","Protect+1"],"picked":"Pray+1","floor":35.0},{"not_picked":["Pray+1","FollowUp"],"picked":"WheelKick+1","floor":36.0},{"not_picked":["Swivel+1","Protect+1","SashWhip+1"],"picked":"Singing Bowl","floor":37.0},{"not_picked":["JustLucky","Perseverance+1","ClearTheMind+1"],"picked":"Singing Bowl","floor":41.0},{"not_picked":["DeusExMachina+1","CutThroughFate","Protect+1"],"picked":"Singing Bowl","floor":44.0},{"not_picked":["Prostrate+1","Consecrate","SpiritShield+1"],"picked":"Singing Bowl","floor":45},{"not_picked":["EmptyFist","CrushJoints","EmptyBody+1"],"picked":"Singing Bowl","floor":46},{"not_picked":["Protect+1","Nirvana","Adaptation"],"picked":"Singing Bowl","floor":47},{"not_picked":["CutThroughFate","EmptyBody+1","Tantrum"],"picked":"Singing Bowl","floor":48}],"player_experience":314399,"relics_obtained":[{"floor":8.0,"key":"Singing Bowl"},{"floor":9.0,"key":"TungstenRod"},{"floor":11.0,"key":"Pen Nib"},{"floor":12.0,"key":"Matryoshka"},{"floor":23.0,"key":"Happy Flower"},{"floor":26.0,"key":"Damaru"},{"floor":26.0,"key":"Omamori"},{"floor":31.0,"key":"Toxic Egg 2"},{"floor":36.0,"key":"Thread and Needle"},{"floor":41.0,"key":"Oddly Smooth Stone"},{"floor":43.0,"key":"HornCleat"},{"floor":43.0,"key":"aspiration:ChemicalBlood"},{"floor":44.0,"key":"aspiration:Lifesprig"}],"event_choices":[{"damage_healed":10.0,"max_hp_gain":0.0,"max_hp_loss":0.0,"gold_gain":0.0,"event_name":"Wheel of Change","player_choice":"Full Heal","floor":2.0,"gold_loss":0.0,"damage_taken":0.0},{"damage_healed":18.0,"max_hp_gain":0.0,"max_hp_loss":0.0,"gold_gain":0.0,"event_name":"The Cleric","player_choice":"Healed","floor":10.0,"gold_loss":35.0,"damage_taken":0.0},{"damage_healed":0.0,"max_hp_gain":0.0,"max_hp_loss":0.0,"gold_gain":0.0,"event_name":"Back to Basics","player_choice":"Simplicity","floor":20.0,"gold_loss":0.0,"damage_taken":0.0,"cards_upgraded":["Strike_P","Strike_P","Strike_P","Strike_P","Defend_P","Defend_P","Defend_P","Defend_P"]},{"damage_healed":0.0,"max_hp_gain":0.0,"max_hp_loss":0.0,"gold_gain":0.0,"event_name":"The Woman in Blue","player_choice":"Bought 0 Potions","floor":22.0,"gold_loss":0.0,"damage_taken":0.0},{"damage_healed":0.0,"max_hp_gain":0.0,"max_hp_loss":0.0,"gold_gain":0.0,"event_name":"The Mausoleum","player_choice":"Opened","floor":30.0,"gold_loss":0.0,"damage_taken":0.0,"relics_obtained":["infinitespire:Beetle Shell"]},{"damage_healed":0.0,"max_hp_gain":0.0,"max_hp_loss":0.0,"gold_gain":0.0,"event_name":"MindBloom","player_choice":"Fight","floor":36.0,"gold_loss":0.0,"damage_taken":0.0},{"damage_healed":0.0,"max_hp_gain":0.0,"max_hp_loss":0.0,"gold_gain":0.0,"event_name":"Upgrade Shrine","player_choice":"Upgraded","floor":39.0,"gold_loss":0.0,"damage_taken":0.0,"cards_upgraded":["Ragnarok"]}],"is_beta":false,"boss_relics":[{"not_picked":["Empty Cage","aspiration:IroncladSkillbook"],"picked":"aspiration:PoetsPen_weak"},{"not_picked":["aspiration:SecretTechniqueScroll","SacredBark"],"picked":"Philosopher\u0027s Stone"}],"items_purged_floors":[],"is_endless":false,"potions_floor_spawned":[4,5,7,14,23,31,33,35,44],"ascension_level":11}}