{"host":"yq9lr8gtbjek4ze8","time":1609481430,"event":{"mods":["Act Like it!","Arknights The Spire","BaseMod","CapriCore","Conspire","Friendly Minions","Gensokyo","GifTheSpireLib","Hallownest","Koishi","Marisa（F雨　魔理沙）","Mimic Mod","Minty Spire (QoL Compilation)","MostiFishMod","Pale of the Ancients","Quick Restart","Reimu（博丽灵梦）","Replay The Spire","StSLib","WarShipGirlsR/战舰少女R mod","Yakumo Yukari mod","【功能Mod】聪明的最终Boss"],"gold_per_floor":[113,113,132,132,190,215,215,246,315,315,315,335,117,145,145,242,242,260,0,0,0,11,11,58,87,111,174,74,74,74,107,107,107,107],"floor_reached":33,"playtime":1841,"items_purged":["Doubt","ats:Encircling Forest"],"score":347,"play_id":"a5aeb727-feb8-4f14-9e23-9b94b52ce31f","local_time":"20210101141030","is_ascension_mode":true,"campfire_choices":[{"floor":7,"key":"REST"},{"floor":10,"key":"REST"},{"floor":15,"key":"REST"},{"data":"ats:Shadow Assault","floor":23,"key":"SMITH"},{"floor":32,"key":"RECALL"}],"circlet_count":0,"master_deck":["ats:Sunburst","ats:Calcification+1","ats:Red Shift","ats:Beaten Up","ats:Flame Of Heaven","ats:Counter Healing Mode","ats:Shadow Raid","ats:Encircling Forest+1","ats:Very Hot Blade","ats:Magnetic Hammer","ats:Hammer On","ats:Shadow Assault+1","ats:Disruption Kick","ats:Revitalization+1","ats:Part Time Job","ats:Ignite","ats:Hammer On","ats:Ignite","ats:Song Of Battle+1","ats:Flexible Camouflage","ats:Overload+1","ats:Nebulous Foxfire"],"relics":["ats:Sanity","DaveBox","MetatronsCube","SynthV:TestCard","ReplayTheSpireMod:Ring of Challenge","Ring of Fury","ats:Originium","ats:Emergency Defibrillator","ReplayTheSpireMod:TigerMarble","HornCleat","ats:Spiritual Recovery","ReplayTheSpireMod:Lightbulb","FixedStarFall","Gensokyo:MosesMiracle","ats:Bonebreaker","Gensokyo:ChorusOfJoy","Replay:Accelerometer"],"acts_visited":["Gensokyo:Gensokyo","Gensokyo:Gensokyoer"],"potions_floor_usage":[16,16,25,27,33,33,33],"damage_taken":[{"damage":0,"enemies":"Gensokyo:Python","floor":1,"turns":4},{"damage":2,"enemies":"Gensokyo:2_Kodama","floor":3,"turns":4},{"damage":1,"enemies":"Gensokyo:3_Fairies","floor":5,"turns":5},{"damage":28,"enemies":"Gensokyo:Cirno","floor":6,"turns":8},{"damage":54,"enemies":"Gensokyo:Aya","floor":8,"turns":7},{"damage":0,"enemies":"Gensokyo:Python_and_Kodama","floor":12,"turns":4},{"damage":16,"enemies":"Gensokyo:Mamizou","floor":14,"turns":7},{"damage":44,"enemies":"Gensokyo:Yukari","floor":16,"turns":9},{"damage":14,"enemies":"Gensokyo:CosmicMonolith","floor":18,"turns":4},{"damage":6,"enemies":"Gensokyo:2_Gloops","floor":22,"turns":4},{"damage":22,"enemies":"Gensokyo:Monolith_and_Dog","floor":24,"turns":3},{"damage":13,"enemies":"Gensokyo:Reisen","floor":25,"turns":5},{"damage":31,"enemies":"Gensokyo:Chomper_and_Gloop","floor":27,"turns":6},{"damage":18,"enemies":"Gensokyo:Koishi","floor":31,"turns":6},{"damage":108,"enemies":"Gensokyo:Kaguya","floor":33,"turns":9}],"seed_played":"7088276991355268260","potions_obtained":[{"floor":3,"key":"SteroidPotion"},{"floor":6,"key":"ats:Emergency Sanity Potion"},{"floor":14,"key":"Weak Potion"},{"floor":16,"key":"Regen Potion"},{"floor":24,"key":"Toxic Potion"},{"floor":27,"key":"ColorlessPotion"},{"floor":31,"key":"Languid Potion"}],"is_trial":false,"path_per_floor":["M","COS","M","?","M","E","R","E","T","R","?","M","$","E","R","B",null,"M","?","$","?","M","R","M","E","T","M","$","?","?","E","R","B"],"character_chosen":"DOCTOR_CLASS","items_purchased":["ats:Spiritual Recovery"],"campfire_rested":3,"item_purchase_floors":[13],"current_hp_per_floor":[79,79,77,77,76,48,71,23,23,46,46,49,49,39,62,26,79,74,74,74,74,73,73,59,62,62,40,40,40,40,50,50,0,0],"gold":107,"neow_bonus":"TEN_PERCENT_HP_BONUS","is_daily":false,"chose_seed":false,"campfire_upgraded":1,"win_rate":0.0,"timestamp":1609481430,"path_taken":["M","COS","M","?","M","E","R","E","T","R","?","?","?","E","R","BOSS","M","?","$","?","M","R","M","E","T","?","$","?","?","E","R","BOSS"],"items_purchased_type":["Relic"],"build_version":"2020-12-22","purchased_purges":2,"victory":false,"max_hp_per_floor":[79,79,79,79,79,79,79,79,79,79,79,79,79,79,79,79,79,79,79,79,79,79,79,79,79,79,80,80,80,80,80,80,80,80],"card_choices":[{"not_picked":["ats:Curse Doll","ats:Spore Proliferation"],"picked":"ats:Rapid Magazine","floor":1},{"not_picked":["ats:Ignite","ats:Very Hot Blade","ats:Healing Drone","ats:Closed Bolt Burst Fire"],"picked":"ats:Leaping Hammer","floor":3},{"not_picked":["ats:Revitalization","ats:Guardian Obelisk","ats:Automatic Cover","ats:Cat Scratch"],"picked":"ats:Flexible Camouflage","floor":5},{"not_picked":["ats:Leaping Hammer","ats:Flexible Camouflage","ats:Composite Medical Shells","ats:Curse Doll"],"picked":"ats:Revitalization","floor":6},{"not_picked":["ats:Apocalypse","ats:Red Shift","ats:Part Time Job","ats:Automatic Cover"],"picked":"ats:Poison Spread","floor":8},{"not_picked":["ats:Collapsing Strike","ats:Support Order","ats:Ignite","ats:Curse Doll"],"picked":"ats:Powerful Strike","floor":12},{"not_picked":["ats:Magnetic Hammer","ats:Assault Order","ats:Shadow Raid","ats:Overload"],"picked":"ats:Neurotoxin","floor":14},{"not_picked":["ats:Disruption Kick","ats:Roar Of Ursus","ats:Wolf Pack","ats:Fractured Body"],"picked":"ats:Shadow Assault","floor":16},{"not_picked":["ats:Song Of Battle","ats:Composite Medical Shells","ats:Demon Strength","ats:Hammer On"],"picked":"ats:Ignite","floor":18},{"not_picked":["ats:Revitalization","ats:Poison Spread","ats:Spore Proliferation","ats:Leaping Hammer+1","ats:Overload+1"],"picked":"SKIP","floor":22},{"not_picked":["ats:Shell Defense","ats:Assault Order","ats:Healing Drone","ats:LN2 Cannon","ats:Rapid Magazine"],"picked":"SKIP","floor":24},{"not_picked":["ats:Durian","ats:Defend Order","ats:Revitalization+1","ats:Explosion Area Strengthen"],"picked":"ats:Song Of Battle+1","floor":25},{"not_picked":["ats:Revitalization","ats:Shell Defense+1","ats:Cat Scratch","ats:Hammer On+1"],"picked":"ats:Flexible Camouflage","floor":27},{"not_picked":["ats:Closed Bolt Burst Fire","ats:Ignite","ats:Sword Rain+1","ats:Song Of Battle"],"picked":"ats:Nebulous Foxfire","floor":31}],"player_experience":139487,"relics_obtained":[{"floor":1,"key":"SynthV:TestCard"},{"floor":4,"key":"ReplayTheSpireMod:Ring of Challenge"},{"floor":4,"key":"Ring of Fury"},{"floor":6,"key":"ats:Originium"},{"floor":6,"key":"ats:Emergency Defibrillator"},{"floor":8,"key":"ats:Originium"},{"floor":8,"key":"ReplayTheSpireMod:TigerMarble"},{"floor":9,"key":"HornCleat"},{"floor":14,"key":"ats:Originium"},{"floor":14,"key":"ReplayTheSpireMod:Lightbulb"},{"floor":25,"key":"Gensokyo:MosesMiracle"},{"floor":25,"key":"ats:Bonebreaker"},{"floor":31,"key":"Replay:Accelerometer"}],"event_choices":[],"is_beta":false,"boss_relics":[{"not_picked":["NightmareShop","JellyFishMachine"],"picked":"FixedStarFall"}],"items_purged_floors":[13,28],"is_endless":false,"potions_floor_spawned":[3,6,14,16,24,27,31],"killed_by":"Gensokyo:Kaguya","ascension_level":4}}