{"host":"m77rrhbqzv44va4v","time":1609530173,"event":{"mods":["AchievementEnabler","BaseMod","Colored Map","DeckTracker","Keyboard Shortcuts","Minty Spire (QoL Compilation)","StSLib","SuperFastMode","everything is the same but u backflip on backflip"],"gold_per_floor":[117,117,127,127,141,170,188,188,213,241,261,293,368,382,382,382,382],"floor_reached":16,"playtime":288,"items_purged":[],"score":238,"play_id":"1fed1571-6442-46fc-94c0-750e06053415","local_time":"20210102044253","is_ascension_mode":true,"campfire_choices":[{"floor":8.0,"key":"REST"},{"data":"Fire Breathing","floor":15.0,"key":"SMITH"}],"circlet_count":0,"master_deck":["AscendersBane","Strike_R","Strike_R","Strike_R+1","Strike_R","Defend_R","Defend_R","Defend_R","Defend_R","Bash+1","Carnage+1","Battle Trance","Sword Boomerang","Evolve","Rampage","Fire Breathing+1","Immolate","Dropkick"],"relics":["Burning Blood","Potion Belt","Juzu Bracelet","Whetstone","Oddly Smooth Stone"],"acts_visited":["Exordium"],"potions_floor_usage":[16],"damage_taken":[{"damage":11.0,"enemies":"2 Louse","floor":1.0,"turns":4.0},{"damage":9.0,"enemies":"Jaw Worm","floor":3.0,"turns":3.0},{"damage":1.0,"enemies":"Cultist","floor":5.0,"turns":3.0},{"damage":36.0,"enemies":"Gremlin Nob","floor":6.0,"turns":4.0},{"damage":8.0,"enemies":"Blue Slaver","floor":7.0,"turns":3.0},{"damage":20.0,"enemies":"3 Sentries","floor":10.0,"turns":6.0},{"damage":16.0,"enemies":"3 Louse","floor":11.0,"turns":4.0},{"damage":8.0,"enemies":"Gremlin Nob","floor":12.0,"turns":3.0},{"damage":10.0,"enemies":"Large Slime","floor":14.0,"turns":4.0},{"damage":22,"enemies":"Hexaghost","floor":16,"turns":5}],"seed_played":"-2652389843135959607","potions_obtained":[{"floor":3.0,"key":"ElixirPotion"},{"floor":7.0,"key":"Fire Potion"},{"floor":12.0,"key":"EssenceOfSteel"}],"is_trial":false,"path_per_floor":["M","?","M","?","M","E","M","R","T","E","M","E","?","M","R","B"],"character_chosen":"IRONCLAD","items_purchased":[],"campfire_rested":1,"item_purchase_floors":[],"current_hp_per_floor":[63,68,65,65,70,40,38,62,62,48,38,36,25,21,21,0,0],"gold":382,"neow_bonus":"UPGRADE_CARD","is_daily":false,"chose_seed":false,"campfire_upgraded":1,"win_rate":0.0,"timestamp":1609530173,"path_taken":["M","?","M","?","M","E","M","R","T","E","M","E","?","M","R","BOSS"],"items_purchased_type":[],"build_version":"2020-12-22","purchased_purges":0,"victory":false,"max_hp_per_floor":[75,80,80,80,80,80,80,80,80,80,80,80,80,80,80,80,80],"card_choices":[{"not_picked":["Sword Boomerang","Flex"],"picked":"Carnage","floor":1.0},{"not_picked":["Perfected Strike","Wild Strike"],"picked":"Battle Trance","floor":3.0},{"not_picked":["Warcry","Flex"],"picked":"Sword Boomerang","floor":5.0},{"not_picked":["Headbutt","Carnage"],"picked":"Evolve","floor":6.0},{"not_picked":["Headbutt","Sword Boomerang"],"picked":"Rampage","floor":7.0},{"not_picked":["Clothesline","Rupture"],"picked":"Fire Breathing","floor":10.0},{"not_picked":["Perfected Strike","Rupture","Whirlwind"],"picked":"SKIP","floor":11.0},{"not_picked":["Inflame","Flame Barrier"],"picked":"Immolate","floor":12.0},{"not_picked":["Havoc","Warcry"],"picked":"Dropkick","floor":14.0}],"player_experience":873857,"relics_obtained":[{"floor":6.0,"key":"Potion Belt"},{"floor":9.0,"key":"Juzu Bracelet"},{"floor":10.0,"key":"Whetstone"},{"floor":12.0,"key":"Oddly Smooth Stone"}],"event_choices":[{"damage_healed":0.0,"max_hp_gain":5.0,"max_hp_loss":0.0,"gold_gain":0.0,"event_name":"Big Fish","player_choice":"Donut","floor":2.0,"gold_loss":0.0,"damage_taken":0.0},{"cards_removed":["Strike_R"],"damage_healed":0.0,"max_hp_gain":0.0,"max_hp_loss":0.0,"gold_gain":0.0,"event_name":"Bonfire Elementals","player_choice":"Offered Basic","floor":4.0,"gold_loss":0.0,"damage_taken":0.0},{"damage_healed":0.0,"max_hp_gain":0.0,"max_hp_loss":0.0,"gold_gain":75.0,"event_name":"World of Goop","player_choice":"Gather Gold","floor":13.0,"gold_loss":0.0,"damage_taken":11.0}],"is_beta":false,"boss_relics":[],"items_purged_floors":[],"is_endless":false,"potions_floor_spawned":[3,7,12],"killed_by":"Hexaghost","ascension_level":19}}