{"host":"wy23tj84iquxuyyu","time":1609460467,"event":{"mods":["Aspiration","BaseMod","Better Note","Colored Map","Fireblade Mod","Hermit","Marked Mod","Minty Spire (QoL Compilation)","Random Character Button","Rare Cards Sparkle","Relic Stats","Replay The Spire","Retaliation","Spicy Shops","StSLib","The Cursed","The Death Knight","The Necromancer","Trackpad"],"gold_per_floor":[110,110,110,121,31,31,31,206,206,206,221,248,1,16,16,113,113,128,128,128,13,13,13,13,13,13,31,31,58,58,76,76,181,181,192,192,192],"floor_reached":38,"playtime":2649,"items_purged":["Doubt"],"score":686,"play_id":"3bd85f87-54b8-4191-9a60-fa97a2a0ea8d","local_time":"20201231192107","is_ascension_mode":false,"campfire_choices":[{"data":"Replay:Parry","floor":6.0,"key":"SMITH"},{"floor":15.0,"key":"REST"},{"data":"DeathKnight:FrosPresence","floor":23.0,"key":"SMITH"},{"floor":28.0,"key":"REST"},{"data":"DeathKnight:BladedArmor","floor":30.0,"key":"SMITH"},{"data":"DeathKnight:GargoyleSkin","floor":32.0,"key":"SMITH"}],"circlet_count":0,"master_deck":["DeathKnight:Defend_DeathKnight+1","DeathKnight:Defend_DeathKnight","DeathKnight:Defend_DeathKnight","DeathKnight:Defend_DeathKnight","DeathKnight:RuneTap+1","DeathKnight:RuneStrike","DeathKnight:MindFreeze","DeathKnight:AntiMagicShell","DeathKnight:ChainsOfIce+1","Replay:Parry+1","DeathKnight:GargoyleSkin","DeathKnight:FrostStrike","DeathKnight:FrosPresence+1","Madness","DeathKnight:Frostscythe","Sadistic Nature+1","DeathKnight:IceboundArmor","DeathKnight:GargoyleSkin+1","DeathKnight:BladedArmor+1","DeathKnight:IcyTouch+1","CurseOfTheBell"],"relics":["DeathKnight:ReforgedRuneblade","trackpad:CultistFigurine","Happy Flower","trackpad:StolenKidneys","aspiration:RitualStick","Bottled Lightning","Molten Egg 2","Calling Bell","CeramicFish","Iron Hammer","Replay:PocketPolymizer"],"acts_visited":["Exordium","TheCity","TheBeyond"],"potions_floor_usage":[37,37],"damage_taken":[{"damage":6.0,"enemies":"2 Louse","floor":1.0,"turns":4.0},{"damage":0.0,"enemies":"Jaw Worm","floor":4.0,"turns":7.0},{"damage":1.0,"enemies":"Small Slimes","floor":11.0,"turns":4.0},{"damage":31.0,"enemies":"Lagavulin","floor":12.0,"turns":8.0},{"damage":7.0,"enemies":"Looter","floor":14.0,"turns":4.0},{"damage":20.0,"enemies":"Fading Forest","floor":16.0,"turns":11.0},{"damage":7.0,"enemies":"Spheric Guardian","floor":18.0,"turns":5.0},{"damage":3.0,"enemies":"3 Byrds","floor":27.0,"turns":5.0},{"damage":0.0,"enemies":"Replay:Snechameleon","floor":29.0,"turns":6.0},{"damage":1.0,"enemies":"Snake Plant","floor":31.0,"turns":5.0},{"damage":0.0,"enemies":"Champ","floor":33.0,"turns":11.0},{"damage":0.0,"enemies":"3 Shapes","floor":35.0,"turns":6.0},{"damage":38,"enemies":"Donu and Deca","floor":37,"turns":14}],"seed_played":"-2874085725169296302","potions_obtained":[{"floor":1.0,"key":"DDmod:CleansePotion"},{"floor":14.0,"key":"FearPotion"},{"floor":16.0,"key":"Languid Potion"},{"floor":18.0,"key":"DeathKnight:VirulencePotion"}],"is_trial":false,"path_per_floor":["M","?","?","M","$","R","$","?","T","?","M","E","$","M","R","B",null,"M","?","?","$","?","R","?","?","T","M","R","E","R","M","R","B",null,"M","?","B",null],"character_chosen":"DEATH_KNIGHT","items_purchased":["Replay:Parry","DeathKnight:GargoyleSkin","DeathKnight:FrostStrike","DeathKnight:FrosPresence","Madness","DeathKnight:GargoyleSkin"],"campfire_rested":2,"item_purchase_floors":[5,13,13,13,13,21],"current_hp_per_floor":[69,69,75,75,75,75,75,75,75,60,59,28,28,21,43,33,75,68,68,68,68,68,68,53,53,53,50,72,72,72,71,71,71,75,75,75,37],"gold":192,"neow_bonus":"THREE_CARDS","is_daily":false,"chose_seed":false,"campfire_upgraded":4,"win_rate":0.0,"timestamp":1609460467,"path_taken":["M","?","?","M","?","R","$","?","T","?","?","E","$","M","R","BOSS","M","?","?","?","?","R","?","?","T","?","R","E","R","M","R","BOSS","M","?","BOSS"],"items_purchased_type":["Card","Card","Card","Card","Card","Card"],"build_version":"2020-12-22","purchased_purges":1,"victory":true,"max_hp_per_floor":[75,75,75,75,75,75,75,75,75,75,75,75,75,75,75,75,75,75,75,75,75,75,75,75,75,75,75,75,75,75,75,75,75,75,75,75,75],"relic_stats":{"Happy Flower":[22],"counters":[13,90],"CeramicFish":0,"obtain_stats":[{"Calling Bell":34,"DeathKnight:ReforgedRuneblade":25,"Replay:PocketPolymizer":34,"Happy Flower":12,"CeramicFish":34,"trackpad:StolenKidneys":17,"Molten Egg 2":29,"Iron Hammer":34,"Bottled Lightning":26,"trackpad:CultistFigurine":9,"DeathKnight:BrokenRuneblade":0,"aspiration:RitualStick":24},{"Calling Bell":11,"DeathKnight:ReforgedRuneblade":7,"Replay:PocketPolymizer":11,"Happy Flower":4,"CeramicFish":11,"trackpad:StolenKidneys":6,"Molten Egg 2":9,"Iron Hammer":11,"Bottled Lightning":7,"trackpad:CultistFigurine":2,"DeathKnight:BrokenRuneblade":0,"aspiration:RitualStick":7},{"Calling Bell":70,"DeathKnight:ReforgedRuneblade":43,"Replay:PocketPolymizer":70,"Happy Flower":23,"CeramicFish":70,"trackpad:StolenKidneys":38,"Molten Egg 2":54,"Iron Hammer":70,"Bottled Lightning":43,"trackpad:CultistFigurine":11,"DeathKnight:BrokenRuneblade":0,"aspiration:RitualStick":43}],"aspiration:RitualStick":[1]},"card_choices":[{"not_picked":["DeathKnight:Rot","DeathKnight:Contagion"],"picked":"DeathKnight:MindFreeze","floor":0.0},{"not_picked":["DeathKnight:FoulBulwark","DeathKnight:WraithWalk"],"picked":"DeathKnight:AntiMagicShell","floor":1.0},{"not_picked":["DeathKnight:BloodTap","DeathKnight:RunicCorruption","DeathKnight:Hemostasis"],"picked":"SKIP","floor":4.0},{"not_picked":["DeathKnight:DeathAndDecay","DeathKnight:PillarOfFrost","DeathKnight:DeathCoil"],"picked":"SKIP","floor":11.0},{"not_picked":["DeathKnight:ReapingStrike","DeathKnight:UnholyAssault","DeathKnight:Hysteria"],"picked":"SKIP","floor":12.0},{"not_picked":["DeathKnight:DancingRuneblade","DeathKnight:UnholyAssault","DeathKnight:Pestilence"],"picked":"SKIP","floor":14.0},{"not_picked":["DeathKnight:Outbreak","DeathKnight:Simulacrum"],"picked":"DeathKnight:Frostscythe","floor":16.0},{"not_picked":["DeathKnight:Obliterate","DeathKnight:Pestilence","DeathKnight:BladedArmor"],"picked":"SKIP","floor":18.0},{"not_picked":["DeathKnight:FrosPresence","DeathKnight:RunicCorruption","DeathKnight:HornOfWinter"],"picked":"SKIP","floor":27.0},{"not_picked":["DeathKnight:RaiseAlly+1","DeathKnight:Runeguard"],"picked":"DeathKnight:BladedArmor","floor":29.0},{"not_picked":["DeathKnight:HartStrike+1","DeathKnight:DeathAndDecay+1"],"picked":"DeathKnight:IcyTouch+1","floor":31.0},{"not_picked":["DeathKnight:Hysteria+1","DeathKnight:BloodPact","DeathKnight:RuneShock+1"],"picked":"SKIP","floor":35}],"player_experience":841109,"relics_obtained":[{"floor":9.0,"key":"trackpad:CultistFigurine"},{"floor":12.0,"key":"Happy Flower"},{"floor":26.0,"key":"Bottled Lightning"},{"floor":29.0,"key":"Molten Egg 2"},{"floor":34.0,"key":"CeramicFish"},{"floor":34.0,"key":"Iron Hammer"},{"floor":34.0,"key":"Replay:PocketPolymizer"}],"event_choices":[{"damage_healed":0.0,"max_hp_gain":0.0,"max_hp_loss":0.0,"gold_gain":175.0,"event_name":"Liars Game","player_choice":"AGREE","floor":8.0,"gold_loss":0.0,"damage_taken":0.0,"cards_obtained":["Doubt"]},{"damage_healed":0.0,"max_hp_gain":0.0,"max_hp_loss":0.0,"gold_gain":0.0,"event_name":"Shining Light","player_choice":"Entered Light","floor":10.0,"gold_loss":0.0,"damage_taken":15.0,"cards_upgraded":["DeathKnight:RuneTap","DeathKnight:Defend_DeathKnight"]},{"cards_removed":["Madness"],"damage_healed":0.0,"max_hp_gain":0.0,"max_hp_loss":0.0,"gold_gain":0.0,"event_name":"betterNote:BetterNote","player_choice":"Take \u0026 Give","floor":19.0,"gold_loss":0.0,"damage_taken":0.0,"cards_obtained":["Sadistic Nature"]},{"damage_healed":0.0,"max_hp_gain":0.0,"max_hp_loss":0.0,"gold_gain":0.0,"event_name":"The Library","player_choice":"Read","floor":20.0,"gold_loss":0.0,"damage_taken":0.0,"cards_obtained":["DeathKnight:IceboundArmor"]},{"damage_healed":0.0,"max_hp_gain":0.0,"max_hp_loss":0.0,"gold_gain":0.0,"event_name":"Ghosts","player_choice":"Ignored","floor":22.0,"gold_loss":0.0,"damage_taken":0.0},{"damage_healed":0,"gold_gain":0,"player_choice":"Took Portal","damage_taken":0,"max_hp_gain":0,"max_hp_loss":0,"event_name":"SecretPortal","floor":36,"gold_loss":0}],"is_beta":false,"boss_relics":[{"not_picked":["Philosopher\u0027s Stone","Runic Dome"],"picked":"trackpad:StolenKidneys"},{"not_picked":["aspiration:WatcherSkillbook","aspiration:IroncladSkillbook"],"picked":"Calling Bell"}],"items_purged_floors":[21],"is_endless":false,"potions_floor_spawned":[1,14,16,18,31,33,35],"ascension_level":0}}