{"host":"qwv9nni2x0umspiu","time":1609468068,"event":{"mods":["BaseMod","Downfall","Minty Spire (QoL Compilation)","Replay The Spire","StSLib","The Hierophant","Wandering Minibosses"],"gold_per_floor":[112,112,69,87,103,103,103,103,103,61,138,156,169,199,184,165,165,160,160],"floor_reached":18,"playtime":660,"items_purged":[],"score":278,"play_id":"3413ee15-4bea-44e6-813f-5a05ace4434f","local_time":"20201231182748","is_ascension_mode":true,"campfire_choices":[{"data":"hierophant:Upheaval","floor":6.0,"key":"SMITH"},{"data":"hierophant:Punish","floor":9.0,"key":"SMITH"},{"data":"hierophant:HammerAndAnvil","floor":17,"key":"SMITH"}],"circlet_count":0,"master_deck":["AscendersBane","hierophant:Strike_Hierophant","hierophant:Strike_Hierophant","hierophant:Strike_Hierophant","hierophant:Strike_Hierophant","hierophant:Punish+1","hierophant:Defend_Hierophant","hierophant:Defend_Hierophant","hierophant:Defend_Hierophant","hierophant:Defend_Hierophant","hierophant:ChurchCoffers+1","hierophant:Upheaval+1","hierophant:Community","hierophant:Alms","hierophant:HammerAndAnvil+1","hierophant:Exaltation"],"relics":["hierophant:PropheticMaskRelic","NeowsBlessing","Gremlin Horn","Matryoshka"],"acts_visited":["Exordium"],"potions_floor_usage":[15],"damage_taken":[{"damage":0.0,"enemies":"Cultist","floor":1.0,"turns":1.0},{"damage":0.0,"enemies":"Small Slimes","floor":4.0,"turns":1.0},{"damage":0.0,"enemies":"2 Louse","floor":5.0,"turns":1.0},{"damage":7.0,"enemies":"Exordium Wildlife","floor":12.0,"turns":2.0},{"damage":2,"enemies":"Lots of Slimes","floor":13,"turns":2},{"damage":10,"enemies":"Lagavulin","floor":14,"turns":4},{"damage":13,"enemies":"Exordium Thugs","floor":15,"turns":5},{"damage":20,"enemies":"Blue Slaver","floor":16,"turns":6},{"damage":10,"enemies":"The Guardian","floor":18,"turns":5}],"seed_played":"-4749360512619171873","potions_obtained":[{"floor":1.0,"key":"Explosive Potion"},{"floor":13,"key":"Elixir"},{"floor":14,"key":"Flashbang"}],"is_trial":false,"path_per_floor":["M","?","$","M","M","R","PTL","PTL","R","$","T","M","M","E","M","M","R","B"],"character_chosen":"HIEROPHANT","items_purchased":["hierophant:Community","hierophant:Alms"],"campfire_rested":0,"item_purchase_floors":[3,10],"current_hp_per_floor":[68,68,68,68,68,68,68,68,68,68,68,61,59,49,36,16,16,6,6],"gold":160,"neow_bonus":"THREE_ENEMY_KILL","is_daily":false,"chose_seed":false,"campfire_upgraded":3,"win_rate":0.0,"timestamp":1609468068,"path_taken":["M","?","$","?","M","R","PTL","PTL","R","?","T","M","?","E","M","M","R","BOSS"],"items_purchased_type":["Card","Card"],"build_version":"2020-12-22","purchased_purges":0,"victory":false,"max_hp_per_floor":[75,75,75,75,75,75,75,75,75,75,75,75,75,75,75,75,75,75,75],"card_choices":[{"not_picked":["hierophant:Zeal","hierophant:CoinFling"],"picked":"hierophant:Upheaval","floor":1.0},{"not_picked":["hierophant:HolyVerse","hierophant:FlamingChariot","hierophant:Remorse"],"picked":"SKIP","floor":4.0},{"not_picked":["hierophant:Blessing","hierophant:Bribe","hierophant:Purify"],"picked":"SKIP","floor":5.0},{"not_picked":["hierophant:FieryStrike","hierophant:PristineSoul"],"picked":"hierophant:HammerAndAnvil","floor":12.0},{"not_picked":["hierophant:SecretStash","hierophant:Sermon"],"picked":"hierophant:Exaltation","floor":13},{"not_picked":["hierophant:Mercenaries","hierophant:Refuge","hierophant:Doubloon"],"picked":"SKIP","floor":14},{"not_picked":["hierophant:ThreeLashes","hierophant:CoinFling","hierophant:Dazzle"],"picked":"SKIP","floor":15},{"not_picked":["hierophant:Doubloon","hierophant:Purify","hierophant:HolyVerse"],"picked":"SKIP","floor":16}],"player_experience":1336051,"relics_obtained":[{"floor":11.0,"key":"Gremlin Horn"},{"floor":14,"key":"Matryoshka"}],"event_choices":[{"damage_healed":0.0,"max_hp_gain":0.0,"max_hp_loss":0.0,"gold_gain":0.0,"event_name":"Accursed Blacksmith","player_choice":"Forge","floor":2.0,"gold_loss":0.0,"damage_taken":0.0,"cards_upgraded":["hierophant:ChurchCoffers"]}],"is_beta":false,"boss_relics":[],"items_purged_floors":[],"is_endless":false,"potions_floor_spawned":[1,13,14],"killed_by":"The Guardian","ascension_level":20}}