{"host":"os9owiyb0rak6c8n","time":1609540413,"event":{"mods":["AchievementEnabler","BaseMod","Beaked The Cultist","Better Third Choice","Block Reminder","Colored Map","Colored Powertips","Dio Mod","Minty Spire (QoL Compilation)","Robot Space Explorer","Spicy Shops","StSLib","The Death Knight","The Dragon Tamer"],"gold_per_floor":[115,129,71,71,89,117,117,149,203,203,233,46,46,58,58,161,161,176,190,208,222,238,238,267,267,290,290,309,342,375,389,389,389,389],"floor_reached":33,"playtime":1262,"items_purged":["Strike_B"],"score":515,"play_id":"0ce52a13-a154-4dea-bacc-90fdcdf54b53","local_time":"20210101233333","is_ascension_mode":true,"campfire_choices":[{"data":"Beam Cell","floor":7,"key":"SMITH"},{"data":"Zap","floor":10,"key":"SMITH"},{"data":"Undo","floor":15,"key":"SMITH"},{"floor":23,"key":"REST"},{"data":"All For One","floor":25,"key":"SMITH"},{"floor":27,"key":"REST"},{"floor":32,"key":"REST"}],"circlet_count":0,"master_deck":["AscendersBane","Strike_B","Strike_B+1","Defend_B","Defend_B","Defend_B","Defend_B","Zap+1","Dualcast","Compile Driver+1","Beam Cell+1","Ball Lightning","Static Discharge+1","All For One+1","Rebound","Auto Shields","Melter","Undo+1","Stack+1","Hologram+1","FTL","FTL+1","Gash"],"relics":["Cracked Core","NeowsBlessing","HornCleat","Whetstone","Ancient Tea Set","Meat on the Bone","Thread and Needle","Sozu","Orichalcum","Bronze Scales","Red Mask","CeramicFish"],"acts_visited":["Exordium","TheCity"],"potions_floor_usage":[6,20],"damage_taken":[{"damage":0,"enemies":"2 Louse","floor":1,"turns":1},{"damage":0,"enemies":"Cultist","floor":2,"turns":1},{"damage":0,"enemies":"Small Slimes","floor":5,"turns":1},{"damage":15,"enemies":"Gremlin Nob","floor":6,"turns":3},{"damage":6,"enemies":"Lagavulin","floor":8,"turns":3},{"damage":0,"enemies":"Gremlin Nob","floor":11,"turns":3},{"damage":6,"enemies":"Gremlin Gang","floor":14,"turns":3},{"damage":10,"enemies":"The Guardian","floor":16,"turns":9},{"damage":3,"enemies":"3 Byrds","floor":18,"turns":3},{"damage":18,"enemies":"2 Thieves","floor":19,"turns":3},{"damage":0,"enemies":"Chosen and Byrds","floor":20,"turns":5},{"damage":14,"enemies":"Cultist and Chosen","floor":21,"turns":5},{"damage":26,"enemies":"3 Cultists","floor":22,"turns":5},{"damage":19,"enemies":"Slavers","floor":24,"turns":5},{"damage":0,"enemies":"Sentry and Sphere","floor":28,"turns":3},{"damage":17,"enemies":"Masked Bandits","floor":29,"turns":4},{"damage":32,"enemies":"Gremlin Leader","floor":30,"turns":5},{"damage":11,"enemies":"Shelled Parasite and Fungi","floor":31,"turns":4},{"damage":65,"enemies":"Champ","floor":33,"turns":8}],"seed_played":"-3471020837406146415","potions_obtained":[{"floor":1,"key":"DeathKnight:RimePotion"},{"floor":5,"key":"DuplicationPotion"},{"floor":6,"key":"FearPotion"},{"floor":16,"key":"Block Potion"}],"is_trial":false,"path_per_floor":["M","M","$","?","M","E","R","E","T","R","E","$","?","M","R","B",null,"M","M","M","M","M","R","E","R","T","R","M","?","E","M","R","B"],"character_chosen":"DEFECT","items_purchased":["Ball Lightning","Thread and Needle","Melter"],"campfire_rested":3,"item_purchase_floors":[3,12,12],"current_hp_per_floor":[68,68,68,68,68,53,53,47,47,47,47,47,47,41,41,43,67,64,46,46,44,30,52,45,45,45,67,67,50,30,31,53,0,0],"gold":389,"neow_bonus":"THREE_ENEMY_KILL","is_daily":false,"chose_seed":false,"campfire_upgraded":4,"win_rate":0.0,"timestamp":1609540413,"path_taken":["M","M","$","?","?","E","R","E","T","R","E","$","?","M","R","BOSS","M","?","M","M","M","R","E","R","T","R","M","?","E","M","R","BOSS"],"items_purchased_type":["Card","Relic","Card"],"build_version":"2020-12-22","purchased_purges":1,"victory":false,"max_hp_per_floor":[75,75,75,75,75,75,75,75,75,75,75,75,75,75,75,75,75,75,75,75,75,75,75,75,75,75,75,75,75,75,75,75,75,75],"card_choices":[{"not_picked":["Force Field","Undo"],"picked":"Compile Driver","floor":1},{"not_picked":["Steam","Scrape"],"picked":"Beam Cell","floor":2},{"not_picked":["Compile Driver","Turbo"],"picked":"Static Discharge","floor":5},{"not_picked":["Leap","Heatsinks"],"picked":"All For One","floor":6},{"not_picked":["Streamline","Recycle"],"picked":"Rebound","floor":8},{"not_picked":["Blizzard","Steam Power"],"picked":"Auto Shields","floor":11},{"not_picked":["Barrage","Stack"],"picked":"Undo","floor":14},{"not_picked":["Conserve Battery","Loop","Turbo+1"],"picked":"SKIP","floor":18},{"not_picked":["Beam Cell","Darkness","Ball Lightning"],"picked":"SKIP","floor":19},{"not_picked":["Leap+1","Ball Lightning"],"picked":"Stack+1","floor":20},{"not_picked":["Auto Shields","Hello World+1"],"picked":"Hologram+1","floor":21},{"not_picked":["Hologram","Sweeping Beam","Cold Snap"],"picked":"SKIP","floor":22},{"not_picked":["Static Discharge","Rainbow"],"picked":"FTL","floor":24},{"not_picked":["Steam","Self Repair"],"picked":"FTL+1","floor":28},{"not_picked":["Hologram+1","Chaos+1"],"picked":"Gash","floor":29},{"not_picked":["Fusion","Auto Shields+1","Steam Power"],"picked":"SKIP","floor":30},{"not_picked":["Capacitor","Chaos","Ball Lightning"],"picked":"SKIP","floor":31}],"player_experience":525855,"relics_obtained":[{"floor":6,"key":"HornCleat"},{"floor":8,"key":"Whetstone"},{"floor":9,"key":"Ancient Tea Set"},{"floor":11,"key":"Meat on the Bone"},{"floor":24,"key":"Orichalcum"},{"floor":26,"key":"Bronze Scales"},{"floor":29,"key":"Red Mask"},{"floor":30,"key":"CeramicFish"}],"event_choices":[{"cards_removed":["Strike_B"],"damage_healed":0,"gold_gain":0,"player_choice":"Offered Basic","damage_taken":0,"max_hp_gain":0,"max_hp_loss":0,"event_name":"Bonfire Elementals","floor":4,"gold_loss":0},{"damage_healed":0,"gold_gain":0,"player_choice":"Upgraded","damage_taken":0,"max_hp_gain":0,"max_hp_loss":0,"event_name":"Upgrade Shrine","floor":13,"gold_loss":0,"cards_upgraded":["Static Discharge"]},{"damage_healed":0,"gold_gain":0,"player_choice":"Fought Bandits","damage_taken":0,"max_hp_gain":0,"max_hp_loss":0,"event_name":"Masked Bandits","floor":29,"gold_loss":0}],"is_beta":false,"boss_relics":[{"not_picked":["Philosopher\u0027s Stone","Velvet Choker"],"picked":"Sozu"}],"items_purged_floors":[12],"is_endless":false,"potions_floor_spawned":[1,5,6,16,19,20,21,24,29],"killed_by":"Champ","ascension_level":11}}