{"host":"5fasz840ryq7obdf","time":1609515721,"event":{"mods":["AchievementEnabler","BaseMod","Bestiary","Better Altar","Better Skull","Better Third Choice","BetterRewards","Block Reminder","Colored Powertips","Curses Come First","Highlight Path","Minty Spire (QoL Compilation)","Quick Restart","Relic Sorter","Relic Stats","Replay The Spire","Shop Mod","Spicy Shops","StSLib","SuperFastMode"],"gold_per_floor":[111,161,212,241,266,306,332,391,391,468,568,568,641,734,734,843,843,927,1005,507,573,638,732,647,647,719,719,818,818,838,928,940,1089,1101,1185,393,393,393,417,539,539,620,643,710,809,880,965,1042,1042,1056,1084,1084,1084,335,445,459],"floor_reached":57,"playtime":3028,"items_purged":["Strike_R","Languid","Doubt","Languid","Replay:Hysterical Blindness","Pain"],"score":3398,"play_id":"a4dcd16a-01c3-4c66-9f41-da7eb8dc9a1c","local_time":"20210101154201","is_ascension_mode":true,"campfire_choices":[{"data":"Normality","floor":12.0,"key":"PURGE"},{"data":"Normality","floor":15.0,"key":"PURGE"},{"data":"Shame","floor":25.0,"key":"PURGE"},{"data":"Doubt","floor":29.0,"key":"PURGE"},{"data":"Overencumbered","floor":32.0,"key":"PURGE"},{"data":"Delirium","floor":41.0,"key":"PURGE"},{"floor":49.0,"key":"RECALL"},{"data":"Shame","floor":53.0,"key":"PURGE"}],"circlet_count":0,"master_deck":["AscendersBane","Bash+1","Reaper","Disarm+1","Body Slam","Seeing Red","Pummel","Replay:Many Hands","Replay:Many Hands+1","Combust","Whirlwind","Sadistic Nature","Combust","Sickly","Hemokinesis+1","Bloodletting","Rupture","Hemokinesis","ReplayTheSpireMod:Limb From Limb","CommonCold","Sickly","Decay","Voices","CommonCold","CommonCold","Sickly","Pain","Hallucinations","Limit Break","Demon Form","Brutality","Brutality","Heavy Blade+1","Thunderclap","Decay","ReplayTheSpireMod:Doomed","Regret","Inflame","Thunderclap+1","Regret","Uppercut+1","ReplayTheSpireMod:Muscle Training","Pain","Clumsy","Limit Break","Barricade+1","Combust+1","Combust+1","Clothesline+1","Havoc","Thunderclap+1","Fiend Fire+1","Bloodletting","Shrug It Off","Pommel Strike+1","Impervious","Battle Trance","Battle Trance","Madness","Madness","Fiend Fire+1","Shockwave","Fire Breathing+1","ReplayTheSpireMod:Doomed","Looming Evil","Second Wind","ReplayTheSpireMod:Faulty Equipment","ReplayTheSpireMod:Doomed","Replay:Hysterical Blindness","ReplayTheSpireMod:Splinters","Writhe","Entrench+1","Ghostly Armor+1","Decay","Bloodletting","Rupture+1","Fiend Fire+1","Delirium","Shame","Parasite","Writhe","Spreading Infection","Looming Evil","ReplayTheSpireMod:IOU","Writhe","Replay:Hysterical Blindness","ReplayTheSpireMod:Restless Dread","ReplayTheSpireMod:Splinters","Sickly","Doubt","Specialist+1","Shrug It Off","Life Link+1","Dual Wield","Heavy Blade+1","Overencumbered","ReplayTheSpireMod:Splinters","Languid","Replay:Many Hands"],"relics":["Burning Blood","ReplayTheSpireMod:Ring of Challenge","Happy Flower","Pen Nib","Ring of Greed","Strange Spoon","Brimstone","Red Skull","Torii","Calipers","Membership Card","King of Hearts","Bird Faced Urn","Bag of Marbles","Art of War","Replay:Wax Seal","Sling","HandDrill","Blue Doll","Replay:Bandana","Quantum Egg","Peace Pipe","ReplayTheSpireMod:TigerMarble","Tiny Chest","Chameleon Ring","Philosopher\u0027s Stone","War Paint","Akabeko","Self Forming Clay","Medical Kit","Chemical X","Molten Egg 2","Oddly Smooth Stone","Pocketwatch","Frozen Egg 2","Anchor","Replay:Baseball","Prayer Wheel","MawBank","Pandora\u0027s Box","Unceasing Top","OrangePellets","Ornamental Fan","Mango","Bronze Scales","Ginger","Potion Belt","PreservedInsect","Gremlin Horn","Strawberry","Toolbox","Whetstone","ReplayFunnel","Vajra"],"acts_visited":["Exordium","TheCity","TheBeyond","TheEnding"],"potions_floor_usage":[56,56,56],"damage_taken":[{"damage":9.0,"enemies":"2 Louse","floor":1.0,"turns":2.0},{"damage":2.0,"enemies":"Jaw Worm","floor":4.0,"turns":1.0},{"damage":3.0,"enemies":"Small Slimes","floor":5.0,"turns":2.0},{"damage":0.0,"enemies":"Gremlin Nob","floor":6.0,"turns":1.0},{"damage":14.0,"enemies":"Gremlin Gang","floor":7.0,"turns":3.0},{"damage":10.0,"enemies":"3 Sentries","floor":8.0,"turns":2.0},{"damage":3.0,"enemies":"2 Fungi Beasts","floor":10.0,"turns":2.0},{"damage":0.0,"enemies":"Lots of Slimes","floor":13.0,"turns":1.0},{"damage":16.0,"enemies":"Gremlin Nob","floor":14.0,"turns":3.0},{"damage":5.0,"enemies":"The Guardian","floor":16.0,"turns":2.0},{"damage":17.0,"enemies":"Shell Parasite","floor":18.0,"turns":2.0},{"damage":5.0,"enemies":"Chosen","floor":19.0,"turns":3.0},{"damage":1.0,"enemies":"Snecko","floor":21.0,"turns":1.0},{"damage":17.0,"enemies":"Snake Plant","floor":22.0,"turns":4.0},{"damage":2.0,"enemies":"Gremlin Leader","floor":23.0,"turns":1.0},{"damage":15.0,"enemies":"Slavers","floor":28.0,"turns":3.0},{"damage":33.0,"enemies":"Cultist and Chosen","floor":30.0,"turns":4.0},{"damage":34.0,"enemies":"Book of Stabbing","floor":31.0,"turns":3.0},{"damage":34.0,"enemies":"Champ","floor":33.0,"turns":5.0},{"damage":30.0,"enemies":"3 Shapes","floor":35.0,"turns":3.0},{"damage":2.0,"enemies":"3 Darklings","floor":39.0,"turns":1.0},{"damage":14.0,"enemies":"R_Hoarder","floor":40.0,"turns":3.0},{"damage":18.0,"enemies":"Nemesis","floor":42.0,"turns":3.0},{"damage":41.0,"enemies":"Sphere and 2 Shapes","floor":44.0,"turns":4.0},{"damage":38.0,"enemies":"4 Shapes","floor":45.0,"turns":2.0},{"damage":16.0,"enemies":"Maw","floor":46.0,"turns":4.0},{"damage":11.0,"enemies":"R_Hoarder","floor":47.0,"turns":3.0},{"damage":7.0,"enemies":"Spire Growth","floor":48.0,"turns":2.0},{"damage":53.0,"enemies":"Awakened One","floor":50.0,"turns":6.0},{"damage":60.0,"enemies":"Replay:Hell Engine","floor":51.0,"turns":5.0},{"damage":50,"enemies":"Shield and Spear","floor":55,"turns":2},{"damage":84,"enemies":"The Heart","floor":56,"turns":6}],"seed_played":"3034884493589580302","potions_obtained":[{"floor":3.0,"key":"SteroidPotion"},{"floor":4.0,"key":"Energy Potion"},{"floor":6.0,"key":"Energy Potion"},{"floor":18.0,"key":"Reflective Coating"},{"floor":22.0,"key":"HeartOfIron"},{"floor":28.0,"key":"Dexterity Potion"},{"floor":39.0,"key":"Death Potion"},{"floor":42.0,"key":"Regen Potion"},{"floor":48.0,"key":"Explosive Potion"}],"is_trial":false,"path_per_floor":["M","?","?","M","M","E","M","E","T","M","?","R","M","E","R","B",null,"M","M","$","M","M","E","?","R","T","T","E","R","M","E","R","B",null,"M","$","?","?","M","E","R","E","T","M","M","M","E","M","R","B","B",null,"R","$","E","B",null],"character_chosen":"IRONCLAD","items_purchased":["Red Skull","Torii","Reaper","Calipers","Disarm+1","Body Slam","Membership Card","King of Hearts","Bird Faced Urn","Bag of Marbles","Art of War","Replay:Wax Seal","Pen Nib","Happy Flower","Sling","Seeing Red","Pummel","Replay:Many Hands","Combust","Whirlwind","HandDrill","Strange Spoon","Sadistic Nature","Brimstone","Akabeko","Self Forming Clay","Brutality","Heavy Blade+1","Thunderclap","Medical Kit","Chemical X","Unceasing Top","OrangePellets","Ornamental Fan","Mango","Impervious","Battle Trance","Specialist+1","Shrug It Off","Life Link+1","Dual Wield","Strawberry","Toolbox","Whetstone","HeartOfIron","BloodPotion","FearPotion","Heavy Blade+1"],"campfire_rested":0,"item_purchase_floors":[0,0,0,0,0,0,0,0,0,0,0,0,0,0,0,0,0,0,0,0,0,0,0,0,20,20,20,20,20,20,20,36,36,36,36,36,36,54,54,54,54,54,54,54,54,54,54,54],"current_hp_per_floor":[46,46,46,50,55,61,55,75,75,75,75,75,75,69,69,74,75,67,70,70,75,68,75,75,75,75,75,73,73,54,50,50,34,65,45,59,43,38,89,81,81,79,79,62,32,28,27,52,52,40,29,74,74,81,49,28],"gold":459,"neow_bonus":"","is_daily":false,"chose_seed":false,"campfire_upgraded":0,"win_rate":0.0,"timestamp":1609515721,"path_taken":["M","?","?","M","?","E","M","E","T","M","?","R","M","E","R","BOSS","BOSS","M","?","$","M","M","E","?","R","T","?","E","R","M","E","R","BOSS","M","$","?","?","M","E","R","E","T","?","M","M","E","M","R","BOSS","BOSS","R","$","E","BOSS"],"items_purchased_type":["Relic","Relic","Card","Relic","Card","Card","Relic","Relic","Relic","Relic","Relic","Relic","Relic","Relic","Relic","Card","Card","Card","Card","Card","Relic","Relic","Card","Relic","Relic","Relic","Card","Card","Card","Relic","Relic","Relic","Relic","Relic","Relic","Card","Card","Card","Card","Card","Card","Relic","Relic","Relic","Potion","Potion","Potion","Card"],"build_version":"2020-12-22","purchased_purges":6,"victory":true,"max_hp_per_floor":[75,75,75,75,75,75,75,75,75,75,75,75,75,75,75,75,75,75,75,75,75,75,75,75,75,75,75,75,75,75,75,75,75,75,75,89,89,89,89,89,89,89,89,89,89,89,89,89,89,89,89,89,89,96,96,96],"relic_stats":{"Torii":100,"Gremlin Horn":[22,23],"Ginger":[12],"Whetstone":["Bash","Hemokinesis"],"Burning Blood":1308,"Tiny Chest":1,"Prayer Wheel":6,"HandDrill":[80],"Chemical X":[6],"Happy Flower":[32],"counters":[250,778],"Self Forming Clay":[483],"Pen Nib":[35],"PreservedInsect":468,"War Paint":["Defend_G","Survivor","Defend_R","Replay:Many Hands"],"Medical Kit":[8],"MawBank":84,"Peace Pipe":7,"Strange Spoon":[61],"OrangePellets":[25],"Ornamental Fan":[52],"Bird Faced Urn":[131],"Bronze Scales":[461],"Pandora\u0027s Box":["Barricade","Combust","Combust","Clothesline","Havoc","Thunderclap","Fiend Fire","Bloodletting"],"Art of War":[11],"obtain_stats":[{"Golden Egg":45,"Ginger":0,"Whetstone":9,"Bottled Tornado":54,"Sling":48,"Ring of Searing":19,"Old Coin":42,"Blood Vial":17,"Sundial":5,"MealTicket":3,"HandDrill":0,"Replay:Bottled Flurry":57,"Kunai":19,"Replay:Wax Seal":0,"Electric Blood":17,"Replay:Bottled Steam":30,"Runic Cube":17,"betterAltar:BloodRelic":21,"Blue Candle":48,"Counterbalance":48,"Eternal Feather":8,"Pen Nib":0,"Replay:Ancient Bell":34,"Akabeko":17,"SlaversCollar":17,"Bird Faced Urn":48,"Pandora\u0027s Box":34,"Mark of Pain":34,"StrikeDummy":23,"Unceasing Top":0,"Lantern":9,"Regal Pillow":21,"Singing Bowl":0,"Torii":0,"StoneCalendar":4,"Blue Doll":2,"King of Hearts":0,"Bag of Preparation":48,"Smiling Mask":9,"Cursed Key":34,"Ancient Tea Set":21,"Burning Blood":0,"Pet Ghost":30,"Replay:Rubber Ducky":34,"Matryoshka":0,"Shovel":17,"Toolbox":54,"Chemical X":20,"InkBottle":17,"Paper Frog":28,"Potion Belt":48,"Self Forming Clay":31,"Golden Idol":3,"Thread and Needle":45,"PreservedInsect":0,"The Courier":27,"Omamori":25,"Ring of Greed":2,"Frozen Egg 2":0,"MawBank":42,"Ornamental Fan":26,"Bloody Idol":21,"Orrery":20,"Turnip":54,"Art of War":6,"Durian":0,"Garlic":0,"Bottled Lightning":14,"ReplayTheSpireMod:Ring of Challenge":2,"ReplayTheSpireMod:Lightbulb":11,"Toy Ornithopter":23,"Ice Cream":12,"Divine Protection":0,"Calipers":0,"Gremlin Horn":55,"CeramicFish":2,"Vajra":20,"Sozu":17,"Centennial Puzzle":21,"HornCleat":55,"DollysMirror":0,"Strawberry":40,"Prayer Wheel":17,"Philosopher\u0027s Stone":17,"Iron Hammer":25,"Toxic Egg 2":0,"Girya":0,"Happy Flower":0,"Ring of Hypnosis":19,"ReplayTheSpireMod:CursedCoin":54,"Replay:Grab Bag":17,"Oddly Smooth Stone":8,"Charon\u0027s Ashes":26,"Letter Opener":40,"War Paint":41,"Question Card":14,"Du-Vu Doll":0,"OrangePellets":31,"ReplayTheSpireMod:Spearhead":6,"Replay:Baseball":25,"Brimstone":37,"Shuriken":32,"Bronze Scales":42,"Onion Ring":42,"Simple Rune":55,"Molten Egg 2":22,"Black Star":34,"ReplayTheSpireMod:TigerMarble":8,"Grinning Jar":6,"Mirror":40,"Pocketwatch":44,"Meat on the Bone":0,"Darkstone Periapt":12,"ReplayFunnel":54,"Mango":10,"Incense Burner":38,"Juzu Bracelet":48,"ClockworkSouvenir":48,"Nunchaku":26,"Replay:Bandana":0,"Dream Catcher":23,"Chameleon Ring":44,"Mummified Hand":6,"Gambling Chip":0,"Tiny Chest":20,"Red Mask":39,"Replay:Bottled Snecko":54,"Red Skull":20,"Runic Pyramid":17,"Gremlin Food":0,"Replay:Towering Pillar of Hats":12,"Guide Book":36,"Quantum Egg":3,"Replay:WaspNest":9,"Odd Mushroom":10,"Orichalcum":31,"Medical Kit":0,"White Beast Statue":28,"Mercury Hourglass":46,"Calling Bell":17,"Peace Pipe":45,"Strange Spoon":0,"Anchor":36,"ChewingGum":34,"Bag of Marbles":0,"Snack Pack":0,"Membership Card":0,"TungstenRod":43,"FossilizedHelix":46},{"Golden Egg":156,"Ginger":10,"Whetstone":16,"Bottled Tornado":216,"Sling":66,"Ring of Searing":199,"Old Coin":210,"Blood Vial":21,"Sundial":193,"MealTicket":41,"HandDrill":0,"Replay:Bottled Flurry":190,"Kunai":50,"Replay:Wax Seal":191,"Electric Blood":139,"Replay:Bottled Steam":145,"Runic Cube":198,"betterAltar:BloodRelic":22,"Blue Candle":66,"Counterbalance":214,"Eternal Feather":16,"Pen Nib":0,"Replay:Ancient Bell":205,"Akabeko":49,"SlaversCollar":198,"Bird Faced Urn":66,"Pandora\u0027s Box":237,"Mark of Pain":58,"StrikeDummy":175,"Unceasing Top":68,"Lantern":4,"Regal Pillow":51,"Singing Bowl":40,"Torii":68,"StoneCalendar":41,"Blue Doll":219,"King of Hearts":98,"Bag of Preparation":94,"Smiling Mask":16,"Cursed Key":29,"Ancient Tea Set":109,"Burning Blood":0,"Pet Ghost":177,"Replay:Rubber Ducky":205,"Matryoshka":10,"Shovel":49,"Toolbox":248,"Chemical X":230,"InkBottle":49,"Paper Frog":26,"Potion Belt":94,"Self Forming Clay":28,"Golden Idol":69,"Thread and Needle":36,"PreservedInsect":10,"The Courier":55,"Omamori":24,"Ring of Greed":219,"Frozen Egg 2":0,"MawBank":64,"Ornamental Fan":24,"Bloody Idol":22,"Orrery":109,"Turnip":158,"Art of War":14,"Durian":98,"Garlic":160,"Bottled Lightning":20,"ReplayTheSpireMod:Ring of Challenge":219,"ReplayTheSpireMod:Lightbulb":167,"Toy Ornithopter":23,"Ice Cream":46,"Divine Protection":160,"Calipers":40,"Gremlin Horn":129,"CeramicFish":11,"Vajra":22,"Sozu":76,"Centennial Puzzle":51,"HornCleat":97,"DollysMirror":98,"Strawberry":121,"Prayer Wheel":21,"Philosopher\u0027s Stone":228,"Iron Hammer":112,"Toxic Egg 2":0,"Girya":191,"Happy Flower":10,"Ring of Hypnosis":199,"ReplayTheSpireMod:CursedCoin":158,"Replay:Grab Bag":198,"Oddly Smooth Stone":44,"Charon\u0027s Ashes":54,"Letter Opener":34,"War Paint":89,"Question Card":9,"Du-Vu Doll":40,"OrangePellets":28,"ReplayTheSpireMod:Spearhead":101,"Replay:Baseball":112,"Brimstone":31,"Shuriken":57,"Bronze Scales":35,"Onion Ring":123,"Simple Rune":129,"Molten Egg 2":232,"Black Star":85,"ReplayTheSpireMod:TigerMarble":224,"Grinning Jar":135,"Mirror":152,"Pocketwatch":124,"Meat on the Bone":130,"Darkstone Periapt":19,"ReplayFunnel":128,"Mango":45,"Incense Burner":88,"Juzu Bracelet":186,"ClockworkSouvenir":66,"Nunchaku":24,"Replay:Bandana":98,"Dream Catcher":111,"Chameleon Ring":211,"Mummified Hand":71,"Gambling Chip":40,"Tiny Chest":22,"Red Mask":151,"Replay:Bottled Snecko":128,"Red Skull":22,"Runic Pyramid":171,"Gremlin Food":191,"Replay:Towering Pillar of Hats":195,"Guide Book":118,"Quantum Egg":219,"Replay:WaspNest":103,"Odd Mushroom":5,"Orichalcum":84,"Medical Kit":130,"White Beast Statue":203,"Mercury Hourglass":65,"Calling Bell":21,"Peace Pipe":125,"Strange Spoon":0,"Anchor":59,"ChewingGum":148,"Bag of Marbles":98,"Snack Pack":130,"Membership Card":10,"TungstenRod":35,"FossilizedHelix":93},{"Golden Egg":513,"Ginger":39,"Whetstone":57,"Bottled Tornado":680,"Sling":203,"Ring of Searing":641,"Old Coin":658,"Blood Vial":72,"Sundial":619,"MealTicket":129,"HandDrill":0,"Replay:Bottled Flurry":610,"Kunai":163,"Replay:Wax Seal":613,"Electric Blood":470,"Replay:Bottled Steam":489,"Runic Cube":639,"betterAltar:BloodRelic":74,"Blue Candle":203,"Counterbalance":669,"Eternal Feather":57,"Pen Nib":0,"Replay:Ancient Bell":652,"Akabeko":159,"SlaversCollar":639,"Bird Faced Urn":203,"Pandora\u0027s Box":734,"Mark of Pain":182,"StrikeDummy":566,"Unceasing Top":212,"Lantern":11,"Regal Pillow":166,"Singing Bowl":127,"Torii":212,"StoneCalendar":129,"Blue Doll":691,"King of Hearts":364,"Bag of Preparation":337,"Smiling Mask":57,"Cursed Key":99,"Ancient Tea Set":385,"Burning Blood":0,"Pet Ghost":569,"Replay:Rubber Ducky":652,"Matryoshka":39,"Shovel":159,"Toolbox":770,"Chemical X":713,"InkBottle":159,"Paper Frog":88,"Potion Belt":337,"Self Forming Clay":94,"Golden Idol":215,"Thread and Needle":116,"PreservedInsect":39,"The Courier":176,"Omamori":80,"Ring of Greed":691,"Frozen Egg 2":0,"MawBank":195,"Ornamental Fan":80,"Bloody Idol":74,"Orrery":385,"Turnip":523,"Art of War":53,"Durian":364,"Garlic":531,"Bottled Lightning":66,"ReplayTheSpireMod:Ring of Challenge":691,"ReplayTheSpireMod:Lightbulb":542,"Toy Ornithopter":77,"Ice Cream":148,"Divine Protection":531,"Calipers":127,"Gremlin Horn":430,"CeramicFish":43,"Vajra":74,"Sozu":241,"Centennial Puzzle":166,"HornCleat":355,"DollysMirror":364,"Strawberry":411,"Prayer Wheel":72,"Philosopher\u0027s Stone":708,"Iron Hammer":392,"Toxic Egg 2":0,"Girya":613,"Happy Flower":39,"Ring of Hypnosis":641,"ReplayTheSpireMod:CursedCoin":523,"Replay:Grab Bag":639,"Oddly Smooth Stone":142,"Charon\u0027s Ashes":172,"Letter Opener":111,"War Paint":319,"Question Card":33,"Du-Vu Doll":127,"OrangePellets":94,"ReplayTheSpireMod:Spearhead":370,"Replay:Baseball":392,"Brimstone":103,"Shuriken":180,"Bronze Scales":113,"Onion Ring":417,"Simple Rune":430,"Molten Egg 2":718,"Black Star":297,"ReplayTheSpireMod:TigerMarble":700,"Grinning Jar":452,"Mirror":505,"Pocketwatch":419,"Meat on the Bone":435,"Darkstone Periapt":65,"ReplayFunnel":429,"Mango":144,"Incense Burner":313,"Juzu Bracelet":595,"ClockworkSouvenir":203,"Nunchaku":80,"Replay:Bandana":364,"Dream Catcher":389,"Chameleon Ring":659,"Mummified Hand":222,"Gambling Chip":127,"Tiny Chest":74,"Red Mask":501,"Replay:Bottled Snecko":429,"Red Skull":74,"Runic Pyramid":556,"Gremlin Food":613,"Replay:Towering Pillar of Hats":628,"Guide Book":407,"Quantum Egg":691,"Replay:WaspNest":373,"Odd Mushroom":14,"Orichalcum":286,"Medical Kit":435,"White Beast Statue":647,"Mercury Hourglass":200,"Calling Bell":72,"Peace Pipe":420,"Strange Spoon":0,"Anchor":183,"ChewingGum":497,"Bag of Marbles":364,"Snack Pack":435,"Membership Card":39,"TungstenRod":113,"FossilizedHelix":334}],"Unceasing Top":[7],"Pocketwatch":[43]},"card_choices":[{"not_picked":["Havoc","Thunderclap"],"picked":"Combust","floor":1.0},{"not_picked":["Pommel Strike","Run Through","Power Through"],"picked":"SKIP","floor":4.0},{"not_picked":["Iron Wave","Metallicize"],"picked":"Hemokinesis","floor":5.0},{"not_picked":["Flame Barrier","Juggernaut"],"picked":"Bloodletting","floor":6.0},{"not_picked":["Perfected Strike","Body Slam"],"picked":"Rupture","floor":7.0},{"not_picked":["Body Slam","Run Through"],"picked":"Hemokinesis","floor":8.0},{"not_picked":["ReplayTheSpireMod:LeadingStrike","Warcry"],"picked":"ReplayTheSpireMod:Limb From Limb","floor":10.0},{"not_picked":["Armaments","Warcry","Flex"],"picked":"SKIP","floor":13.0},{"not_picked":["Massacre","Infernal Blade","Clothesline"],"picked":"SKIP","floor":14.0},{"not_picked":["Replay:Many Hands","Reaper"],"picked":"Limit Break","floor":16.0},{"not_picked":["Perfected Strike","Sword Boomerang","Warcry"],"picked":"SKIP","floor":18.0},{"not_picked":["Cleave","Replay:Undeath\u0027s Touch"],"picked":"Demon Form","floor":19.0},{"not_picked":["Spot Weakness","Body Slam"],"picked":"Inflame","floor":21.0},{"not_picked":["Metallicize","True Grit"],"picked":"Thunderclap+1","floor":22.0},{"not_picked":["Body Slam+1","Twin Strike+1","ReplayTheSpireMod:LeadingStrike+1"],"picked":"SKIP","floor":23.0},{"not_picked":["Dual Wield","Iron Wave+1"],"picked":"Uppercut+1","floor":28.0},{"not_picked":["Anger+1","Thunderclap+1"],"picked":"ReplayTheSpireMod:Muscle Training","floor":30.0},{"not_picked":["Clash+1","ReplayTheSpireMod:Strike From Hell+1","ReplayTheSpireMod:Corrosion Curse"],"picked":"SKIP","floor":31.0},{"not_picked":["Berserk+1","Impervious"],"picked":"Limit Break","floor":33.0},{"not_picked":["Sword Boomerang+1","Perfected Strike+1"],"picked":"Shrug It Off","floor":35.0},{"not_picked":["ReplayTheSpireMod:LeadingStrike+1","Sword Boomerang+1"],"picked":"Pommel Strike+1","floor":35.0},{"not_picked":["Pummel+1","True Grit"],"picked":"Fiend Fire+1","floor":39.0},{"not_picked":["ReplayTheSpireMod:Strike From Hell+1","Wild Strike+1"],"picked":"Shockwave","floor":39.0},{"not_picked":["Clothesline+1","Rage+1"],"picked":"Fire Breathing+1","floor":40.0},{"not_picked":["Havoc+1","Rage","Warcry"],"picked":"SKIP","floor":42.0},{"not_picked":["Blood for Blood+1","Defy Death"],"picked":"Second Wind","floor":44.0},{"not_picked":["Body Slam+1","ReplayTheSpireMod:Strike From Hell+1","Twin Strike+1"],"picked":"SKIP","floor":44.0},{"not_picked":["Thunderclap+1","Wild Strike+1","Pommel Strike+1"],"picked":"SKIP","floor":45.0},{"not_picked":["Pommel Strike+1","Warcry+1","Run Through+1"],"picked":"SKIP","floor":45.0},{"not_picked":["Twin Strike+1","Ghostly Armor+1"],"picked":"Entrench+1","floor":46.0},{"not_picked":["Evolve+1","Replay:Undeath\u0027s Touch+1"],"picked":"Ghostly Armor+1","floor":46.0},{"not_picked":["Flex+1","Burning Pact"],"picked":"Bloodletting","floor":47.0},{"not_picked":["Iron Wave+1","Power Through"],"picked":"Rupture+1","floor":48.0},{"not_picked":["Flame Barrier","Burning Pact+1"],"picked":"Fiend Fire+1","floor":48.0},{"not_picked":["Flex+1","Abandon"],"picked":"Replay:Many Hands","floor":55}],"player_experience":1332624,"relics_obtained":[{"floor":2.0,"key":"ReplayTheSpireMod:Ring of Challenge"},{"floor":2.0,"key":"Ring of Greed"},{"floor":2.0,"key":"Blue Doll"},{"floor":2.0,"key":"Replay:Bandana"},{"floor":3.0,"key":"Quantum Egg"},{"floor":6.0,"key":"Peace Pipe"},{"floor":8.0,"key":"ReplayTheSpireMod:TigerMarble"},{"floor":9.0,"key":"Tiny Chest"},{"floor":14.0,"key":"Chameleon Ring"},{"floor":18.0,"key":"War Paint"},{"floor":22.0,"key":"Molten Egg 2"},{"floor":23.0,"key":"Oddly Smooth Stone"},{"floor":26.0,"key":"Frozen Egg 2"},{"floor":27.0,"key":"Anchor"},{"floor":28.0,"key":"Replay:Baseball"},{"floor":31.0,"key":"Prayer Wheel"},{"floor":31.0,"key":"MawBank"},{"floor":40.0,"key":"Bronze Scales"},{"floor":42.0,"key":"Ginger"},{"floor":42.0,"key":"Potion Belt"},{"floor":46.0,"key":"PreservedInsect"},{"floor":47.0,"key":"Gremlin Horn"},{"floor":55,"key":"ReplayFunnel"},{"floor":55,"key":"Vajra"}],"event_choices":[{"damage_healed":0.0,"max_hp_gain":0.0,"max_hp_loss":0.0,"gold_gain":100.0,"event_name":"Wheel of Change","player_choice":"Gold","floor":11.0,"gold_loss":0.0,"damage_taken":0.0},{"damage_healed":0.0,"max_hp_gain":0.0,"max_hp_loss":0.0,"gold_gain":0.0,"event_name":"Addict","player_choice":"Obtained Relic","floor":24.0,"gold_loss":85.0,"damage_taken":0.0,"relics_obtained":["Pocketwatch"]},{"damage_healed":0.0,"max_hp_gain":0.0,"max_hp_loss":0.0,"gold_gain":0.0,"event_name":"Winding Halls","player_choice":"Embrace Madness","floor":37.0,"gold_loss":0.0,"damage_taken":16.0,"cards_obtained":["Madness","Madness"]},{"damage_healed":0.0,"max_hp_gain":0.0,"max_hp_loss":0.0,"gold_gain":0.0,"event_name":"The Woman in Blue","player_choice":"Bought 0 Potions","floor":38.0,"gold_loss":0.0,"damage_taken":0.0}],"is_beta":false,"boss_relics":[{"not_picked":["Cursed Key","Painkiller Herb"],"picked":"Philosopher\u0027s Stone"},{"not_picked":["Replay:Bronze Core","Black Blood"],"picked":"Pandora\u0027s Box"}],"items_purged_floors":[0,20,36,36,54,54],"is_endless":false,"potions_floor_spawned":[4,5,6,14,18,22,28,39,42,48,55],"ascension_level":20}}