{"host":"w4qf11634cf28tiw","time":1609469258,"event":{"mods":["BaseMod","Colored Map","Colored Powertips","Minty Spire (QoL Compilation)","Quick Restart","StSLib"],"gold_per_floor":[109,109,119,130,130,164,164,183,208,208,208,219,219,229,229,333,383,349,363,379,379,379],"floor_reached":21,"playtime":2320,"items_purged":[],"score":183,"play_id":"f94ee710-ff43-4a3a-9d0e-552fa8031728","local_time":"20201231214738","is_ascension_mode":false,"campfire_choices":[{"data":"Neutralize","floor":7,"key":"SMITH"},{"data":"Poisoned Stab","floor":10,"key":"SMITH"},{"data":"Survivor","floor":13,"key":"SMITH"},{"floor":15,"key":"REST"}],"circlet_count":0,"master_deck":["Strike_G","Strike_G","Strike_G+1","Strike_G+1","Strike_G+1","Defend_G","Defend_G","Defend_G","Defend_G","Survivor+1","Neutralize+1","Acrobatics","Deadly Poison+1","Sucker Punch+1","Poisoned Stab+1","Deadly Poison","Die Die Die","Poisoned Stab","Poisoned Stab+1"],"relics":["Ring of the Snake","Nunchaku","Whetstone","Tiny House"],"acts_visited":["Exordium","TheCity"],"potions_floor_usage":[16,16,19],"damage_taken":[{"damage":0,"enemies":"Small Slimes","floor":1,"turns":4},{"damage":1,"enemies":"Jaw Worm","floor":3,"turns":4},{"damage":0,"enemies":"Cultist","floor":4,"turns":3},{"damage":30,"enemies":"Gremlin Nob","floor":6,"turns":4},{"damage":11,"enemies":"Lots of Slimes","floor":8,"turns":6},{"damage":0,"enemies":"Looter","floor":12,"turns":4},{"damage":0,"enemies":"Exordium Wildlife","floor":14,"turns":3},{"damage":13,"enemies":"Hexaghost","floor":16,"turns":9},{"damage":31,"enemies":"2 Thieves","floor":18,"turns":5},{"damage":24,"enemies":"3 Byrds","floor":19,"turns":5},{"damage":12,"enemies":"Centurion and Healer","floor":20,"turns":8},{"damage":18,"enemies":"Snake Plant","floor":21,"turns":4}],"seed_played":"3125013729407427829","potions_obtained":[{"floor":3,"key":"Swift Potion"},{"floor":4,"key":"Weak Potion"},{"floor":8,"key":"Dexterity Potion"},{"floor":16,"key":"SpeedPotion"},{"floor":17,"key":"PowerPotion"}],"is_trial":false,"path_per_floor":["M","?","M","M","?","E","R","M","T","R","?","M","R","M","R","B",null,"M","M","M","M"],"character_chosen":"THE_SILENT","items_purchased":[],"campfire_rested":1,"item_purchase_floors":[],"current_hp_per_floor":[77,62,61,61,61,31,31,20,20,20,20,20,20,20,43,30,82,51,27,15,0,0],"gold":379,"neow_bonus":"TEN_PERCENT_HP_BONUS","is_daily":false,"chose_seed":false,"campfire_upgraded":3,"win_rate":0.0,"timestamp":1609469258,"path_taken":["M","?","M","M","?","E","R","M","T","R","?","M","R","M","R","BOSS","M","?","?","M"],"items_purchased_type":[],"build_version":"2020-12-22","purchased_purges":0,"victory":false,"max_hp_per_floor":[77,77,77,77,77,77,77,77,77,77,77,77,77,77,77,77,82,82,82,82,82,82],"card_choices":[{"not_picked":["Underhanded Strike","Backstab"],"picked":"Acrobatics","floor":1},{"not_picked":["Heel Hook","Masterful Stab"],"picked":"Deadly Poison","floor":3},{"not_picked":["Phantasmal Killer","Deflect","Endless Agony"],"picked":"SKIP","floor":4},{"not_picked":["Masterful Stab","Backflip"],"picked":"Sucker Punch","floor":6},{"not_picked":["PiercingWail","Unload"],"picked":"Poisoned Stab","floor":8},{"not_picked":["Poisoned Stab","Calculated Gamble"],"picked":"Deadly Poison","floor":12},{"not_picked":["Outmaneuver","Acrobatics","Backflip"],"picked":"SKIP","floor":14},{"not_picked":["Envenom","Malaise"],"picked":"Die Die Die","floor":16},{"not_picked":["Crippling Poison","Flying Knee"],"picked":"Poisoned Stab","floor":17},{"not_picked":["Expertise","Masterful Stab","Bane+1"],"picked":"SKIP","floor":18},{"not_picked":["Deflect","Backstab"],"picked":"Poisoned Stab+1","floor":19},{"not_picked":["PiercingWail","Venomology","Calculated Gamble"],"picked":"SKIP","floor":20},{"not_picked":["PiercingWail","Venomology","Calculated Gamble"],"picked":"SKIP","floor":20}],"player_experience":30779,"relics_obtained":[{"floor":6,"key":"Nunchaku"},{"floor":9,"key":"Whetstone"}],"event_choices":[{"damage_healed":0,"gold_gain":0,"player_choice":"Entered Light","damage_taken":15,"max_hp_gain":0,"max_hp_loss":0,"event_name":"Shining Light","floor":2,"gold_loss":0,"cards_upgraded":["Strike_G","Strike_G"]},{"damage_healed":0,"gold_gain":0,"player_choice":"Ignored","damage_taken":0,"max_hp_gain":0,"max_hp_loss":0,"event_name":"Golden Idol","floor":5,"gold_loss":0},{"cards_removed":["Defend_G"],"damage_healed":0,"gold_gain":0,"player_choice":"Offered Basic","damage_taken":0,"max_hp_gain":0,"max_hp_loss":0,"event_name":"Bonfire Elementals","floor":11,"gold_loss":0}],"is_beta":false,"boss_relics":[{"not_picked":["Busted Crown","SacredBark"],"picked":"Tiny House"}],"items_purged_floors":[],"is_endless":false,"potions_floor_spawned":[3,4,8,16,18],"killed_by":"Snake Plant","ascension_level":0}}