{"host":"1u4zr9vl8my47i07","time":1609526364,"event":{"mods":["AchievementEnabler","BaseMod","Card Forge","DeckTracker","Filter the Spire","Highlight Path","Keyboard Shortcuts","Minty Spire (QoL Compilation)","Relic Stats","StSLib","SuperFastMode","The Animator","Uncapped","everything is the same but u backflip on backflip"],"gold_per_floor":[113,113,131,148,148,179,189,224,250,267,294,306,326,67,67,167,167,183,183,15,27,43,68,80,109,186,186,186,220,234,249,249,350,350,367,367,86,136,156,186,199,226,252,266,282,313,313,326,326,326,326,326,119,151,151],"floor_reached":56,"playtime":3254,"items_purged":["Defend_G"],"score":2275,"play_id":"eb7090b4-f395-4d36-8ee6-909a58f71751","local_time":"20210102033924","is_ascension_mode":true,"campfire_choices":[{"data":"Blade Dance","floor":15.0,"key":"SMITH"},{"floor":27.0,"key":"REST"},{"floor":32.0,"key":"RECALL"},{"data":"Strike_G+1","floor":49.0,"key":"PURGE"},{"data":"Defend_G","floor":52.0,"key":"PURGE"}],"circlet_count":0,"master_deck":["Defend_G","Survivor","Neutralize+1","Accuracy+1","After Image","Adrenaline+1","Calculated Gamble+1","Blade Dance+1","Backflip","Well Laid Plans+1","Accuracy+1","Prepared+1","Cloak And Dagger+1","Accuracy+1","Blade Dance+1","Blade Dance+1","Prepared","Dash+1","Dodge and Roll","Acrobatics","PiercingWail","Terror","Phantasmal Killer","Backflip","Apotheosis+1","Reflex","Leg Sweep+1","Blur+1","Envenom+1","Ghostly","Ghostly","Ghostly","Ghostly","Ghostly","Accuracy","Blade Dance","Tactician+1","Escape Plan","Blade Dance"],"relics":["Ring of the Snake","Hammer of Thor","Seething Fire","Anvil of the Gods","Strawberry","Tiny Chest","Nunchaku","PreservedInsect","MealTicket","Vajra","Black Star","Orichalcum","Potion Belt","Happy Flower","Snake Skull","Ice Cream","Boot","WristBlade","The Specimen","Membership Card","Ancient Tea Set","Peace Pipe","Centennial Puzzle","Calipers","Toy Ornithopter","Whetstone","Juzu Bracelet","Bag of Preparation","Torii","Unceasing Top","Bag of Marbles","Art of War"],"acts_visited":["Exordium","TheCity","TheBeyond","TheEnding"],"potions_floor_usage":[55,55,55,55,55,55,55,55,55],"damage_taken":[{"damage":0.0,"enemies":"Jaw Worm","floor":1.0,"turns":3.0},{"damage":0.0,"enemies":"Cultist","floor":3.0,"turns":2.0},{"damage":0.0,"enemies":"2 Louse","floor":4.0,"turns":1.0},{"damage":0.0,"enemies":"Lagavulin","floor":6.0,"turns":3.0},{"damage":0.0,"enemies":"Large Slime","floor":7.0,"turns":2.0},{"damage":0.0,"enemies":"3 Sentries","floor":8.0,"turns":2.0},{"damage":0.0,"enemies":"Red Slaver","floor":10.0,"turns":1.0},{"damage":0.0,"enemies":"Lagavulin","floor":11.0,"turns":3.0},{"damage":0.0,"enemies":"Blue Slaver","floor":12.0,"turns":1.0},{"damage":0.0,"enemies":"Large Slime","floor":13.0,"turns":2.0},{"damage":0.0,"enemies":"Slime Boss","floor":16.0,"turns":3.0},{"damage":2.0,"enemies":"3 Byrds","floor":18.0,"turns":3.0},{"damage":13.0,"enemies":"Spheric Guardian","floor":21.0,"turns":4.0},{"damage":7.0,"enemies":"Snake Plant","floor":22.0,"turns":2.0},{"damage":24.0,"enemies":"Book of Stabbing","floor":23.0,"turns":3.0},{"damage":4.0,"enemies":"3 Cultists","floor":24.0,"turns":3.0},{"damage":0.0,"enemies":"Gremlin Leader","floor":25.0,"turns":4.0},{"damage":0.0,"enemies":"Book of Stabbing","floor":29.0,"turns":4.0},{"damage":0.0,"enemies":"Shelled Parasite and Fungi","floor":30.0,"turns":5.0},{"damage":0.0,"enemies":"Snecko","floor":31.0,"turns":6.0},{"damage":0.0,"enemies":"Champ","floor":33.0,"turns":6.0},{"damage":0.0,"enemies":"3 Darklings","floor":35.0,"turns":5.0},{"damage":0.0,"enemies":"Mind Bloom Boss Battle","floor":38.0,"turns":3.0},{"damage":0.0,"enemies":"Orb Walker","floor":39.0,"turns":2.0},{"damage":0.0,"enemies":"Reptomancer","floor":40.0,"turns":4.0},{"damage":7.0,"enemies":"3 Darklings","floor":41.0,"turns":4.0},{"damage":0.0,"enemies":"Nemesis","floor":42.0,"turns":3.0},{"damage":0.0,"enemies":"Writhing Mass","floor":44.0,"turns":5.0},{"damage":0.0,"enemies":"Transient","floor":45.0,"turns":5.0},{"damage":22.0,"enemies":"Reptomancer","floor":46.0,"turns":3.0},{"damage":0.0,"enemies":"Maw","floor":48.0,"turns":4.0},{"damage":0.0,"enemies":"Donu and Deca","floor":50.0,"turns":4.0},{"damage":0.0,"enemies":"Shield and Spear","floor":54.0,"turns":4.0},{"damage":14,"enemies":"The Heart","floor":55,"turns":6}],"seed_played":"-3950660674318238423","potions_obtained":[{"floor":3.0,"key":"SpeedPotion"},{"floor":6.0,"key":"Block Potion"},{"floor":8.0,"key":"SkillPotion"},{"floor":23.0,"key":"DistilledChaos"},{"floor":24.0,"key":"ColorlessPotion"},{"floor":30.0,"key":"Fruit Juice"},{"floor":31.0,"key":"BlessingOfTheForge"},{"floor":35.0,"key":"DistilledChaos"},{"floor":39.0,"key":"EntropicBrew"},{"floor":41.0,"key":"Energy Potion"},{"floor":47.0,"key":"Fruit Juice"},{"floor":47.0,"key":"FearPotion"},{"floor":54.0,"key":"SteroidPotion"}],"is_trial":false,"path_per_floor":["M","?","M","M","?","E","M","E","T","M","E","M","M","$","R","B",null,"M","?","$","M","M","E","M","E","T","R","?","E","M","M","R","B",null,"M","T","$","?","M","E","M","E","T","M","M","E","?","M","R","B",null,"R","$","E","B",null],"character_chosen":"THE_SILENT","items_purchased":["EntropicBrew","Vajra","Apotheosis","Membership Card","Ancient Tea Set","EntropicBrew","Unceasing Top","Blade Dance"],"campfire_rested":1,"item_purchase_floors":[14,14,20,37,37,37,53,53],"current_hp_per_floor":[70,70,70,70,75,75,75,75,75,75,75,75,75,82,82,82,82,80,80,82,69,62,38,34,34,34,58,41,41,46,46,46,46,46,46,46,46,46,46,46,39,39,39,39,39,34,44,44,44,44,49,49,51,51,51],"gold":151,"neow_bonus":"RANDOM_COMMON_RELIC","is_daily":false,"chose_seed":false,"campfire_upgraded":1,"win_rate":0.0,"timestamp":1609526364,"path_taken":["M","?","?","M","?","E","M","E","T","M","E","M","M","$","R","BOSS","M","?","$","M","M","E","?","E","T","R","?","E","M","M","R","BOSS","M","?","?","?","M","E","M","E","T","M","M","E","?","M","R","BOSS","R","$","E","BOSS"],"items_purchased_type":["Potion","Relic","Card","Relic","Relic","Potion","Relic","Card"],"build_version":"2020-12-22","purchased_purges":1,"victory":true,"max_hp_per_floor":[77,77,77,77,82,82,82,82,82,82,82,82,82,82,82,82,82,82,82,82,82,82,82,82,82,82,82,41,41,46,46,46,46,46,46,46,46,46,46,46,46,46,46,46,46,46,51,51,51,51,51,51,51,51,51],"relic_stats":{"Happy Flower":[24],"Torii":0,"counters":[34,115],"PreservedInsect":385,"Snake Skull":[114],"Juzu Bracelet":1,"Bag of Preparation":[8],"Whetstone":["Dash"],"Orichalcum":[90],"Boot":[4],"Peace Pipe":2,"Nunchaku":[27],"Centennial Puzzle":[7],"Tiny Chest":1,"MealTicket":11,"Black Star":7,"Art of War":[2],"obtain_stats":[{"Ice Cream":29,"Calipers":40,"Torii":46,"Vajra":14,"Hammer of Thor":0,"Snake Skull":25,"Juzu Bracelet":43,"Bag of Preparation":46,"Whetstone":42,"Boot":29,"Ancient Tea Set":37,"Nunchaku":8,"Centennial Puzzle":40,"WristBlade":34,"Strawberry":0,"Tiny Chest":6,"MealTicket":11,"Ring of the Snake":0,"Potion Belt":23,"Happy Flower":25,"The Specimen":36,"PreservedInsect":9,"Seething Fire":0,"Orichalcum":23,"Peace Pipe":38,"Anvil of the Gods":0,"Black Star":17,"Bag of Marbles":54,"Art of War":54,"Membership Card":37,"Toy Ornithopter":42,"Unceasing Top":53},{"Ice Cream":18,"Calipers":25,"Torii":30,"Vajra":10,"Hammer of Thor":0,"Snake Skull":17,"Juzu Bracelet":27,"Bag of Preparation":30,"Whetstone":27,"Boot":18,"Ancient Tea Set":22,"Nunchaku":6,"Centennial Puzzle":25,"WristBlade":21,"Strawberry":0,"Tiny Chest":4,"MealTicket":8,"Ring of the Snake":0,"Potion Belt":15,"Happy Flower":17,"The Specimen":22,"PreservedInsect":6,"Seething Fire":0,"Orichalcum":15,"Peace Pipe":23,"Anvil of the Gods":0,"Black Star":11,"Bag of Marbles":33,"Art of War":33,"Membership Card":22,"Toy Ornithopter":27,"Unceasing Top":32},{"Ice Cream":46,"Calipers":77,"Torii":97,"Vajra":20,"Hammer of Thor":0,"Snake Skull":42,"Juzu Bracelet":84,"Bag of Preparation":97,"Whetstone":84,"Boot":46,"Ancient Tea Set":68,"Nunchaku":13,"Centennial Puzzle":77,"WristBlade":63,"Strawberry":0,"Tiny Chest":9,"MealTicket":17,"Ring of the Snake":0,"Potion Belt":35,"Happy Flower":42,"The Specimen":68,"PreservedInsect":13,"Seething Fire":0,"Orichalcum":35,"Peace Pipe":71,"Anvil of the Gods":0,"Black Star":23,"Bag of Marbles":109,"Art of War":109,"Membership Card":68,"Toy Ornithopter":84,"Unceasing Top":105}],"Toy Ornithopter":36,"Unceasing Top":[0],"Ring of the Snake":[68]},"card_choices":[{"not_picked":["Bane","Slice"],"picked":"Prepared","floor":1.0},{"not_picked":["All Out Attack","Blade Dance"],"picked":"Dash","floor":3.0},{"not_picked":["Blade Dance","Flechettes","Heel Hook"],"picked":"SKIP","floor":4.0},{"not_picked":["Noxious Fumes","All Out Attack","Grand Finale"],"picked":"SKIP","floor":6.0},{"not_picked":["Dodge and Roll","Underhanded Strike","Calculated Gamble"],"picked":"SKIP","floor":7.0},{"not_picked":["Bane","Dash"],"picked":"Dodge and Roll","floor":8.0},{"not_picked":["Prepared","Quick Slash"],"picked":"Acrobatics","floor":10.0},{"not_picked":["Quick Slash","Caltrops"],"picked":"PiercingWail","floor":11.0},{"not_picked":["Deflect","Deadly Poison"],"picked":"Terror","floor":12.0},{"not_picked":["Poisoned Stab","Bullet Time","All Out Attack"],"picked":"SKIP","floor":13.0},{"not_picked":["Venomology","Bullet Time"],"picked":"Phantasmal Killer","floor":16.0},{"not_picked":["Underhanded Strike","Prepared"],"picked":"Backflip","floor":18.0},{"not_picked":["Crippling Poison","Cloak And Dagger","Prepared"],"picked":"SKIP","floor":21.0},{"not_picked":["Outmaneuver+1","Backflip"],"picked":"Reflex","floor":22.0},{"not_picked":["Prepared+1","Deflect"],"picked":"Leg Sweep","floor":23.0},{"not_picked":["Slice","Expertise","Dagger Throw"],"picked":"SKIP","floor":24.0},{"not_picked":["Acrobatics","Heel Hook"],"picked":"Blur+1","floor":25.0},{"not_picked":["Masterful Stab+1","Dash","Backflip"],"picked":"SKIP","floor":29.0},{"not_picked":["Caltrops+1","Deflect","Noxious Fumes"],"picked":"SKIP","floor":30.0},{"not_picked":["Concentrate","Calculated Gamble","After Image"],"picked":"SKIP","floor":31.0},{"not_picked":["Sucker Punch+1","Flechettes+1","Acrobatics"],"picked":"SKIP","floor":35.0},{"not_picked":["Leg Sweep","Sucker Punch","Slice+1"],"picked":"SKIP","floor":39.0},{"not_picked":["Deadly Poison","Glass Knife"],"picked":"Accuracy","floor":40.0},{"not_picked":["Footwork","Dash+1","PiercingWail"],"picked":"SKIP","floor":41.0},{"not_picked":["Bane+1","Outmaneuver","Poisoned Stab+1"],"picked":"SKIP","floor":42.0},{"not_picked":["Outmaneuver+1","Dagger Spray+1","Heel Hook+1"],"picked":"SKIP","floor":44.0},{"not_picked":["Flying Knee+1","PiercingWail+1"],"picked":"Blade Dance","floor":45.0},{"not_picked":["Bouncing Flask+1","Prepared+1"],"picked":"Tactician+1","floor":46.0},{"not_picked":["Concentrate+1","Deadly Poison+1"],"picked":"Escape Plan","floor":48.0},{"not_picked":["Terror+1","Die Die Die","Poisoned Stab+1"],"picked":"SKIP","floor":54.0}],"player_experience":236814,"relics_obtained":[{"floor":6.0,"key":"Tiny Chest"},{"floor":8.0,"key":"Nunchaku"},{"floor":9.0,"key":"PreservedInsect"},{"floor":11.0,"key":"MealTicket"},{"floor":23.0,"key":"Orichalcum"},{"floor":23.0,"key":"Potion Belt"},{"floor":25.0,"key":"Happy Flower"},{"floor":25.0,"key":"Snake Skull"},{"floor":29.0,"key":"Ice Cream"},{"floor":29.0,"key":"Boot"},{"floor":36.0,"key":"The Specimen"},{"floor":38.0,"key":"Peace Pipe"},{"floor":40.0,"key":"Centennial Puzzle"},{"floor":40.0,"key":"Calipers"},{"floor":42.0,"key":"Toy Ornithopter"},{"floor":42.0,"key":"Whetstone"},{"floor":43.0,"key":"Juzu Bracelet"},{"floor":46.0,"key":"Bag of Preparation"},{"floor":46.0,"key":"Torii"},{"floor":54.0,"key":"Bag of Marbles"},{"floor":54.0,"key":"Art of War"}],"event_choices":[{"cards_removed":["Defend_G"],"damage_healed":0.0,"max_hp_gain":0.0,"max_hp_loss":0.0,"gold_gain":0.0,"event_name":"Purifier","player_choice":"Purged","floor":2.0,"gold_loss":0.0,"damage_taken":0.0},{"damage_healed":0.0,"max_hp_gain":5.0,"max_hp_loss":0.0,"gold_gain":0.0,"event_name":"Big Fish","player_choice":"Donut","floor":5.0,"gold_loss":0.0,"damage_taken":0.0},{"damage_healed":0.0,"max_hp_gain":0.0,"max_hp_loss":0.0,"gold_gain":0.0,"event_name":"The Woman in Blue","player_choice":"Bought 0 Potions","floor":19.0,"gold_loss":0.0,"damage_taken":0.0},{"damage_healed":0.0,"max_hp_gain":0.0,"max_hp_loss":41.0,"gold_gain":0.0,"event_name":"Ghosts","player_choice":"Became a Ghost","floor":28.0,"gold_loss":0.0,"damage_taken":0.0,"cards_obtained":["Ghostly","Ghostly","Ghostly","Ghostly","Ghostly"]},{"damage_healed":0.0,"max_hp_gain":0.0,"max_hp_loss":0.0,"gold_gain":0.0,"event_name":"MindBloom","player_choice":"Fight","floor":38.0,"gold_loss":0.0,"damage_taken":0.0},{"damage_healed":0.0,"max_hp_gain":0.0,"max_hp_loss":0.0,"gold_gain":0.0,"event_name":"Lab","player_choice":"Got Potions","floor":47.0,"gold_loss":0.0,"damage_taken":0.0}],"is_beta":false,"boss_relics":[{"not_picked":["Empty Cage","Philosopher\u0027s Stone"],"picked":"Black Star"},{"not_picked":["Sozu","Cursed Key"],"picked":"WristBlade"}],"items_purged_floors":[53],"is_endless":false,"potions_floor_spawned":[3,6,8,11,13,18,23,24,30,31,35,39,41,54],"ascension_level":6}}