{"host":"m77rrhbqzv44va4v","time":1609525519,"event":{"mods":["AchievementEnabler","BaseMod","Colored Map","DeckTracker","Keyboard Shortcuts","Minty Spire (QoL Compilation)","StSLib","SuperFastMode","everything is the same but u backflip on backflip"],"gold_per_floor":[115,115,115,129,140,171,171,182,208,208,234,29,42,57,57,57,57],"floor_reached":16,"playtime":269,"items_purged":["Strike_R"],"score":213,"play_id":"840bd5f3-fa90-4ef4-b0cc-36d251423549","local_time":"20210102032519","is_ascension_mode":true,"campfire_choices":[{"floor":7.0,"key":"REST"},{"data":"Corruption","floor":10.0,"key":"SMITH"},{"data":"Evolve","floor":15,"key":"SMITH"}],"circlet_count":0,"master_deck":["AscendersBane","Strike_R","Strike_R","Strike_R","Defend_R","Defend_R","Defend_R","Defend_R","Bash","Perfected Strike","Corruption+1","Evolve+1","Reckless Charge","Shrug It Off","Dark Embrace","Second Wind","Body Slam","Shrug It Off","Carnage","Shockwave"],"relics":["Burning Blood","NeowsBlessing","Regal Pillow","Smiling Mask","Art of War"],"acts_visited":["Exordium"],"potions_floor_usage":[11,13],"damage_taken":[{"damage":0.0,"enemies":"Cultist","floor":1.0,"turns":1.0},{"damage":0.0,"enemies":"Small Slimes","floor":4.0,"turns":1.0},{"damage":0.0,"enemies":"2 Louse","floor":5.0,"turns":1.0},{"damage":69.0,"enemies":"Gremlin Nob","floor":6.0,"turns":5.0},{"damage":7.0,"enemies":"Looter","floor":8.0,"turns":3.0},{"damage":17,"enemies":"3 Sentries","floor":11,"turns":4},{"damage":14,"enemies":"Red Slaver","floor":13,"turns":3},{"damage":10,"enemies":"3 Louse","floor":14,"turns":3},{"damage":25,"enemies":"Hexaghost","floor":16,"turns":9}],"seed_played":"2208893843565976701","potions_obtained":[{"floor":5.0,"key":"PowerPotion"},{"floor":6.0,"key":"PowerPotion"},{"floor":11,"key":"Fire Potion"}],"is_trial":false,"path_per_floor":["M","?","?","M","M","E","R","M","T","R","E","$","M","M","R","B"],"character_chosen":"IRONCLAD","items_purchased":["Second Wind","Body Slam","Shrug It Off"],"campfire_rested":1,"item_purchase_floors":[12,12,12],"current_hp_per_floor":[74,67,67,73,75,12,49,48,48,48,37,37,29,25,25,0,0],"gold":57,"neow_bonus":"THREE_ENEMY_KILL","is_daily":false,"chose_seed":false,"campfire_upgraded":2,"win_rate":0.0,"timestamp":1609525519,"path_taken":["M","?","?","M","?","E","R","M","T","R","E","?","?","M","R","BOSS"],"items_purchased_type":["Card","Card","Card"],"build_version":"2020-12-22","purchased_purges":1,"victory":false,"max_hp_per_floor":[75,75,75,75,75,75,75,75,75,75,75,75,75,75,75,75,75],"card_choices":[{"not_picked":["Warcry","Iron Wave"],"picked":"Perfected Strike","floor":1.0},{"not_picked":["Sword Boomerang","Iron Wave"],"picked":"Evolve","floor":4.0},{"not_picked":["Body Slam","Twin Strike"],"picked":"Reckless Charge","floor":5.0},{"not_picked":["Clash","Havoc"],"picked":"Shrug It Off","floor":6.0},{"not_picked":["Brutality","True Grit","Havoc"],"picked":"SKIP","floor":8.0},{"not_picked":["Twin Strike","Sever Soul"],"picked":"Dark Embrace","floor":11},{"not_picked":["Rage","Thunderclap"],"picked":"Carnage","floor":13},{"not_picked":["Whirlwind","Twin Strike"],"picked":"Shockwave","floor":14}],"player_experience":870360,"relics_obtained":[{"floor":6.0,"key":"Regal Pillow"},{"floor":9.0,"key":"Smiling Mask"},{"floor":11,"key":"Art of War"}],"event_choices":[{"cards_removed":["Strike_R"],"damage_healed":0.0,"max_hp_gain":0.0,"max_hp_loss":0.0,"gold_gain":0.0,"event_name":"Golden Wing","player_choice":"Card Removal","floor":2.0,"gold_loss":0.0,"damage_taken":7.0},{"damage_healed":0.0,"max_hp_gain":0.0,"max_hp_loss":0.0,"gold_gain":0.0,"event_name":"Match and Keep!","player_choice":"1 cards matched","floor":3.0,"gold_loss":0.0,"damage_taken":0.0,"cards_obtained":["Corruption"]}],"is_beta":false,"boss_relics":[],"items_purged_floors":[12],"is_endless":false,"potions_floor_spawned":[5,6,11],"killed_by":"Hexaghost","ascension_level":18}}