{"host":"tva948ojjycf0txh","time":1609526380,"event":{"mods":["BaseMod","Minty Spire (QoL Compilation)","Replay The Spire","StSLib"],"gold_per_floor":[112,129,7,25,38,65,65,38,119,119,136,211,211,35,35,132,132,145,25,25,124,124,124,98,98,98],"floor_reached":25,"playtime":2005,"items_purged":[],"score":199,"play_id":"f1631f20-c591-478d-8b4b-214059f6fffa","local_time":"20210102023940","is_ascension_mode":false,"campfire_choices":[{"data":"Armaments","floor":7,"key":"SMITH"},{"data":"ReplayTheSpireMod:Limb From Limb","floor":10,"key":"SMITH"},{"floor":13,"key":"REST"},{"data":"Inflame","floor":15,"key":"SMITH"},{"floor":23,"key":"REST"}],"circlet_count":0,"master_deck":["Strike_R","Strike_R","Strike_R","Strike_R","Strike_R","Defend_R","Defend_R","Defend_R","Defend_R","Bash","Flex","Carnage","ReplayReversal","ReplayTheSpireMod:Limb From Limb+1","Armaments+1","Body Slam","Power Through","Infernal Blade","Sword Boomerang","Headbutt","Inflame+1","Intimidate","Heavy Blade","Hemogenesis","Dropkick","ReplayTheSpireMod:Brewmster","Survey Options","Chrysalis","Delirium","Abandon"],"relics":["Burning Blood","Ginger","Mirror","SlaversCollar","ReplayTheSpireMod:ShopPack","Ring of Fury","ReplayTheSpireMod:Ring of Challenge"],"acts_visited":["Exordium","TheCity"],"potions_floor_usage":[6,16],"damage_taken":[{"damage":9,"enemies":"Cultist","floor":1,"turns":4},{"damage":2,"enemies":"Small Slimes","floor":2,"turns":3},{"damage":4,"enemies":"2 Louse","floor":4,"turns":3},{"damage":6,"enemies":"Exordium Wildlife","floor":5,"turns":4},{"damage":18,"enemies":"3 Sentries","floor":6,"turns":9},{"damage":0,"enemies":"2 Fungi Beasts","floor":11,"turns":3},{"damage":16,"enemies":"Slime Boss","floor":16,"turns":6},{"damage":25,"enemies":"Spheric Guardian","floor":18,"turns":4},{"damage":38,"enemies":"2 Thieves","floor":24,"turns":5},{"damage":58,"enemies":"Gremlin Leader","floor":25,"turns":4}],"seed_played":"2654422412219849897","potions_obtained":[{"floor":1,"key":"EssenceOfSteel"},{"floor":11,"key":"Explosive Potion"}],"is_trial":false,"path_per_floor":["M","M","$","M","M","E","R","$","T","R","M","?","R","$","R","B",null,"M","$","?","?","?","R","M","E"],"character_chosen":"IRONCLAD","items_purchased":["ReplayTheSpireMod:Limb From Limb","Armaments","Sword Boomerang","Inflame","Intimidate","Heavy Blade","ReplayTheSpireMod:ShopPack"],"campfire_rested":2,"item_purchase_floors":[3,3,8,14,14,14,19],"current_hp_per_floor":[77,80,80,80,80,68,68,68,68,68,74,63,80,80,80,70,80,61,61,61,61,61,80,53,0,0],"gold":98,"neow_bonus":"THREE_CARDS","is_daily":false,"chose_seed":false,"campfire_upgraded":3,"win_rate":0.0,"timestamp":1609526380,"path_taken":["M","M","$","M","M","E","R","?","T","R","?","?","R","$","R","BOSS","M","$","?","?","?","R","M","E"],"items_purchased_type":["Card","Card","Card","Card","Card","Card","Relic"],"build_version":"2020-12-22","purchased_purges":0,"victory":false,"max_hp_per_floor":[80,80,80,80,80,80,80,80,80,80,80,80,80,80,80,80,80,80,80,80,80,80,80,80,80,80],"card_choices":[{"not_picked":["Anger","Pommel Strike"],"picked":"Flex","floor":0},{"not_picked":["Perfected Strike","Body Slam"],"picked":"Carnage","floor":1},{"not_picked":["Flex","ReplayTheSpireMod:LeadingStrike"],"picked":"ReplayReversal","floor":2},{"not_picked":["Twin Strike","Flex"],"picked":"Body Slam","floor":4},{"not_picked":["Entrench","Dual Wield"],"picked":"Power Through","floor":5},{"not_picked":["Shrug It Off","ReplayReversal"],"picked":"Infernal Blade","floor":6},{"not_picked":["Anger","ReplayTheSpireMod:Limb From Limb"],"picked":"Headbutt","floor":11},{"not_picked":["Bludgeon","Juggernaut"],"picked":"Hemogenesis","floor":16},{"not_picked":["Intimidate+1","Flex"],"picked":"Dropkick","floor":18},{"not_picked":["Mayhem","ReplayTheSpireMod:Necrogeddon"],"picked":"ReplayTheSpireMod:Brewmster","floor":19},{"not_picked":["Deep Breath","Trip"],"picked":"Survey Options","floor":19},{"not_picked":["Discovery","Trip"],"picked":"Chrysalis","floor":19},{"not_picked":["Disarm","Warcry"],"picked":"Abandon","floor":24}],"player_experience":19276,"relics_obtained":[{"floor":6,"key":"Ginger"},{"floor":9,"key":"Mirror"},{"floor":20,"key":"Ring of Fury"},{"floor":20,"key":"ReplayTheSpireMod:Ring of Challenge"}],"event_choices":[{"damage_healed":0,"gold_gain":75,"player_choice":"Gather Gold","damage_taken":11,"max_hp_gain":0,"max_hp_loss":0,"event_name":"World of Goop","floor":12,"gold_loss":0},{"damage_healed":0,"gold_gain":99,"player_choice":"Stole From Cult","damage_taken":0,"max_hp_gain":0,"max_hp_loss":0,"event_name":"Nest","floor":21,"gold_loss":0},{"damage_healed":0,"gold_gain":0,"player_choice":"Ignored","damage_taken":0,"max_hp_gain":0,"max_hp_loss":0,"event_name":"Ghosts","floor":22,"gold_loss":0}],"is_beta":false,"boss_relics":[{"not_picked":["Fusion Hammer","Busted Crown"],"picked":"SlaversCollar"}],"items_purged_floors":[],"is_endless":false,"potions_floor_spawned":[1,11],"killed_by":"Gremlin Leader","ascension_level":0}}