{"host":"337p6miwxbqfki03","time":1609474368,"event":{"mods":["BaseMod","Better Third Choice","Colored Map","Conspire","Downfall","Hubris","Minty Spire (QoL Compilation)","Replay The Spire","Somnambulant","StSLib","The Cursed","The Hierophant","Unceasing Turn Reminder"],"gold_per_floor":[118,138,138,13,31,60,42,72,108,120,132,159,171,183,195,303,315,347,369,394,423,94,94,94,124,124,144,144,144],"floor_reached":28,"playtime":1839,"items_purged":["Burn"],"score":240,"play_id":"80ea97eb-ddf9-4a1b-b9d4-52d476e5530b","local_time":"20201231221248","is_ascension_mode":false,"campfire_choices":[{"floor":15,"key":"REST"},{"floor":23,"key":"REST"}],"circlet_count":0,"master_deck":["Strike_G","Strike_G","Strike_G","Strike_G","Strike_G","Defend_G","Defend_G","Defend_G","Defend_G","Defend_G","Survivor+1","Neutralize","Backflip","Deadly Poison","Outmaneuver","Finisher","Dagger Spray","Cloak And Dagger","PiercingWail","Terror","Replay:Bag of Tricks","Outmaneuver+1","Footwork","Hidden Blade","Envenom","Predator","Discovery","Flying Knee+1","Unload","Leg Sweep"],"relics":["Ring of the Snake","NeowsBlessing","MawBank","ReplayTheSpireMod:TigerMarble","Replay:Bottled Flurry","Painkiller Herb","Membership Card","Dream Catcher","Blood Vial","Incense Burner"],"acts_visited":["Exordium","TheCity"],"potions_floor_usage":[25],"damage_taken":[{"damage":0,"enemies":"conspire:RoseBush","floor":1,"turns":1},{"damage":0,"enemies":"Jaw Worm","floor":2,"turns":1},{"damage":0,"enemies":"2 Louse","floor":5,"turns":1},{"damage":34,"enemies":"3 Sentries","floor":6,"turns":12},{"damage":0,"enemies":"Looter","floor":7,"turns":4},{"damage":9,"enemies":"Blue Slaver","floor":8,"turns":5},{"damage":0,"enemies":"Lots of Slimes","floor":12,"turns":3},{"damage":45,"enemies":"Fading Forest","floor":16,"turns":11},{"damage":24,"enemies":"Spheric Guardian","floor":18,"turns":6},{"damage":11,"enemies":"Shell Parasite","floor":19,"turns":5},{"damage":7,"enemies":"Centurion and Healer","floor":20,"turns":15},{"damage":11,"enemies":"Shelled Parasite and Fungi","floor":21,"turns":4},{"damage":26,"enemies":"Book of Stabbing","floor":25,"turns":7},{"damage":3,"enemies":"Snake Plant","floor":27,"turns":4},{"damage":0,"enemies":"Sentry and Sphere","floor":28,"turns":1}],"seed_played":"-2008898475475280921","potions_obtained":[{"floor":1,"key":"Fire Potion"},{"floor":6,"key":"SneckoOil"},{"floor":8,"key":"champ:CounterPotion"},{"floor":18,"key":"GamblersBrew"},{"floor":19,"key":"Block Potion"},{"floor":25,"key":"ColorlessPotion"}],"is_trial":false,"path_per_floor":["M","M","?","$","M","E","M","M","T","?","?","M","$","?","R","B",null,"?","?","?","?","T","T","?","E","T","?","?"],"character_chosen":"THE_SILENT","items_purchased":["Outmaneuver","Predator","Membership Card","Dream Catcher","Discovery"],"campfire_rested":2,"item_purchase_floors":[4,22,22,22,22],"current_hp_per_floor":[70,70,70,70,70,36,36,27,27,27,27,27,27,27,48,23,70,46,35,28,17,17,38,32,6,6,5,7,7],"gold":144,"neow_bonus":"THREE_ENEMY_KILL","is_daily":false,"chose_seed":false,"campfire_upgraded":0,"win_rate":0.0,"timestamp":1609474368,"path_taken":["M","?","?","$","M","E","M","M","T","?","?","M","?","?","R","BOSS","?","?","?","?","T","T","?","E","T","?","?"],"items_purchased_type":["Card","Card","Relic","Relic","Card"],"build_version":"2020-12-22","purchased_purges":1,"victory":false,"max_hp_per_floor":[70,70,70,70,70,70,70,70,70,70,70,70,70,70,70,70,70,70,70,70,70,70,70,70,70,70,70,70,70],"card_choices":[{"not_picked":["Finisher","Quick Slash"],"picked":"Backflip","floor":1},{"not_picked":["Bane","Concentrate"],"picked":"Deadly Poison","floor":2},{"not_picked":["Acrobatics","Deflect"],"picked":"Finisher","floor":5},{"not_picked":["Bane","PiercingWail"],"picked":"Dagger Spray","floor":6},{"not_picked":["ReplayTheSpireMod:Scrap Shanks","Dagger Spray"],"picked":"Cloak And Dagger","floor":7},{"not_picked":["Wraith Form v2","Slice"],"picked":"PiercingWail","floor":8},{"not_picked":["Deadly Poison","Backflip"],"picked":"Terror","floor":12},{"not_picked":["Die Die Die","Atom Bomb"],"picked":"Replay:Bag of Tricks","floor":16},{"not_picked":["Acrobatics","Finisher"],"picked":"Outmaneuver+1","floor":18},{"not_picked":["Backflip","hubris:SlightOfHand+1"],"picked":"Footwork","floor":19},{"not_picked":["Flying Knee","Slice"],"picked":"Hidden Blade","floor":20},{"not_picked":["Terror","ReplayTheSpireMod:Speed Training"],"picked":"Envenom","floor":21},{"not_picked":["Outmaneuver","Deflect"],"picked":"Flying Knee+1","floor":23},{"not_picked":["conspire:PoisonWeapons+1","Sucker Punch"],"picked":"Unload","floor":25},{"not_picked":["Poisoned Stab","ReplayTheSpireMod:Speed Training"],"picked":"Leg Sweep","floor":27}],"player_experience":227676,"relics_obtained":[{"floor":6,"key":"MawBank"},{"floor":9,"key":"ReplayTheSpireMod:TigerMarble"},{"floor":25,"key":"Blood Vial"},{"floor":26,"key":"Incense Burner"}],"event_choices":[{"damage_healed":70,"gold_gain":0,"player_choice":"Embrace Burn","damage_taken":0,"max_hp_gain":0,"max_hp_loss":70,"event_name":"betterThird:BetterShining","floor":3,"gold_loss":0},{"damage_healed":0,"gold_gain":0,"player_choice":"Leave","damage_taken":0,"max_hp_gain":0,"max_hp_loss":0,"event_name":"The Cleric","floor":11,"gold_loss":0},{"damage_healed":0,"gold_gain":0,"player_choice":"Gave Potion","damage_taken":0,"relics_obtained":["Replay:Bottled Flurry"],"max_hp_gain":0,"max_hp_loss":0,"event_name":"WeMeetAgain","floor":14,"gold_loss":0},{"damage_healed":0,"gold_gain":0,"player_choice":"","damage_taken":6,"max_hp_gain":0,"max_hp_loss":0,"event_name":"Knowing Skull","floor":24,"potions_obtained":[],"gold_loss":0,"cards_obtained":[]}],"is_beta":false,"boss_relics":[{"not_picked":["hubris:Backtick","Kintsugi"],"picked":"Painkiller Herb"}],"items_purged_floors":[4],"is_endless":false,"potions_floor_spawned":[1,6,8,18,19,25],"killed_by":"Sentry and Sphere","ascension_level":0}}