{"host":"2461dio7vetlq1z3","time":1609512207,"event":{"mods":["2.2 Compatiblity","AchievementEnabler","BaseMod","Better Third Choice","Friendly Minions","Hubris","Minty Spire (QoL Compilation)","Relic Stats","Spicy Shops","StSLib","Waifu the Spire"],"gold_per_floor":[112,122,45,60,70,100,100,100,100],"floor_reached":8,"playtime":302,"items_purged":[],"score":116,"play_id":"92da63fe-7652-4445-9b44-0c28540bd8c0","local_time":"20210101154327","is_ascension_mode":true,"campfire_choices":[{"data":"Coolheaded","floor":7,"key":"SMITH"}],"circlet_count":0,"master_deck":["AscendersBane","Strike_B","Strike_B","Strike_B","Strike_B","Defend_B","Defend_B","Defend_B","Defend_B","Zap","Dualcast","Compile Driver","Gash","FTL","Gash","Coolheaded+1","Gash"],"relics":["Busted Crown","hubris:Metronome"],"acts_visited":["Exordium"],"potions_floor_usage":[6],"damage_taken":[{"damage":1,"enemies":"Cultist","floor":1,"turns":3},{"damage":5,"enemies":"Small Slimes","floor":2,"turns":3},{"damage":7,"enemies":"Jaw Worm","floor":4,"turns":4},{"damage":9,"enemies":"3 Louse","floor":5,"turns":4},{"damage":9,"enemies":"Lagavulin","floor":6,"turns":8},{"damage":35,"enemies":"Gremlin Nob","floor":8,"turns":3}],"seed_played":"593519714038920170","potions_obtained":[{"floor":4,"key":"Weak Potion"},{"floor":6,"key":"LiquidBronze"}],"is_trial":false,"path_per_floor":["M","M","$","M","M","E","R","E"],"character_chosen":"DEFECT","items_purchased":["FTL"],"campfire_rested":0,"item_purchase_floors":[3],"current_hp_per_floor":[63,58,58,51,42,33,33,0,0],"gold":100,"neow_bonus":"BOSS_RELIC","is_daily":false,"chose_seed":false,"campfire_upgraded":1,"win_rate":0.0,"timestamp":1609512207,"path_taken":["M","M","$","M","M","E","R","E"],"items_purchased_type":["Card"],"build_version":"2020-12-22","purchased_purges":0,"victory":false,"max_hp_per_floor":[71,71,71,71,71,71,71,71,71],"relic_stats":{"Busted Crown":10,"counters":[6,25],"obtain_stats":[{"hubris:Metronome":6,"Busted Crown":0,"Cracked Core":0},{"hubris:Metronome":5,"Busted Crown":0,"Cracked Core":0},{"hubris:Metronome":22,"Busted Crown":0,"Cracked Core":0}]},"card_choices":[{"not_picked":[],"picked":"Compile Driver","floor":1},{"not_picked":[],"picked":"Gash","floor":2},{"not_picked":[],"picked":"Gash","floor":4},{"not_picked":[],"picked":"Coolheaded","floor":5},{"not_picked":[],"picked":"Gash","floor":6}],"player_experience":981077,"relics_obtained":[{"floor":6,"key":"hubris:Metronome"}],"event_choices":[],"is_beta":false,"boss_relics":[],"items_purged_floors":[],"is_endless":false,"potions_floor_spawned":[4,6],"killed_by":"Gremlin Nob","ascension_level":20}}