{"host":"wghdsg8ym2wc7ov9","time":1609523193,"event":{"mods":["AchievementEnabler","Astrologer","BaseMod","Beaked The Cultist","Better Altar","Better Note","Colored Map","Hermit","Highlight Path","Jorbs\u0027s Wanderer Trilogy","KinomotoSakuraMod(????)","Minty Spire (QoL Compilation)","Random Character Button","Relic Stats","SIMod","Shop Mod","StSLib","The Blackbeard","The Bladedancer","The Construct","The Cursed","The Death Knight","The Gatherer","The Hierophant","The Marked","The Mystic","The Necromancer","The Runesmith","The Senshi","The Servant 0.9.4"],"gold_per_floor":[113,129,129,139,154,154,188,208,208,208,51,67,67,82,82,181,181,200,200,213,213,228,261,261,19,19,19,19],"floor_reached":27,"playtime":4158,"items_purged":[],"score":260,"play_id":"d7650640-2155-45a3-b79c-d83ff533330b","local_time":"20210101094633","is_ascension_mode":false,"campfire_choices":[{"data":"SpellCardSeal","floor":6.0,"key":"SMITH"},{"data":"ClowCardTheFlower","floor":10.0,"key":"SMITH"},{"data":"ClowCardTheShot","floor":13.0,"key":"SMITH"},{"floor":15,"key":"REST"},{"floor":24,"key":"REST"}],"circlet_count":0,"master_deck":["ClowCardTheReturn","SakuraCardTheDream+","ClowCardTheSword","ClowCardTheSword","ClowCardTheSword","ClowCardTheSword","ClowCardTheShield","ClowCardTheShield","ClowCardTheShield","ClowCardTheShield","SpellCardSeal+1","SpellCardRelease","ClowCardTheDream","ClowCardTheGlow","ClowCardTheMist","ClowCardTheShot+1","ClowCardTheFlower+1","ClowCardTheEarthy","ClowCardTheDream","ClowCardTheTwin","ClowCardTheWood","ClowCardTheWood","Grasp_Heart","ClowCardTheFloat","ClowCardTheRain+1"],"relics":["KSMOD_SealedBook","KSMOD_SealedWand","Runesmith:AutoHammer","KSMOD_SwordJade","Blood Vial","KSMOD_DarknessWand","PreservedInsect","KSMOD_Compass","Bottled Flame"],"acts_visited":["Exordium","TheCity"],"potions_floor_usage":[16,22],"damage_taken":[{"damage":1.0,"enemies":"Cultist","floor":1.0,"turns":3.0},{"damage":10.0,"enemies":"Jaw Worm","floor":2.0,"turns":6.0},{"damage":10.0,"enemies":"Small Slimes","floor":4.0,"turns":4.0},{"damage":5.0,"enemies":"2 Fungi Beasts","floor":5.0,"turns":3.0},{"damage":0.0,"enemies":"Gremlin Nob","floor":7.0,"turns":2.0},{"damage":10.0,"enemies":"Exordium Thugs","floor":8.0,"turns":6.0},{"damage":8.0,"enemies":"Blue Slaver","floor":12.0,"turns":5.0},{"damage":11.0,"enemies":"Large Slime","floor":14.0,"turns":4.0},{"damage":14,"enemies":"Slime Boss","floor":16,"turns":7},{"damage":15,"enemies":"Shell Parasite","floor":18,"turns":4},{"damage":11,"enemies":"Chosen","floor":20,"turns":4},{"damage":10,"enemies":"Snake Plant","floor":22,"turns":4},{"damage":30,"enemies":"Book of Stabbing","floor":23,"turns":6},{"damage":64,"enemies":"Cultist and Chosen","floor":27,"turns":4}],"seed_played":"-7567200214877703564","potions_obtained":[{"floor":1.0,"key":"DuplicationPotion"},{"floor":4.0,"key":"AttackPotion"},{"floor":7.0,"key":"FearPotion"},{"floor":12.0,"key":"Weak Potion"},{"floor":18,"key":"SpeedPotion"},{"floor":23,"key":"Fire Potion"}],"is_trial":false,"path_per_floor":["M","M","?","M","M","R","E","M","T","R","$","M","R","M","R","B",null,"M","?","M","?","M","E","R","$","T","M"],"character_chosen":"KINOMOTOSAKURA","items_purchased":["Blood Vial","KSMOD_Compass"],"campfire_rested":2,"item_purchase_floors":[11,25],"current_hp_per_floor":[76,71,71,61,56,56,56,46,46,46,46,40,40,31,54,42,77,62,62,53,53,45,22,45,45,45,0,0],"gold":19,"neow_bonus":"TEN_PERCENT_HP_BONUS","is_daily":false,"chose_seed":false,"campfire_upgraded":3,"win_rate":0.0,"timestamp":1609523193,"path_taken":["M","?","?","M","M","R","E","M","T","R","$","M","R","M","R","BOSS","M","?","M","?","M","E","R","$","T","M"],"items_purchased_type":["Relic","Relic"],"build_version":"2020-12-22","purchased_purges":0,"victory":false,"max_hp_per_floor":[77,77,77,77,77,77,77,77,77,77,77,77,77,77,77,77,77,77,77,77,77,77,77,77,77,77,77,77],"relic_stats":{"Blood Vial":14,"counters":[14,62],"PreservedInsect":0,"obtain_stats":[{"Blood Vial":11,"KSMOD_Compass":25,"Bottled Flame":26,"KSMOD_DarknessWand":17,"KSMOD_SealedBook":0,"KSMOD_SwordJade":9,"KSMOD_SealedWand":0,"PreservedInsect":23,"Runesmith:AutoHammer":7},{"Blood Vial":6,"KSMOD_Compass":13,"Bottled Flame":13,"KSMOD_DarknessWand":9,"KSMOD_SealedBook":0,"KSMOD_SwordJade":6,"KSMOD_SealedWand":0,"PreservedInsect":13,"Runesmith:AutoHammer":5},{"Blood Vial":24,"KSMOD_Compass":58,"Bottled Flame":58,"KSMOD_DarknessWand":40,"KSMOD_SealedBook":0,"KSMOD_SwordJade":24,"KSMOD_SealedWand":0,"PreservedInsect":58,"Runesmith:AutoHammer":18}]},"card_choices":[{"not_picked":["ClowCardTheMove","ClowCardTheIllusion"],"picked":"ClowCardTheDream","floor":1.0},{"not_picked":["ClowCardTheErase","ClowCardTheIllusion"],"picked":"ClowCardTheDream","floor":2.0},{"not_picked":["ClowCardThePower","ClowCardTheErase"],"picked":"ClowCardTheGlow","floor":4.0},{"not_picked":["ClowCardTheSilent","ClowCardThePower"],"picked":"ClowCardTheMist","floor":5.0},{"not_picked":["ClowCardTheMove","ClowCardTheFight"],"picked":"ClowCardTheShot","floor":7.0},{"not_picked":["ClowCardTheShot","ClowCardThePower"],"picked":"ClowCardTheFlower","floor":8.0},{"not_picked":["ClowCardTheLibra","ClowCardTheJump"],"picked":"ClowCardTheEarthy","floor":12.0},{"not_picked":["ClowCardTheSleep","ClowCardTheLock"],"picked":"ClowCardTheDream","floor":14.0},{"not_picked":["ClowCardTheThrough","ClowCardTheLight"],"picked":"ClowCardTheTwin","floor":16},{"not_picked":["ClowCardThePower","ClowCardTheEarthy"],"picked":"ClowCardTheWood","floor":18},{"not_picked":["ClowCardThePower","ClowCardTheLibra"],"picked":"ClowCardTheWood","floor":20},{"not_picked":["ClowCardTheWood+1","ClowCardTheSong"],"picked":"ClowCardTheFloat","floor":22},{"not_picked":["ClowCardTheLibra","ClowCardTheShot+1"],"picked":"ClowCardTheRain+1","floor":23}],"player_experience":567120,"relics_obtained":[{"floor":7.0,"key":"Runesmith:AutoHammer"},{"floor":9.0,"key":"KSMOD_SwordJade"},{"floor":23,"key":"PreservedInsect"},{"floor":26,"key":"Bottled Flame"}],"event_choices":[{"damage_healed":0.0,"max_hp_gain":0.0,"max_hp_loss":0.0,"gold_gain":0.0,"event_name":"The Cleric","player_choice":"Leave","floor":3.0,"gold_loss":0.0,"damage_taken":0.0},{"damage_healed":0,"gold_gain":0,"player_choice":"Bought 0 Potions","damage_taken":0,"max_hp_gain":0,"max_hp_loss":0,"event_name":"The Woman in Blue","floor":19,"gold_loss":0},{"cards_removed":["ClowCardTheFlower"],"damage_healed":0,"gold_gain":0,"player_choice":"Take \u0026 Give","damage_taken":0,"max_hp_gain":0,"max_hp_loss":0,"event_name":"betterNote:BetterNote","floor":21,"gold_loss":0,"cards_obtained":["Grasp_Heart"]}],"is_beta":false,"boss_relics":[{"not_picked":["Runic Pyramid","Pandora\u0027s Box"],"picked":"KSMOD_DarknessWand"}],"items_purged_floors":[],"is_endless":false,"potions_floor_spawned":[1,4,7,12,18,23],"killed_by":"Cultist and Chosen","ascension_level":0}}