{"host":"x5anfo2w8aotfuta","time":1609463924,"event":{"mods":["AchievementEnabler","BaseMod","Bestiary","Block Reminder","Colored Map","Colored Powertips","DeckTracker","Highlight Path","Minty Spire (QoL Compilation)","Quick Restart","Rare Cards Sparkle","Relic Stats","StSLib"],"gold_per_floor":[112,130,144,94,21,21,34,48,73,98,98,98,112,147,147,249,249,269,279,289,305,323,333,333,366,366,366,366,381,381,396,396,495,495,505,41,54,71,87,87,113,129,129,129,179,179,231,231,231,231,231,231,84,112,112,112],"floor_reached":55,"playtime":7075,"items_purged":["Defend_P"],"score":910,"play_id":"26df1448-b79f-4bff-b7f4-e71e1b12c940","local_time":"20201231171844","is_ascension_mode":true,"campfire_choices":[{"data":"WindmillStrike","floor":6,"key":"SMITH"},{"floor":12,"key":"REST"},{"data":"ClearTheMind","floor":15,"key":"SMITH"},{"data":"Vault","floor":24,"key":"SMITH"},{"data":"MentalFortress","floor":27,"key":"SMITH"},{"data":"Eruption","floor":30,"key":"SMITH"},{"data":"FlurryOfBlows","floor":32,"key":"SMITH"},{"floor":40,"key":"RECALL"},{"data":"Wallop","floor":44,"key":"SMITH"},{"data":"LikeWater","floor":46,"key":"SMITH"},{"floor":49,"key":"REST"},{"data":"Vigilance","floor":52,"key":"SMITH"}],"circlet_count":0,"master_deck":["Strike_P","Strike_P","Defend_P","Defend_P","Eruption+1","Vigilance+1","Halt","SashWhip","WindmillStrike+1","Wireheading","FlurryOfBlows+1","FlurryOfBlows","Protect","ClearTheMind+1","Vault+1","Evaluate+1","Meditate","Wallop+1","Crescendo","MentalFortress+1","EmptyFist+1","LikeWater+1","MentalFortress+1","Eruption+1","WindmillStrike+1"],"relics":["Empty Cage","Bag of Marbles","Nunchaku","Orichalcum","White Beast Statue","Runic Pyramid","Pear","Busted Crown","DollysMirror","Sundial","PreservedInsect","Damaru","Calipers","Unceasing Top","Bag of Preparation","StrikeDummy"],"acts_visited":["Exordium","TheCity","TheBeyond","TheEnding"],"potions_floor_usage":[7,10,18,18,19,21,22,22,25,31,33,33,38,42,47,50,50,55],"damage_taken":[{"damage":0,"enemies":"Cultist","floor":1,"turns":4},{"damage":1,"enemies":"Jaw Worm","floor":2,"turns":3},{"damage":1,"enemies":"Small Slimes","floor":3,"turns":3},{"damage":13,"enemies":"3 Louse","floor":7,"turns":3},{"damage":9,"enemies":"Blue Slaver","floor":8,"turns":4},{"damage":7,"enemies":"Gremlin Nob","floor":10,"turns":4},{"damage":0,"enemies":"Exordium Thugs","floor":13,"turns":3},{"damage":9,"enemies":"Lagavulin","floor":14,"turns":3},{"damage":7,"enemies":"Hexaghost","floor":16,"turns":7},{"damage":5,"enemies":"2 Thieves","floor":18,"turns":2},{"damage":0,"enemies":"Chosen","floor":19,"turns":4},{"damage":8,"enemies":"Shelled Parasite and Fungi","floor":20,"turns":5},{"damage":0,"enemies":"Centurion and Healer","floor":21,"turns":6},{"damage":0,"enemies":"Snake Plant","floor":22,"turns":4},{"damage":0,"enemies":"3 Cultists","floor":23,"turns":5},{"damage":0,"enemies":"Gremlin Leader","floor":25,"turns":6},{"damage":0,"enemies":"Cultist and Chosen","floor":29,"turns":6},{"damage":8,"enemies":"Snake Plant","floor":31,"turns":5},{"damage":20,"enemies":"Automaton","floor":33,"turns":9},{"damage":0,"enemies":"3 Shapes","floor":35,"turns":4},{"damage":0,"enemies":"Orb Walker","floor":37,"turns":4},{"damage":0,"enemies":"Transient","floor":38,"turns":6},{"damage":2,"enemies":"4 Shapes","floor":39,"turns":5},{"damage":0,"enemies":"Giant Head","floor":41,"turns":7},{"damage":14,"enemies":"Jaw Worm Horde","floor":42,"turns":5},{"damage":0,"enemies":"Mind Bloom Boss Battle","floor":45,"turns":5},{"damage":43,"enemies":"2 Orb Walkers","floor":47,"turns":6},{"damage":39,"enemies":"Time Eater","floor":50,"turns":10},{"damage":26,"enemies":"Shield and Spear","floor":54,"turns":6},{"damage":59,"enemies":"The Heart","floor":55,"turns":9}],"seed_played":"4471622727102505198","potions_obtained":[{"floor":1,"key":"Dexterity Potion"},{"floor":2,"key":"SkillPotion"},{"floor":8,"key":"FearPotion"},{"floor":10,"key":"Explosive Potion"},{"floor":16,"key":"Strength Potion"},{"floor":18,"key":"BottledMiracle"},{"floor":19,"key":"Block Potion"},{"floor":20,"key":"SteroidPotion"},{"floor":21,"key":"ColorlessPotion"},{"floor":22,"key":"Energy Potion"},{"floor":23,"key":"LiquidMemories"},{"floor":25,"key":"Fire Potion"},{"floor":29,"key":"DuplicationPotion"},{"floor":31,"key":"Energy Potion"},{"floor":33,"key":"LiquidBronze"},{"floor":35,"key":"Weak Potion"},{"floor":38,"key":"FearPotion"},{"floor":42,"key":"Block Potion"},{"floor":47,"key":"DistilledChaos"},{"floor":54,"key":"Swift Potion"}],"is_trial":false,"path_per_floor":["M","M","M","?","$","R","M","M","T","E","?","R","M","E","R","B",null,"M","M","M","M","M","M","R","E","T","R","?","M","R","M","R","B",null,"M","$","M","M","M","R","E","M","T","R","?","R","?","?","R","B",null,"R","$","E","B"],"character_chosen":"WATCHER","items_purchased":["Wireheading","DollysMirror","Sundial","Bag of Preparation"],"campfire_rested":2,"item_purchase_floors":[5,36,36,53],"current_hp_per_floor":[72,71,70,70,70,70,57,48,48,41,34,55,55,46,46,39,72,67,67,59,59,59,59,59,69,69,69,69,69,69,61,61,41,82,82,82,82,82,80,80,80,66,66,66,66,66,23,23,47,8,82,82,82,56,0,0],"gold":112,"neow_bonus":"BOSS_RELIC","is_daily":false,"chose_seed":false,"campfire_upgraded":9,"win_rate":0.0,"timestamp":1609463924,"path_taken":["M","M","M","?","$","R","M","M","T","E","?","R","M","E","R","BOSS","M","M","M","M","M","M","R","E","T","R","?","M","R","M","R","BOSS","M","$","M","M","M","R","E","?","T","R","?","R","?","?","R","BOSS","R","$","E","BOSS"],"items_purchased_type":["Card","Relic","Relic","Relic"],"build_version":"2020-12-22","purchased_purges":1,"victory":false,"max_hp_per_floor":[72,72,72,72,72,72,72,72,72,72,72,72,72,72,72,72,72,72,72,72,72,72,72,72,82,82,82,82,82,82,82,82,82,82,82,82,82,82,82,82,82,82,82,82,82,82,82,82,82,82,82,82,82,82,82,82],"relic_stats":{"Nunchaku":[42],"Busted Crown":18,"counters":[30,153],"Sundial":[6],"PreservedInsect":68,"Bag of Preparation":[4],"Orichalcum":[132],"obtain_stats":[{"Pear":25,"Calipers":45,"Damaru":43,"PreservedInsect":41,"Bag of Preparation":53,"Orichalcum":11,"Empty Cage":0,"White Beast Statue":14,"Nunchaku":10,"Busted Crown":34,"DollysMirror":36,"Sundial":36,"Bag of Marbles":9,"PureWater":0,"StrikeDummy":54,"Unceasing Top":47,"Runic Pyramid":17},{"Pear":16,"Calipers":26,"Damaru":25,"PreservedInsect":24,"Bag of Preparation":28,"Orichalcum":6,"Empty Cage":0,"White Beast Statue":8,"Nunchaku":6,"Busted Crown":19,"DollysMirror":20,"Sundial":20,"Bag of Marbles":5,"PureWater":0,"StrikeDummy":29,"Unceasing Top":27,"Runic Pyramid":9},{"Pear":66,"Calipers":122,"Damaru":117,"PreservedInsect":112,"Bag of Preparation":138,"Orichalcum":21,"Empty Cage":0,"White Beast Statue":27,"Nunchaku":21,"Busted Crown":86,"DollysMirror":90,"Sundial":90,"Bag of Marbles":17,"PureWater":0,"StrikeDummy":144,"Unceasing Top":128,"Runic Pyramid":34}],"Unceasing Top":[0]},"card_choices":[{"not_picked":["Worship","Nirvana"],"picked":"Halt","floor":1},{"not_picked":["InnerPeace","Evaluate"],"picked":"SashWhip","floor":2},{"not_picked":["PathToVictory","Evaluate"],"picked":"WindmillStrike","floor":3},{"not_picked":["PathToVictory","WheelKick"],"picked":"FlurryOfBlows","floor":7},{"not_picked":["ClearTheMind","BowlingBash"],"picked":"FlurryOfBlows","floor":8},{"not_picked":["PathToVictory","MasterReality"],"picked":"Protect","floor":10},{"not_picked":["Prostrate","BowlingBash"],"picked":"ClearTheMind","floor":13},{"not_picked":["FlyingSleeves","BattleHymn","CrushJoints"],"picked":"SKIP","floor":14},{"not_picked":["SpiritShield","Omniscience"],"picked":"Vault","floor":16},{"not_picked":["BattleHymn","InnerPeace"],"picked":"Evaluate+1","floor":18},{"not_picked":["BowlingBash","ReachHeaven+1"],"picked":"Meditate","floor":19},{"not_picked":["EmptyMind","SignatureMove"],"picked":"Wallop","floor":20},{"not_picked":["SashWhip","Wallop"],"picked":"Crescendo","floor":21},{"not_picked":["ThirdEye+1","Evaluate"],"picked":"MentalFortress","floor":22},{"not_picked":["Collect","CrushJoints+1"],"picked":"EmptyFist+1","floor":23},{"not_picked":["WheelKick","Study"],"picked":"LikeWater","floor":25},{"not_picked":["BowlingBash","FollowUp","Perseverance"],"picked":"SKIP","floor":29},{"not_picked":["Perseverance","Scrawl","Protect"],"picked":"SKIP","floor":31},{"not_picked":["Evaluate"],"picked":"SKIP","floor":35},{"not_picked":["BowlingBash"],"picked":"SKIP","floor":37},{"not_picked":["Evaluate"],"picked":"SKIP","floor":38},{"not_picked":["Perseverance"],"picked":"SKIP","floor":39},{"not_picked":["ClearTheMind"],"picked":"SKIP","floor":41},{"not_picked":["Protect"],"picked":"SKIP","floor":42},{"not_picked":[],"picked":"WindmillStrike+1","floor":47},{"not_picked":["Prostrate+1"],"picked":"SKIP","floor":54}],"player_experience":419644,"relics_obtained":[{"floor":9,"key":"Bag of Marbles"},{"floor":10,"key":"Nunchaku"},{"floor":14,"key":"White Beast Statue"},{"floor":25,"key":"Pear"},{"floor":41,"key":"PreservedInsect"},{"floor":43,"key":"Damaru"},{"floor":45,"key":"Calipers"},{"floor":47,"key":"Unceasing Top"},{"floor":54,"key":"StrikeDummy"}],"event_choices":[{"cards_removed":["Strike_P"],"damage_healed":0,"gold_gain":0,"player_choice":"Card Removal","damage_taken":0,"max_hp_gain":0,"max_hp_loss":0,"event_name":"The Cleric","floor":4,"gold_loss":50},{"damage_healed":0,"gold_gain":0,"player_choice":"Success","damage_taken":7,"relics_obtained":["Orichalcum"],"max_hp_gain":0,"max_hp_loss":0,"event_name":"Scrap Ooze","floor":11,"gold_loss":0},{"damage_healed":0,"gold_gain":0,"player_choice":"Copied","damage_taken":0,"max_hp_gain":0,"max_hp_loss":0,"event_name":"Duplicator","floor":28,"gold_loss":0,"cards_obtained":["MentalFortress"]},{"damage_healed":0,"gold_gain":0,"player_choice":"Fight","damage_taken":0,"max_hp_gain":0,"max_hp_loss":0,"event_name":"MindBloom","floor":45,"gold_loss":0},{"damage_healed":0,"gold_gain":0,"player_choice":"Fight","damage_taken":0,"max_hp_gain":0,"max_hp_loss":0,"event_name":"Mysterious Sphere","floor":47,"gold_loss":0},{"damage_healed":0,"gold_gain":0,"player_choice":"Ignored","damage_taken":0,"max_hp_gain":0,"max_hp_loss":0,"event_name":"Tomb of Lord Red Mask","floor":48,"gold_loss":0}],"is_beta":false,"boss_relics":[{"not_picked":["Fusion Hammer","Sozu"],"picked":"Runic Pyramid"},{"not_picked":["Astrolabe","Black Star"],"picked":"Busted Crown"}],"items_purged_floors":[36],"is_endless":false,"potions_floor_spawned":[1,2,8,10,16,18,19,20,21,22,23,25,29,31,33,35,37,38,39,41,42,45,47,54],"killed_by":"The Heart","ascension_level":4}}