{"host":"6za4ayowsop7ft3x","time":1609513583,"event":{"mods":["AchievementEnabler","BaseMod","Bestiary","Colored Map","Colored Powertips","Curses Come First","Highlight Path","Minty Spire (QoL Compilation)","Quick Restart","StSLib"],"gold_per_floor":[162,179,192,98,114,114,24,49,49,49,76,76,76,95,95,196,196,207,207,224,238,73,73,86,86,140,172,172,172],"floor_reached":28,"playtime":1066,"items_purged":[],"score":260,"play_id":"31db6f9f-4a82-4be1-b3c6-18012cb2614b","local_time":"20210101230623","is_ascension_mode":true,"campfire_choices":[{"data":"Infinite Blades","floor":6.0,"key":"SMITH"},{"floor":10.0,"key":"REST"},{"floor":15.0,"key":"REST"},{"floor":23,"key":"REST"},{"floor":25,"key":"REST"}],"circlet_count":0,"master_deck":["Strike_G","Strike_G","Strike_G","Strike_G","Strike_G+1","Defend_G","Defend_G","Defend_G","Defend_G","Defend_G","Survivor","Neutralize","Well Laid Plans","Footwork","Predator","Slice","Infinite Blades+1","Accuracy","Cloak And Dagger","Blade Dance","Corpse Explosion","Skewer","Blade Dance","Die Die Die","Infinite Blades","Footwork","Prepared","Panache","Dodge and Roll","Terror"],"relics":["Tiny House","Ancient Tea Set","Blood Vial","Darkstone Periapt","Black Star","MutagenicStrength","Orichalcum","StoneCalendar","InkBottle"],"acts_visited":["Exordium","TheCity"],"potions_floor_usage":[27,28],"damage_taken":[{"damage":5.0,"enemies":"Cultist","floor":1.0,"turns":5.0},{"damage":4.0,"enemies":"Jaw Worm","floor":2.0,"turns":6.0},{"damage":2.0,"enemies":"Small Slimes","floor":3.0,"turns":5.0},{"damage":0.0,"enemies":"Exordium Wildlife","floor":5.0,"turns":3.0},{"damage":25.0,"enemies":"Gremlin Nob","floor":8.0,"turns":5.0},{"damage":19.0,"enemies":"3 Sentries","floor":11.0,"turns":5.0},{"damage":23.0,"enemies":"Exordium Thugs","floor":14.0,"turns":4.0},{"damage":10.0,"enemies":"Slime Boss","floor":16.0,"turns":7.0},{"damage":11.0,"enemies":"Chosen","floor":18.0,"turns":6.0},{"damage":4.0,"enemies":"Spheric Guardian","floor":20.0,"turns":3.0},{"damage":38.0,"enemies":"3 Cultists","floor":21.0,"turns":5.0},{"damage":38,"enemies":"Snecko","floor":24,"turns":5},{"damage":31,"enemies":"Slavers","floor":27,"turns":4},{"damage":10,"enemies":"Snake Plant","floor":28,"turns":1}],"seed_played":"-6560764053699542019","potions_obtained":[{"floor":0.0,"key":"DistilledChaos"},{"floor":1.0,"key":"SpeedPotion"},{"floor":3.0,"key":"SkillPotion"}],"is_trial":false,"path_per_floor":["M","M","M","$","M","R","$","E","T","R","E","?","?","M","R","B",null,"M","?","M","M","$","R","M","R","T","E","M"],"character_chosen":"THE_SILENT","items_purchased":["Slice","Infinite Blades","Accuracy","Cloak And Dagger","Panache"],"campfire_rested":4,"item_purchase_floors":[4,4,7,7,22],"current_hp_per_floor":[70,66,64,64,64,64,64,39,39,61,44,44,44,23,45,37,75,64,64,62,26,26,48,12,34,34,5,0,0],"gold":172,"neow_bonus":"BOSS_RELIC","is_daily":false,"chose_seed":false,"campfire_upgraded":1,"win_rate":0.0,"timestamp":1609513583,"path_taken":["M","M","?","$","M","R","$","E","T","R","E","?","?","M","R","BOSS","M","?","M","M","$","R","M","R","T","E","M"],"items_purchased_type":["Card","Card","Card","Card","Card"],"build_version":"2020-12-22","purchased_purges":0,"victory":false,"max_hp_per_floor":[75,75,75,75,75,75,75,75,75,75,75,75,75,75,75,75,75,75,75,75,75,75,75,75,75,75,75,75,75],"card_choices":[{"not_picked":["Catalyst","Cloak And Dagger"],"picked":"Well Laid Plans","floor":0.0},{"not_picked":["Terror","Backflip"],"picked":"Footwork","floor":1.0},{"not_picked":["Underhanded Strike","Prepared"],"picked":"Poisoned Stab","floor":2.0},{"not_picked":["Reflex","Tactician"],"picked":"Predator","floor":3.0},{"not_picked":["Quick Slash","Sucker Punch","Acrobatics"],"picked":"SKIP","floor":5.0},{"not_picked":["Leg Sweep","PiercingWail"],"picked":"Blade Dance","floor":8.0},{"not_picked":["Backflip","Sucker Punch"],"picked":"Corpse Explosion","floor":11.0},{"not_picked":["Caltrops","Heel Hook"],"picked":"Blade Dance","floor":14.0},{"not_picked":["Venomology","Wraith Form v2"],"picked":"Die Die Die","floor":16.0},{"not_picked":["Eviscerate+1","Backflip"],"picked":"Infinite Blades","floor":18.0},{"not_picked":["Flying Knee+1","Dagger Spray+1"],"picked":"Footwork","floor":20.0},{"not_picked":["Heel Hook","Deadly Poison"],"picked":"Prepared","floor":21.0},{"not_picked":["Unload","Blade Dance"],"picked":"Dodge and Roll","floor":24},{"not_picked":["Blade Dance+1","Backflip"],"picked":"Terror","floor":27}],"player_experience":29302,"relics_obtained":[{"floor":8.0,"key":"Ancient Tea Set"},{"floor":9.0,"key":"Blood Vial"},{"floor":11.0,"key":"Darkstone Periapt"},{"floor":26,"key":"Orichalcum"},{"floor":27,"key":"StoneCalendar"},{"floor":27,"key":"InkBottle"}],"event_choices":[{"damage_healed":0.0,"max_hp_gain":0.0,"max_hp_loss":0.0,"gold_gain":0.0,"event_name":"Liars Game","player_choice":"Ignored","floor":12.0,"gold_loss":0.0,"damage_taken":0.0},{"damage_healed":0.0,"max_hp_gain":0.0,"max_hp_loss":0.0,"gold_gain":0.0,"cards_transformed":["Poisoned Stab"],"event_name":"Living Wall","player_choice":"Change","floor":13.0,"gold_loss":0.0,"damage_taken":0.0,"cards_obtained":["Skewer"]},{"damage_healed":0.0,"max_hp_gain":0.0,"max_hp_loss":0.0,"gold_gain":0.0,"event_name":"Drug Dealer","player_choice":"Inject Mutagens","floor":19.0,"gold_loss":0.0,"damage_taken":0.0,"relics_obtained":["MutagenicStrength"]}],"is_beta":false,"boss_relics":[{"not_picked":["Runic Pyramid","Philosopher\u0027s Stone"],"picked":"Black Star"}],"items_purged_floors":[],"is_endless":false,"potions_floor_spawned":[1,3,14,21,24],"killed_by":"Snake Plant","ascension_level":1}}