{"host":"lr086sr0tue94d8r","time":1609502061,"event":{"mods":["AchievementEnabler","Aspiration","BaseMod","BetterRewards","Colored Map","Colored Powertips","Conspire","Hubris","Infinite Spire","Minty Spire (QoL Compilation)","Permanent Neow","StSLib"],"gold_per_floor":[114,17,29,58,78,78,153,168,168,203,203,217,217,285,285,285,285],"floor_reached":16,"playtime":905,"items_purged":[],"score":100,"play_id":"8e7ec2a4-03cf-49e6-ac43-6fcf23ed7175","local_time":"20210101222421","is_ascension_mode":false,"campfire_choices":[{"data":"Strike_R","floor":6,"key":"SMITH"},{"data":"Sever Soul","floor":13,"key":"SMITH"},{"floor":15,"key":"REST"}],"circlet_count":0,"master_deck":["Strike_R+1","Strike_R","Strike_R","Strike_R","Strike_R","Defend_R","Defend_R","Defend_R","Defend_R","Bash","Pommel Strike","Spot Weakness","Perfected Strike","Feel No Pain","Shrug It Off","Pommel Strike","Dark Embrace","Sever Soul+1","Headbutt"],"relics":["Burning Blood","Boot","infinitespire:BottledMercury","Anchor","aspiration:FrozenJewel"],"acts_visited":["Exordium"],"potions_floor_usage":[12,12,16,16],"damage_taken":[{"damage":14,"enemies":"2 Louse","floor":1,"turns":3},{"damage":6,"enemies":"Jaw Worm","floor":3,"turns":2},{"damage":22,"enemies":"conspire:MimicChest","floor":4,"turns":7},{"damage":4,"enemies":"conspire:RoseBush","floor":5,"turns":2},{"damage":0,"enemies":"Looter","floor":8,"turns":4},{"damage":43,"enemies":"Lagavulin","floor":10,"turns":8},{"damage":17,"enemies":"2 Fungi Beasts","floor":12,"turns":4},{"damage":64,"enemies":"The Guardian","floor":16,"turns":9}],"seed_played":"3389694973675161696","potions_obtained":[{"floor":5,"key":"DuplicationPotion"},{"floor":8,"key":"BloodPotion"},{"floor":10,"key":"LiquidBronze"},{"floor":12,"key":"BloodPotion"}],"is_trial":false,"path_per_floor":["M","$","M","?","M","R","?","M","T","E","?","M","R","T","R","B"],"character_chosen":"IRONCLAD","items_purchased":["Perfected Strike","Feel No Pain"],"campfire_rested":1,"item_purchase_floors":[2,2],"current_hp_per_floor":[72,72,72,56,58,58,47,53,53,16,16,21,21,21,45,0,0],"gold":285,"neow_bonus":"THREE_CARDS","is_daily":false,"chose_seed":false,"campfire_upgraded":2,"win_rate":0.0,"timestamp":1609502061,"path_taken":["M","$","M","?","M","R","?","M","T","E","?","M","R","?","R","BOSS"],"items_purchased_type":["Card","Card"],"build_version":"2020-12-22","purchased_purges":0,"victory":false,"max_hp_per_floor":[80,80,80,80,80,80,80,80,80,80,80,80,80,80,80,80,80],"card_choices":[{"not_picked":["Twin Strike","Rupture"],"picked":"Pommel Strike","floor":0},{"not_picked":["Shockwave","Warcry"],"picked":"Spot Weakness","floor":1},{"not_picked":["Iron Wave","hubris:ReadiedAction"],"picked":"Shrug It Off","floor":3},{"not_picked":["Anger","Flame Barrier"],"picked":"Pommel Strike","floor":4},{"not_picked":["Headbutt","Iron Wave"],"picked":"Dark Embrace","floor":5},{"not_picked":["Heavy Blade","Twin Strike"],"picked":"Sever Soul","floor":8},{"not_picked":["Intimidate","Feed"],"picked":"Headbutt","floor":10},{"not_picked":["Clash","Clothesline","Iron Wave"],"picked":"SKIP","floor":12}],"player_experience":13737,"relics_obtained":[{"floor":4,"key":"Boot"},{"floor":9,"key":"infinitespire:BottledMercury"},{"floor":10,"key":"Anchor"},{"floor":14,"key":"aspiration:FrozenJewel"}],"event_choices":[{"damage_healed":0,"gold_gain":75,"player_choice":"Gather Gold","damage_taken":11,"max_hp_gain":0,"max_hp_loss":0,"event_name":"World of Goop","floor":7,"gold_loss":0},{"damage_healed":0,"gold_gain":0,"player_choice":"Ignored","damage_taken":0,"max_hp_gain":0,"max_hp_loss":0,"event_name":"Golden Idol","floor":11,"gold_loss":0}],"is_beta":false,"boss_relics":[],"items_purged_floors":[],"is_endless":false,"potions_floor_spawned":[5,8,10,12],"killed_by":"The Guardian","ascension_level":0}}