{"host":"359hz4210ybch7ku","time":1609483609,"event":{"mods":["BaseMod","Block Reminder","Colored Map","Colored Powertips","Highlight Path","Minty Spire (QoL Compilation)","Slay the Relics Exporter","StSLib"],"gold_per_floor":[109,119,129,143,161,189,189,218,218,218,218,218,27,72,72,201,201,244,267,308,157,195,254,254,1,1,34,59,115,148,203,215,346,358,414,446,483,483],"floor_reached":37,"playtime":5137,"items_purged":["Injury","Strike_P","Defend_P"],"score":645,"play_id":"d80a77ba-a65e-4029-8cd4-715961fda003","local_time":"20201231224649","is_ascension_mode":false,"campfire_choices":[{"data":"BattleHymn","floor":7,"key":"SMITH"},{"data":"Eruption","floor":10,"key":"SMITH"},{"floor":15,"key":"REST"},{"floor":24,"key":"REST"},{"data":"Establishment","floor":32,"key":"SMITH"}],"circlet_count":0,"master_deck":["Strike_P","Strike_P","Strike_P","Defend_P+1","Defend_P+1","Eruption+1","Vigilance","BattleHymn+1","Vengeance","Protect","EmptyMind","Meditate","Wish","Consecrate+1","WreathOfFlame+1","Establishment+1","Crescendo+1","Adaptation","MentalFortress","Consecrate+1","LessonLearned+1","LikeWater","Swivel+1","FlyingSleeves+1","DeusExMachina","Consecrate+1"],"relics":["PureWater","Bag of Marbles","HornCleat","Regal Pillow","Oddly Smooth Stone","Golden Idol","Membership Card","SlaversCollar","Juzu Bracelet","MealTicket","Blood Vial","Lee\u0027s Waffle","WingedGreaves","Yang","MawBank","Black Star"],"acts_visited":["TheCity","TheBeyond"],"potions_floor_usage":[6,8,16,16,18,18,18,20,22,23,23,29,29,30,35,36],"damage_taken":[{"damage":2,"enemies":"Cultist","floor":1,"turns":3},{"damage":0,"enemies":"Jaw Worm","floor":2,"turns":4},{"damage":0,"enemies":"Small Slimes","floor":3,"turns":2},{"damage":2,"enemies":"Looter","floor":4,"turns":4},{"damage":0,"enemies":"Blue Slaver","floor":5,"turns":4},{"damage":8,"enemies":"Gremlin Nob","floor":6,"turns":4},{"damage":10,"enemies":"Lagavulin","floor":8,"turns":6},{"damage":13,"enemies":"Red Slaver","floor":14,"turns":4},{"damage":10,"enemies":"Hexaghost","floor":16,"turns":9},{"damage":22,"enemies":"Shell Parasite","floor":18,"turns":6},{"damage":0,"enemies":"Chosen","floor":19,"turns":3},{"damage":16,"enemies":"Centurion and Healer","floor":20,"turns":6},{"damage":15,"enemies":"Snake Plant","floor":22,"turns":3},{"damage":10,"enemies":"Gremlin Leader","floor":23,"turns":5},{"damage":26,"enemies":"Slavers","floor":27,"turns":4},{"damage":0,"enemies":"3 Cultists","floor":28,"turns":3},{"damage":0,"enemies":"Gremlin Leader","floor":29,"turns":3},{"damage":11,"enemies":"Centurion and Healer","floor":30,"turns":5},{"damage":35,"enemies":"Cultist and Chosen","floor":31,"turns":7},{"damage":1,"enemies":"Automaton","floor":33,"turns":8},{"damage":15,"enemies":"Orb Walker","floor":35,"turns":6},{"damage":18,"enemies":"3 Shapes","floor":36,"turns":4},{"damage":62,"enemies":"Maw","floor":37,"turns":6}],"seed_played":"1780432668242401092","potions_obtained":[{"floor":2,"key":"Dexterity Potion"},{"floor":3,"key":"LiquidMemories"},{"floor":4,"key":"ColorlessPotion"},{"floor":6,"key":"Strength Potion"},{"floor":14,"key":"EntropicBrew"},{"floor":16,"key":"FearPotion"},{"floor":22,"key":"Block Potion"},{"floor":23,"key":"Fire Potion"},{"floor":27,"key":"Fire Potion"},{"floor":28,"key":"ColorlessPotion"},{"floor":33,"key":"Dexterity Potion"},{"floor":35,"key":"PowerPotion"}],"is_trial":false,"path_per_floor":["M","M","M","M","M","E","R","E","T","R","?","?","$","M","R","B",null,"M","M","M","$","M","E","R","$","T","E","M","E","M","M","R","B",null,"M","M","M"],"character_chosen":"WATCHER","items_purchased":["Membership Card","Juzu Bracelet","Explosive Potion","Blood Vial","LikeWater","Lee\u0027s Waffle"],"campfire_rested":2,"item_purchase_floors":[13,21,21,25,25,25],"current_hp_per_floor":[70,70,70,68,68,60,60,50,50,50,43,43,43,30,66,56,72,50,50,34,34,19,9,45,79,79,53,55,57,48,15,15,16,79,64,48,0,0],"gold":483,"neow_bonus":"RANDOM_COMMON_RELIC","is_daily":false,"chose_seed":false,"campfire_upgraded":3,"win_rate":0.0,"timestamp":1609483609,"path_taken":["M","M","?","M","M","E","R","E","T","R","?","?","$","M","R","BOSS","M","M","M","$","M","E","R","$","T","E","M","E","M","M","R","BOSS","M","M","M"],"items_purchased_type":["Relic","Relic","Potion","Relic","Card","Relic"],"build_version":"2020-12-22","purchased_purges":3,"victory":false,"max_hp_per_floor":[72,72,72,72,72,72,72,72,72,72,72,72,72,72,72,72,72,72,72,72,72,72,72,72,79,79,79,79,79,79,79,79,79,79,79,79,79,79],"card_choices":[{"not_picked":["FlyingSleeves","EmptyFist"],"picked":"BattleHymn","floor":1},{"not_picked":["Collect","FearNoEvil"],"picked":"Vengeance","floor":2},{"not_picked":["CrushJoints","Evaluate"],"picked":"Protect","floor":3},{"not_picked":["Evaluate","PathToVictory"],"picked":"EmptyMind","floor":4},{"not_picked":["EmptyBody","EmptyFist"],"picked":"Meditate","floor":5},{"not_picked":["SignatureMove","Fasting2"],"picked":"Wish","floor":6},{"not_picked":["EmptyMind","WheelKick"],"picked":"Consecrate","floor":8},{"not_picked":["Halt","ForeignInfluence"],"picked":"WreathOfFlame","floor":14},{"not_picked":["MasterReality","Scrawl"],"picked":"Establishment","floor":16},{"not_picked":["JustLucky","Study"],"picked":"Crescendo+1","floor":18},{"not_picked":["CutThroughFate","EmptyBody+1"],"picked":"Adaptation","floor":19},{"not_picked":["ThirdEye","Vengeance"],"picked":"MentalFortress","floor":20},{"not_picked":["ReachHeaven","ThirdEye"],"picked":"Consecrate","floor":22},{"not_picked":["Prostrate","PathToVictory"],"picked":"LessonLearned","floor":23},{"not_picked":["Fasting2","ThirdEye"],"picked":"Swivel+1","floor":27},{"not_picked":["JustLucky","WaveOfTheHand+1","EmptyFist+1"],"picked":"SKIP","floor":28},{"not_picked":["BowlingBash","ThirdEye","Consecrate"],"picked":"SKIP","floor":29},{"not_picked":["EmptyFist","BowlingBash","Evaluate+1"],"picked":"SKIP","floor":30},{"not_picked":["FollowUp","BowlingBash"],"picked":"FlyingSleeves+1","floor":31},{"not_picked":["Blasphemy","Alpha"],"picked":"DeusExMachina","floor":33},{"not_picked":["EmptyBody","SandsOfTime+1","Prostrate+1"],"picked":"SKIP","floor":35},{"not_picked":["WaveOfTheHand","CarveReality"],"picked":"Consecrate+1","floor":36}],"player_experience":106368,"relics_obtained":[{"floor":6,"key":"HornCleat"},{"floor":8,"key":"Regal Pillow"},{"floor":9,"key":"Oddly Smooth Stone"},{"floor":23,"key":"MealTicket"},{"floor":26,"key":"WingedGreaves"},{"floor":27,"key":"Yang"},{"floor":29,"key":"MawBank"}],"event_choices":[{"cards_removed":["Defend_P"],"damage_healed":0,"gold_gain":0,"player_choice":"Card Removal","damage_taken":7,"max_hp_gain":0,"max_hp_loss":0,"event_name":"Golden Wing","floor":11,"gold_loss":0},{"damage_healed":0,"gold_gain":0,"player_choice":"Take Wound","damage_taken":0,"relics_obtained":["Golden Idol"],"max_hp_gain":0,"max_hp_loss":0,"event_name":"Golden Idol","floor":12,"gold_loss":0,"cards_obtained":["Injury"]}],"is_beta":false,"boss_relics":[{"not_picked":["Philosopher\u0027s Stone","SacredBark"],"picked":"SlaversCollar"},{"not_picked":["Astrolabe","Runic Dome"],"picked":"Black Star"}],"items_purged_floors":[13,21,25],"is_endless":false,"potions_floor_spawned":[2,3,4,6,14,16,22,23,27,28,33,35],"killed_by":"Maw","ascension_level":0}}