{"host":"2c1pg2m9wpz3w4c0","time":1609460121,"event":{"mods":["AchievementEnabler","Act Like it!","Aspiration","BaseMod","Better Note","BetterRewards","Disable Question Mark Monsters","Halation","Hubris","Infinite Spire","Lotus Mark","Marisa????????","Minty Spire (QoL Compilation)","Replay The Spire","StSLib","SuperFastMode","The Clintock","The Jungle","The Runesmith","Transform Curses"],"gold_per_floor":[119,138,213,227,98,125,140,140,140,140,140,155,155,155,155,255,255,275,286,286,406,87,87,101,101,101,112,112,112,112,126,126,221,221,238,238,248,259,259,259,289,339,364,380,396,407,407,407],"floor_reached":47,"playtime":1673,"items_purged":[],"score":732,"play_id":"136d314f-f75b-4f9c-a65c-3945898abd53","local_time":"20201231171521","is_ascension_mode":false,"campfire_choices":[{"floor":8,"key":"REST"},{"data":"Bandage Up","floor":8,"key":"SMITH"},{"data":"Deflect","floor":8,"key":"SMITH"},{"floor":11,"key":"REST"},{"data":"Catalyst","floor":11,"key":"SMITH"},{"data":"Replay:Poison Smokescreen","floor":11,"key":"SMITH"},{"floor":13,"key":"REST"},{"data":"Backstab","floor":13,"key":"SMITH"},{"data":"Poisoned Stab","floor":13,"key":"SMITH"},{"floor":15,"key":"REST"},{"data":"Cloak And Dagger","floor":23,"key":"SMITH"},{"data":"Accuracy","floor":23,"key":"SMITH"},{"floor":25,"key":"REST"},{"data":"Infinite Blades","floor":25,"key":"SMITH"},{"data":"Infinite Blades","floor":25,"key":"SMITH"},{"data":"Noxious Fumes","floor":29,"key":"SMITH"},{"data":"Cloak And Dagger","floor":29,"key":"SMITH"},{"floor":32,"key":"REST"},{"data":"infinitespire:Menacing","floor":32,"key":"SMITH"},{"data":"Poisoned Stab","floor":32,"key":"SMITH"},{"floor":40,"key":"REST"},{"data":"Madness","floor":40,"key":"SMITH"},{"data":"Madness","floor":40,"key":"SMITH"}],"circlet_count":0,"master_deck":["Strike_G","Strike_G","Strike_G","Strike_G","Strike_G","Defend_G","Defend_G","Defend_G+1","Defend_G+1","Defend_G","Survivor","Neutralize","Catalyst+1","hubris:SlightOfHand","Prepared","Poisoned Stab+1","Noxious Fumes+1","Flying Knee","Cloak And Dagger+1","Infinite Blades+1","Infinite Blades+1","Replay:Poison Smokescreen+1","Accuracy+1","Cloak And Dagger+1","PiercingWail","Poisoned Stab+1","Deadly Poison","Bandage Up+1","lotusMarks:Mark","Deflect+1","Backstab+1","After Image+1","Backflip","Dagger Throw","Runesmith:Reinforce+1","Bane+1","Blade Dance+1","Reflex+1","Blade Dance+1","infinitespire:Menacing+1","Poisoned Stab+1","After Image+1","Dodge and Roll","hubris:Sniper+1","Sucker Punch+1","Madness+1","Madness+1","Dodge and Roll+1","Poisoned Stab+1","Flying Knee+1","Deflect+1","Backflip"],"relics":["Ring of the Snake","infinitespire:Magic Flask","Replay:Arrowhead","Quantum Egg","Question Card","Frozen Egg 2","Bottled Tornado","hubris:Towel","hubris:HollowSoul","Golden Egg","Pocketwatch","TwistedFunnel","Gremlin Horn","Turnip","Simple Rune"],"acts_visited":["Exordium","theJungle:Jungle","TheBeyond"],"potions_floor_usage":[6,7,16,19,27,31,37,41,42],"damage_taken":[{"damage":3,"enemies":"Jaw Worm","floor":1,"turns":3},{"damage":12,"enemies":"2 Louse","floor":2,"turns":3},{"damage":2,"enemies":"Small Slimes","floor":4,"turns":3},{"damage":10,"enemies":"Gremlin Nob","floor":6,"turns":4},{"damage":13,"enemies":"Exordium Thugs","floor":7,"turns":5},{"damage":11,"enemies":"3 Louse","floor":12,"turns":3},{"damage":35,"enemies":"Hexaghost","floor":16,"turns":6},{"damage":5,"enemies":"theJungle:GiantWrat","floor":18,"turns":5},{"damage":4,"enemies":"theJungle:Flameango_and_Byrd","floor":19,"turns":6},{"damage":23,"enemies":"theJungle:JungleHuntersEncounter","floor":24,"turns":6},{"damage":2,"enemies":"theJungle:Lyon","floor":27,"turns":3},{"damage":5,"enemies":"theJungle:2_Flameangoes","floor":31,"turns":5},{"damage":0,"enemies":"theJungle:QueenSpyder","floor":33,"turns":7},{"damage":4,"enemies":"Orb Walker","floor":35,"turns":3},{"damage":2,"enemies":"3 Darklings","floor":37,"turns":4},{"damage":17,"enemies":"Transient","floor":38,"turns":5},{"damage":54,"enemies":"Nemesis","floor":41,"turns":7},{"damage":0,"enemies":"Mind Bloom Boss Battle","floor":42,"turns":6},{"damage":17,"enemies":"Spire Growth","floor":44,"turns":5},{"damage":10,"enemies":"Maw","floor":45,"turns":8},{"damage":0,"enemies":"Sphere and 2 Shapes","floor":46,"turns":6},{"damage":15,"enemies":"Giant Head","floor":47,"turns":7}],"seed_played":"-5227635269792426831","potions_obtained":[{"floor":1,"key":"Ancient Potion"},{"floor":4,"key":"Languid Potion"},{"floor":6,"key":"Fruit Juice"},{"floor":7,"key":"LiquidBronze"},{"floor":18,"key":"Weak Potion"},{"floor":24,"key":"Toxic Potion"},{"floor":27,"key":"Dexterity Potion"},{"floor":31,"key":"SkillPotion"},{"floor":37,"key":"Elixir"},{"floor":38,"key":"Block Potion"},{"floor":41,"key":"Weak Potion"}],"is_trial":false,"path_per_floor":["M","M","?","M","$","E","M","R","T","?","R","M","R","?","R","B",null,"M","M","?","?","$","R","M","R","T","M","$","R","AVR","M","R","B",null,"M","?","M","M","?","R","E","?","T","M","M","M","E"],"character_chosen":"THE_SILENT","items_purchased":["infinitespire:Magic Flask","Catalyst","hubris:SlightOfHand","Prepared","Poisoned Stab","Quantum Egg","Noxious Fumes","Flying Knee","Cloak And Dagger","Question Card","Infinite Blades","Replay:Poison Smokescreen","Accuracy","Deadly Poison","Bandage Up","Golden Egg","Bane","Blade Dance"],"campfire_rested":7,"item_purchase_floors":[0,0,0,0,0,0,0,0,0,0,0,0,0,5,5,22,22,22],"current_hp_per_floor":[46,34,23,21,21,11,7,29,29,29,51,40,62,62,75,46,75,70,71,71,60,60,60,43,65,65,63,63,63,63,64,75,75,75,71,71,75,58,49,71,23,23,23,6,2,8,0,0],"gold":407,"neow_bonus":"","is_daily":false,"chose_seed":false,"campfire_upgraded":16,"win_rate":0.0,"timestamp":1609460121,"path_taken":["M","M","?","M","$","E","M","R","T","?","R","M","R","?","R","BOSS","M","M","?","?","$","R","M","R","T","M","$","R","AVR","M","R","BOSS","M","?","M","M","?","R","E","?","T","M","M","?","E"],"items_purchased_type":["Relic","Card","Card","Card","Card","Relic","Card","Card","Card","Relic","Card","Card","Card","Card","Card","Relic","Card","Card"],"build_version":"2020-12-22","purchased_purges":0,"victory":false,"max_hp_per_floor":[70,70,70,70,70,70,75,75,75,75,75,75,75,75,75,75,75,75,75,75,75,75,75,75,75,75,75,75,75,75,75,75,75,75,75,75,75,75,75,75,75,75,75,75,75,75,75,75],"card_choices":[{"not_picked":["hubris:Counter","Terror","Crippling Poison"],"picked":"Cloak And Dagger","floor":1},{"not_picked":["Prepared","Dagger Throw","Skewer"],"picked":"PiercingWail","floor":2},{"not_picked":["Poison Darts","Flechettes","Dagger Throw"],"picked":"Poisoned Stab","floor":4},{"not_picked":["lotusMarks:LotusChain","Outmaneuver","Underhanded Strike"],"picked":"lotusMarks:Mark","floor":6},{"not_picked":["ReplayTheSpireMod:Exploit Weakness","Reflex","Hidden Blade"],"picked":"Deflect","floor":7},{"not_picked":["Terror","Dodge and Roll","hubris:SlightOfHand"],"picked":"Backstab","floor":12},{"not_picked":["infinitespire:Neurotoxin","Die Die Die","Night Terror"],"picked":"After Image+1","floor":16},{"not_picked":["lotusMarks:FullBloom+1","Underhanded Strike+1","ReplayTheSpireMod:Exploit Weakness"],"picked":"Backflip","floor":18},{"not_picked":["lotusMarks:LotusStrike","lotusMarks:Mark","Die Die Die"],"picked":"Dagger Throw","floor":19},{"not_picked":["Hidden Blade","lotusMarks:LotusSlash+1","Crippling Poison"],"picked":"Reflex+1","floor":24},{"not_picked":["Outmaneuver","Cloak And Dagger","lotusMarks:Mark"],"picked":"Blade Dance+1","floor":27},{"not_picked":["Backflip+1","lotusMarks:LotusStrike","Deadly Poison+1"],"picked":"Poisoned Stab+1","floor":31},{"not_picked":["infinitespire:Neurotoxin","Glass Knife","Doppelganger"],"picked":"After Image+1","floor":33},{"not_picked":["Noxious Fumes+1","Masterful Stab","lotusMarks:LotusSlash+1"],"picked":"Dodge and Roll","floor":35},{"not_picked":["Catalyst+1","Calculated Gamble+1","Replay:Poison Smokescreen"],"picked":"hubris:Sniper+1","floor":37},{"not_picked":["Blade Dance","ReplayTheSpireMod:The Works","Slice"],"picked":"Sucker Punch+1","floor":38},{"not_picked":["Accuracy+1","Riddle With Holes","Phantasmal Killer"],"picked":"Dodge and Roll+1","floor":41},{"not_picked":["Underhanded Strike+1","lotusMarks:OnTheHunt","Night Terror"],"picked":"Poisoned Stab+1","floor":42},{"not_picked":["Masterful Stab+1","lotusMarks:LotusSlash","ReplayTheSpireMod:Speed Training+1"],"picked":"Flying Knee+1","floor":44},{"not_picked":["Masterful Stab","Slice","Poisoned Stab"],"picked":"Deflect+1","floor":45},{"not_picked":["Crippling Poison","lotusMarks:Mark+1","Expertise"],"picked":"Backflip","floor":46}],"player_experience":1148845,"relics_obtained":[{"floor":6,"key":"Frozen Egg 2"},{"floor":9,"key":"Bottled Tornado"},{"floor":26,"key":"Pocketwatch"},{"floor":41,"key":"Gremlin Horn"},{"floor":42,"key":"Turnip"},{"floor":43,"key":"Simple Rune"}],"event_choices":[{"damage_healed":0,"gold_gain":75,"player_choice":"Gather Gold","damage_taken":11,"max_hp_gain":0,"max_hp_loss":0,"event_name":"World of Goop","floor":3,"gold_loss":0},{"cards_removed":["Bandage Up"],"damage_healed":0,"gold_gain":0,"player_choice":"Take \u0026 Give","damage_taken":0,"max_hp_gain":0,"max_hp_loss":0,"event_name":"betterNote:BetterNote","floor":20,"gold_loss":0,"cards_obtained":["Runesmith:Reinforce"]},{"damage_healed":0,"gold_gain":0,"player_choice":"Embrace Madness","damage_taken":9,"max_hp_gain":0,"max_hp_loss":0,"event_name":"Winding Halls","floor":39,"gold_loss":0,"cards_obtained":["Madness","Madness"]},{"damage_healed":0,"gold_gain":0,"player_choice":"Fight","damage_taken":0,"max_hp_gain":0,"max_hp_loss":0,"event_name":"MindBloom","floor":42,"gold_loss":0}],"is_beta":false,"boss_relics":[{"not_picked":["Replay:Grab Bag","Empty Cage"],"picked":"hubris:HollowSoul"},{"not_picked":["hubris:BlackHole","Busted Crown","Snecko Eye"]}],"items_purged_floors":[],"is_endless":false,"potions_floor_spawned":[1,4,6,7,18,24,27,31,37,38,41],"killed_by":"Giant Head","ascension_level":0}}