{"host":"7qmclr78zvlntuh5","time":1609543699,"event":{"mods":["BaseMod","Downfall","Minty Spire (QoL Compilation)","StSLib"],"gold_per_floor":[99,115,115,128,146,176,224,224,101,120,146,163,63,88,98,98,98,98],"floor_reached":16,"playtime":1448,"items_purged":["Pain"],"score":140,"play_id":"26e62afe-dfc7-44ff-b392-71a6e31e9224","local_time":"20210101182819","is_ascension_mode":true,"campfire_choices":[{"floor":1,"key":"RECALL"},{"floor":13,"key":"REST"}],"circlet_count":0,"master_deck":["Guardian:Strike_Guardian","Guardian:Strike_Guardian","Guardian:Strike_Guardian","Guardian:Strike_Guardian","Guardian:Defend_Guardian","Guardian:Defend_Guardian","Guardian:Defend_Guardian","Guardian:Defend_Guardian","Guardian:CurlUp","Guardian:TwinSlam","CurseOfTheBell","Guardian:RollAttack","Guardian:StasisEngine","Guardian:BronzeOrb","Guardian:BronzeArmor","Guardian:EvasiveProtocol","Guardian:ChargeUp","Guardian:StasisStrike","Guardian:Gem_Fragmented"],"relics":["Guardian:ModeShifter","Calling Bell","Orichalcum","Mummified Hand","Shovel","Lantern","Toy Ornithopter","MealTicket","downfall:HeartBlessingRed","Ancient Tea Set"],"acts_visited":["Exordium"],"potions_floor_usage":[12,16,16],"damage_taken":[{"damage":4,"enemies":"Small Slimes","floor":2,"turns":4},{"damage":8,"enemies":"Cultist","floor":4,"turns":5},{"damage":13,"enemies":"Jaw Worm","floor":5,"turns":7},{"damage":23,"enemies":"3 Sentries","floor":6,"turns":9},{"damage":3,"enemies":"downfall:FleeingMerchant","floor":9,"turns":4},{"damage":9,"enemies":"2 Fungi Beasts","floor":10,"turns":4},{"damage":11,"enemies":"Gremlin Nob","floor":11,"turns":5},{"damage":7,"enemies":"Exordium Wildlife","floor":12,"turns":4},{"damage":4,"enemies":"3 Sentries","floor":14,"turns":5},{"damage":8,"enemies":"Blue Slaver","floor":15,"turns":3},{"damage":79,"enemies":"downfall:Defect","floor":16,"turns":11}],"seed_played":"-2265617667400795140","potions_obtained":[{"floor":6,"key":"Energy Potion"},{"floor":10,"key":"Energy Potion"},{"floor":11,"key":"AttackPotion"},{"floor":14,"key":"FearPotion"}],"is_trial":false,"path_per_floor":["R","M","?","M","M","E","T","?","$","M","E","M","R","E","M","B"],"character_chosen":"GUARDIAN","items_purchased":["Guardian:BronzeOrb"],"campfire_rested":1,"item_purchase_floors":[9],"current_hp_per_floor":[88,84,84,76,63,40,40,40,37,28,17,15,41,37,29,0,0,0],"gold":98,"neow_bonus":"TEN_PERCENT_HP_BONUS","is_daily":false,"chose_seed":false,"campfire_upgraded":0,"win_rate":0.0,"timestamp":1609543699,"path_taken":["R","M","?","M","M","E","T","?","$","M","E","?","R","E","M","BOSS"],"items_purchased_type":["Card"],"build_version":"2020-12-22","purchased_purges":1,"victory":false,"max_hp_per_floor":[88,88,88,88,88,88,88,88,88,88,88,88,88,88,88,88,88,88],"card_choices":[{"not_picked":["Guardian:Gem_Green","Guardian:ShieldCharger"],"picked":"Guardian:Gem_Cyan","floor":2},{"not_picked":["Guardian:ShieldCharger","Guardian:TemporalShield"],"picked":"Guardian:Gem_Cyan","floor":4},{"not_picked":["Guardian:SentryBeam","Guardian:VentSteam"],"picked":"Guardian:RollAttack","floor":5},{"not_picked":["Guardian:TemporalStrike","Guardian:PolyBeam"],"picked":"Guardian:StasisEngine","floor":6},{"not_picked":["Guardian:PrimingBeam","Guardian:Recover"],"picked":"Guardian:Gem_Cyan","floor":9},{"not_picked":["Guardian:Orbwalk","Guardian:PrismaticBarrier"],"picked":"Guardian:BronzeArmor","floor":10},{"not_picked":["Guardian:ShieldCharger","Guardian:CrystalBeam"],"picked":"Guardian:EvasiveProtocol","floor":11},{"not_picked":["Guardian:Gem_Cyan","Guardian:Gem_Red"],"picked":"Guardian:ChargeUp","floor":12},{"not_picked":["Guardian:Reroute","Guardian:VentSteam"],"picked":"Guardian:StasisStrike","floor":14},{"not_picked":["Guardian:MultiBeam","Guardian:Incinerate"],"picked":"Guardian:Gem_Fragmented","floor":15}],"player_experience":205563,"relics_obtained":[{"floor":3,"key":"Orichalcum"},{"floor":3,"key":"Mummified Hand"},{"floor":3,"key":"Shovel"},{"floor":6,"key":"Lantern"},{"floor":7,"key":"Toy Ornithopter"},{"floor":11,"key":"MealTicket"},{"floor":14,"key":"Ancient Tea Set"}],"event_choices":[{"damage_healed":0,"gold_gain":0,"player_choice":"Leave","damage_taken":0,"max_hp_gain":0,"max_hp_loss":0,"event_name":"FaceTrader","floor":8,"gold_loss":0}],"is_beta":false,"boss_relics":[],"items_purged_floors":[9],"is_endless":false,"potions_floor_spawned":[6,10,11,14],"killed_by":"downfall:Defect","ascension_level":3}}