{"host":"1eo5f82aifdzd7pr","time":1609507615,"event":{"mods":["AchievementEnabler","BaseMod","Colored Map","Colored Powertips","DeckTracker","Marisa????????","Minty Spire (QoL Compilation)","StSLib","SuperFastMode"],"gold_per_floor":[119,119,130,130,150,150,175,175,245,245,116,116,142,155,155,227,227,237,256,270,13,46,78,78,94,176,101,101,115,115,134,134,212,212,252,252,289,328,369,369,409,409,409,460,17,51,51,51,51,51],"floor_reached":51,"playtime":3179,"items_purged":["Strike_P","Strike_P","Defend_P"],"score":1357,"play_id":"a4510359-8290-4415-842b-cf55a617f2d0","local_time":"20210101152655","is_ascension_mode":true,"campfire_choices":[{"data":"Eruption","floor":6.0,"key":"SMITH"},{"data":"MentalFortress","floor":8.0,"key":"SMITH"},{"data":"SandsOfTime","floor":10.0,"key":"SMITH"},{"data":"FearNoEvil","floor":12.0,"key":"SMITH"},{"data":"TalkToTheHand","floor":15.0,"key":"SMITH"},{"data":"Devotion","floor":24.0,"key":"SMITH"},{"data":"DevaForm","floor":28.0,"key":"SMITH"},{"data":"Tantrum","floor":30.0,"key":"SMITH"},{"floor":32.0,"key":"REST"},{"data":"Wish","floor":40,"key":"SMITH"},{"data":"WheelKick","floor":42,"key":"SMITH"},{"data":"WheelKick","floor":47,"key":"SMITH"},{"floor":49,"key":"REST"}],"circlet_count":0,"master_deck":["AscendersBane","Strike_P","Defend_P","Defend_P","Eruption+1","Vigilance","DevaForm+1","MentalFortress+1","WheelKick+1","SandsOfTime+1","FearNoEvil+1","FlurryOfBlows","TalkToTheHand+1","FlurryOfBlows","Devotion+1","Protect","DeceiveReality","Tantrum+1","Tantrum+1","Wish+1","WheelKick+1"],"relics":["PureWater","Bag of Preparation","Ornamental Fan","Odd Mushroom","Snecko Eye","Omamori","Red Mask","Lantern","Yang","Cursed Key","Kunai","CaptainsWheel","StoneCalendar","Sundial"],"acts_visited":["Exordium","TheCity","TheBeyond"],"potions_floor_usage":[33,37,50,50],"damage_taken":[{"damage":4.0,"enemies":"Jaw Worm","floor":1.0,"turns":6.0},{"damage":7.0,"enemies":"Small Slimes","floor":3.0,"turns":6.0},{"damage":0.0,"enemies":"2 Louse","floor":5.0,"turns":4.0},{"damage":15.0,"enemies":"Gremlin Nob","floor":7.0,"turns":3.0},{"damage":3.0,"enemies":"The Mushroom Lair","floor":13.0,"turns":4.0},{"damage":5.0,"enemies":"Red Slaver","floor":14.0,"turns":3.0},{"damage":28.0,"enemies":"The Guardian","floor":16.0,"turns":7.0},{"damage":12.0,"enemies":"3 Byrds","floor":18.0,"turns":4.0},{"damage":0.0,"enemies":"Shell Parasite","floor":19.0,"turns":3.0},{"damage":0.0,"enemies":"Sentry and Sphere","floor":20.0,"turns":2.0},{"damage":0.0,"enemies":"Masked Bandits","floor":22.0,"turns":2.0},{"damage":1.0,"enemies":"Slavers","floor":23.0,"turns":4.0},{"damage":0.0,"enemies":"Snake Plant","floor":25.0,"turns":3.0},{"damage":5.0,"enemies":"Shelled Parasite and Fungi","floor":29.0,"turns":4.0},{"damage":0.0,"enemies":"3 Cultists","floor":31.0,"turns":4.0},{"damage":0,"enemies":"Champ","floor":33,"turns":5},{"damage":1,"enemies":"Orb Walker","floor":35,"turns":3},{"damage":0,"enemies":"3 Shapes","floor":37,"turns":3},{"damage":13,"enemies":"Jaw Worm Horde","floor":38,"turns":4},{"damage":0,"enemies":"Maw","floor":39,"turns":6},{"damage":0,"enemies":"4 Shapes","floor":41,"turns":3},{"damage":0,"enemies":"2 Orb Walkers","floor":44,"turns":3},{"damage":0,"enemies":"Giant Head","floor":46,"turns":6},{"damage":18,"enemies":"Time Eater","floor":50,"turns":5}],"seed_played":"-6541595621675685490","potions_obtained":[{"floor":1.0,"key":"LiquidBronze"},{"floor":7.0,"key":"PowerPotion"},{"floor":13.0,"key":"Explosive Potion"},{"floor":22.0,"key":"StancePotion"},{"floor":25.0,"key":"Energy Potion"},{"floor":31.0,"key":"Strength Potion"},{"floor":33,"key":"FearPotion"},{"floor":36,"key":"SkillPotion"},{"floor":38,"key":"GamblersBrew"}],"is_trial":false,"path_per_floor":["M","?","M","?","M","R","E","R","T","R","$","R","?","M","R","B",null,"M","M","M","$","?","E","R","M","T","?","R","M","R","M","R","B",null,"M","?","M","M","M","R","M","R","T","?","$","E","R","$","R","B",null],"character_chosen":"WATCHER","items_purchased":["FlurryOfBlows","Omamori","StoneCalendar"],"campfire_rested":2,"item_purchase_floors":[11,21,45],"current_hp_per_floor":[57,62,55,55,55,55,40,40,40,40,40,40,37,32,32,4,56,44,44,44,44,44,43,43,43,43,43,43,38,38,38,59,59,70,69,69,69,56,56,56,56,56,56,56,56,56,56,56,73,55],"gold":51,"neow_bonus":"ONE_RANDOM_RARE_CARD","is_daily":false,"chose_seed":false,"campfire_upgraded":11,"win_rate":0.0,"timestamp":1609507615,"path_taken":["M","?","M","?","M","R","E","R","T","R","$","R","?","M","R","BOSS","M","M","M","$","?","E","R","M","T","?","R","M","R","M","R","BOSS","M","?","M","?","M","R","M","R","T","?","$","E","R","?","R","BOSS"],"items_purchased_type":["Card","Relic","Relic"],"build_version":"2020-12-22","purchased_purges":3,"victory":true,"max_hp_per_floor":[68,73,73,73,73,73,73,73,73,73,73,73,73,73,73,73,73,73,73,73,73,73,73,73,73,73,73,73,73,73,73,73,73,73,73,73,73,73,73,73,73,73,73,73,73,73,73,73,73,73],"card_choices":[{"not_picked":["ClearTheMind","Evaluate"],"picked":"MentalFortress","floor":1.0},{"not_picked":["ThirdEye","BowlingBash"],"picked":"WheelKick","floor":3.0},{"not_picked":["Crescendo","EmptyFist"],"picked":"SandsOfTime","floor":5.0},{"not_picked":["BattleHymn","Crescendo"],"picked":"FearNoEvil","floor":7.0},{"not_picked":["Halt","Weave"],"picked":"TalkToTheHand","floor":13.0},{"not_picked":["BattleHymn","Study"],"picked":"FlurryOfBlows","floor":14.0},{"not_picked":["Establishment","MasterReality"],"picked":"Devotion","floor":16.0},{"not_picked":["JustLucky","PathToVictory","Indignation"],"picked":"SKIP","floor":18.0},{"not_picked":["Vengeance","Pray","BowlingBash"],"picked":"SKIP","floor":19.0},{"not_picked":["ClearTheMind","FlurryOfBlows","FollowUp"],"picked":"SKIP","floor":20.0},{"not_picked":["Weave","CutThroughFate"],"picked":"Protect","floor":22.0},{"not_picked":["Brilliance","Evaluate+1","EmptyFist"],"picked":"SKIP","floor":23.0},{"not_picked":["Protect","ClearTheMind"],"picked":"DeceiveReality","floor":25.0},{"not_picked":["Evaluate","Prostrate"],"picked":"Tantrum","floor":29.0},{"not_picked":["FlyingSleeves","SignatureMove"],"picked":"Tantrum+1","floor":31.0},{"not_picked":["ConjureBlade","DevaForm"],"picked":"Wish","floor":33},{"not_picked":["PathToVictory+1","Evaluate","JustLucky"],"picked":"SKIP","floor":35},{"not_picked":["Crescendo+1","ThirdEye","ReachHeaven"],"picked":"SKIP","floor":37},{"not_picked":["Pray","Wireheading+1","Protect"],"picked":"SKIP","floor":38},{"not_picked":["Protect","Blasphemy"],"picked":"WheelKick","floor":39},{"not_picked":["FollowUp","ClearTheMind","FlurryOfBlows+1"],"picked":"SKIP","floor":41},{"not_picked":["Devotion","WindmillStrike","SignatureMove"],"picked":"SKIP","floor":46}],"player_experience":737548,"relics_obtained":[{"floor":7.0,"key":"Bag of Preparation"},{"floor":9.0,"key":"Ornamental Fan"},{"floor":13.0,"key":"Odd Mushroom"},{"floor":22.0,"key":"Red Mask"},{"floor":23.0,"key":"Lantern"},{"floor":26.0,"key":"Yang"},{"floor":43,"key":"Kunai"},{"floor":44,"key":"CaptainsWheel"},{"floor":46,"key":"Sundial"}],"event_choices":[{"damage_healed":0.0,"max_hp_gain":5.0,"max_hp_loss":0.0,"gold_gain":0.0,"event_name":"Big Fish","player_choice":"Donut","floor":2.0,"gold_loss":0.0,"damage_taken":0.0},{"cards_removed":["Strike_P"],"damage_healed":0.0,"max_hp_gain":0.0,"max_hp_loss":0.0,"gold_gain":0.0,"event_name":"Living Wall","player_choice":"Forget","floor":4.0,"gold_loss":0.0,"damage_taken":0.0},{"damage_healed":0.0,"max_hp_gain":0.0,"max_hp_loss":0.0,"gold_gain":0.0,"event_name":"Mushrooms","player_choice":"Fought Mushrooms","floor":13.0,"gold_loss":0.0,"damage_taken":0.0},{"damage_healed":0.0,"max_hp_gain":0.0,"max_hp_loss":0.0,"gold_gain":0.0,"event_name":"Masked Bandits","player_choice":"Fought Bandits","floor":22.0,"gold_loss":0.0,"damage_taken":0.0},{"cards_removed":["Defend_P"],"damage_healed":0.0,"max_hp_gain":0.0,"max_hp_loss":0.0,"gold_gain":0.0,"event_name":"Beggar","player_choice":"Gave Gold","floor":27.0,"gold_loss":75.0,"damage_taken":0.0},{"damage_healed":0,"gold_gain":0,"player_choice":"Got Potions","damage_taken":0,"max_hp_gain":0,"max_hp_loss":0,"event_name":"Lab","floor":36,"gold_loss":0},{"damage_healed":0,"gold_gain":0,"player_choice":"Fight","damage_taken":0,"max_hp_gain":0,"max_hp_loss":0,"event_name":"Mysterious Sphere","floor":44,"gold_loss":0}],"is_beta":false,"boss_relics":[{"not_picked":["Empty Cage","Velvet Choker"],"picked":"Snecko Eye"},{"not_picked":["Runic Dome","Fusion Hammer"],"picked":"Cursed Key"}],"items_purged_floors":[11,21,45],"is_endless":false,"potions_floor_spawned":[1,7,13,22,25,31,33,38,39],"ascension_level":17}}