{"host":"8p0k1lsi5hlczive","time":1609517993,"event":{"mods":["AchievementEnabler","BaseMod","Best Route Mod","Bestiary","Better Match","Better Note","Better Skull","Better Third Choice","Block Reminder","Colored Powertips","Curses Come First","DeckTracker","Downfall","Key Reminder","Minty Spire (QoL Compilation)","Permanent Neow","Prisma Mod","Quick Restart","Rare Cards Sparkle","Relic Stats","Shade Mod","StSLib","SuperFastMode","The Disciple","The Marked","[JumpMod]????"],"gold_per_floor":[210,223,223,240,68,68,68,0,0,0,46,79,99,99,99,199,199,219,219,219,233,250,250,250],"floor_reached":23,"playtime":2117,"items_purged":[],"score":189,"play_id":"ca454ab7-ee9a-4eac-9111-d9ccf23f97be","local_time":"20210101101953","is_ascension_mode":false,"campfire_choices":[{"data":"expansioncontent:Flail","floor":6,"key":"SMITH"},{"data":"1","floor":10,"key":"LIFT"},{"floor":15,"key":"REST"}],"circlet_count":0,"master_deck":["theMarked:Strike","theMarked:Strike","theMarked:Strike","theMarked:Strike","theMarked:Strike","theMarked:Defend","theMarked:Defend+1","theMarked:Defend","theMarked:Defend","theMarked:SoldierOfQuellstein+1","theMarked:HeightenedSenses","theMarked:Polarize","theMarked:DispelDoubt","theMarked:TwofoldDefense","expansioncontent:Flail+1","theMarked:Aftermath+1","theMarked:AttractMetal","theMarked:ContemptForTheProud","theMarked:SwordAndMagic","theMarked:FavorableWinds","CurseOfTheBell","theMarked:Indomitable","theMarked:TakeCover","theMarked:ParalyzingBlade+1"],"relics":["theMarked:ArtifactOfAir","HowToJump","Girya","War Paint","Matryoshka","Calling Bell","Dream Catcher","theMarked:Gun","Calipers"],"acts_visited":["Exordium","TheCity"],"potions_floor_usage":[18],"damage_taken":[{"damage":0,"enemies":"2 Louse","floor":1,"turns":3},{"damage":0,"enemies":"Cultist","floor":2,"turns":4},{"damage":2,"enemies":"Jaw Worm","floor":4,"turns":6},{"damage":24,"enemies":"Gremlin Nob","floor":12,"turns":5},{"damage":2,"enemies":"Looter","floor":13,"turns":3},{"damage":53,"enemies":"Hexaghost","floor":16,"turns":12},{"damage":20,"enemies":"2 Thieves","floor":18,"turns":4},{"damage":20,"enemies":"Shell Parasite","floor":21,"turns":6},{"damage":18,"enemies":"Snake Plant","floor":22,"turns":4},{"damage":6,"enemies":"Book of Stabbing","floor":23,"turns":4}],"seed_played":"-5762318257802343115","potions_obtained":[{"floor":12,"key":"ColorlessPotion"},{"floor":13,"key":"BlessingOfTheForge"},{"floor":16,"key":"Strength Potion"},{"floor":21,"key":"GamblersBrew"}],"is_trial":false,"path_per_floor":["M","M","?","M","$","R","?","$","T","R","T","E","M","?","R","B",null,"M","?","?","M","M","E"],"character_chosen":"THE_DEFAULT","items_purchased":["theMarked:TwofoldDefense","expansioncontent:Flail","theMarked:Aftermath","theMarked:AttractMetal"],"campfire_rested":1,"item_purchase_floors":[5,5,5,8],"current_hp_per_floor":[70,70,70,68,68,68,68,68,68,68,68,44,42,42,63,10,70,50,50,43,23,5,0,0],"gold":250,"neow_bonus":"HUNDRED_GOLD","is_daily":false,"chose_seed":false,"campfire_upgraded":1,"win_rate":0.0,"timestamp":1609517993,"path_taken":["M","M","?","M","?","R","?","?","T","R","?","E","M","?","R","BOSS","M","?","?","?","M","E"],"items_purchased_type":["Card","Card","Card","Card"],"build_version":"2020-12-22","purchased_purges":0,"victory":false,"max_hp_per_floor":[70,70,70,70,70,70,70,70,70,70,70,70,70,70,70,70,70,70,70,70,70,70,70,70],"relic_stats":{"Dream Catcher":0,"counters":[10,51],"War Paint":["theMarked:Aftermath","theMarked:Defend"],"obtain_stats":[{"Calling Bell":17,"theMarked:ArtifactOfAir":0,"Girya":9,"Dream Catcher":17,"Matryoshka":12,"theMarked:Gun":17,"Calipers":17,"HowToJump":0,"War Paint":11},{"Calling Bell":6,"theMarked:ArtifactOfAir":0,"Girya":3,"Dream Catcher":6,"Matryoshka":4,"theMarked:Gun":6,"Calipers":6,"HowToJump":0,"War Paint":3},{"Calling Bell":33,"theMarked:ArtifactOfAir":0,"Girya":13,"Dream Catcher":33,"Matryoshka":18,"theMarked:Gun":33,"Calipers":33,"HowToJump":0,"War Paint":13}]},"card_choices":[{"not_picked":["theMarked:Improvise","theMarked:ChainLightning"],"picked":"theMarked:HeightenedSenses","floor":1},{"not_picked":["theMarked:ComboAttacks","theMarked:WastefulAttack"],"picked":"theMarked:Polarize","floor":2},{"not_picked":["theMarked:Improvise","theMarked:Reabsorb"],"picked":"theMarked:DispelDoubt","floor":4},{"not_picked":["theMarked:WastefulAttack","theMarked:WastefulDefense"],"picked":"theMarked:ContemptForTheProud","floor":12},{"not_picked":["theMarked:PowerFlow","theMarked:RepellingDischarge"],"picked":"theMarked:SwordAndMagic","floor":13},{"not_picked":["theMarked:SoldierForm","theMarked:Defy"],"picked":"theMarked:FavorableWinds","floor":16},{"not_picked":["theMarked:HeightenedSenses","theMarked:ComboAttacks+1"],"picked":"theMarked:Indomitable","floor":18},{"not_picked":["theMarked:Snap","theMarked:ResourceFulStrike"],"picked":"theMarked:TakeCover","floor":21},{"not_picked":["theMarked:Static","theMarked:EmpowerWeapon"],"picked":"theMarked:ParalyzingBlade+1","floor":22}],"player_experience":29999,"relics_obtained":[{"floor":9,"key":"Girya"},{"floor":11,"key":"War Paint"},{"floor":12,"key":"Matryoshka"},{"floor":17,"key":"Dream Catcher"},{"floor":17,"key":"theMarked:Gun"},{"floor":17,"key":"Calipers"}],"event_choices":[{"damage_healed":0,"gold_gain":0,"player_choice":"Bought 0 Potions","damage_taken":0,"max_hp_gain":0,"max_hp_loss":0,"event_name":"The Woman in Blue","floor":3,"gold_loss":0},{"damage_healed":0,"gold_gain":0,"player_choice":"Grow","damage_taken":0,"max_hp_gain":0,"max_hp_loss":0,"event_name":"Living Wall","floor":7,"gold_loss":0,"cards_upgraded":["theMarked:SoldierOfQuellstein"]},{"damage_healed":0,"gold_gain":0,"player_choice":"Ignored","damage_taken":0,"max_hp_gain":0,"max_hp_loss":0,"event_name":"Golden Idol","floor":14,"gold_loss":0},{"damage_healed":0,"gold_gain":0,"player_choice":"Ignored","damage_taken":0,"max_hp_gain":0,"max_hp_loss":0,"event_name":"betterNote:BetterNote","floor":19,"gold_loss":0,"cards_obtained":["Gash"]},{"damage_healed":0,"gold_gain":0,"player_choice":"Damaged","damage_taken":7,"max_hp_gain":0,"max_hp_loss":0,"event_name":"Wheel of Change","floor":20,"gold_loss":0}],"is_beta":false,"boss_relics":[{"not_picked":["theMarked:Eyepatch","Tiny House"],"picked":"Calling Bell"}],"items_purged_floors":[],"is_endless":false,"potions_floor_spawned":[12,13,16,21],"killed_by":"Book of Stabbing","ascension_level":0}}