{"host":"52zmxm0oht7x0uft","time":1609511640,"event":{"mods":["AchievementEnabler","BaseMod","Minty Spire (QoL Compilation)","Quick Restart"],"gold_per_floor":[118,133,147,147,160,160,193,193,220,170,182,107,119,131,131,231,231,242,157,143,143,43,43,69,85,109,144,156,156,156,31,31,128,128,139,149,168,168,168],"floor_reached":38,"playtime":1710,"items_purged":["Strike_R","Defend_R","Defend_R"],"score":527,"play_id":"722bd614-52fe-489b-b198-34d6a1b5fd2a","local_time":"20210101153400","is_ascension_mode":true,"campfire_choices":[{"data":"Rage","floor":6,"key":"SMITH"},{"floor":8,"key":"RECALL"},{"data":"Clash","floor":15,"key":"SMITH"},{"data":"Flame Barrier","floor":23,"key":"SMITH"},{"data":"1","floor":30,"key":"LIFT"},{"floor":32,"key":"REST"}],"circlet_count":0,"master_deck":["Strike_R","Strike_R","Strike_R","Strike_R","Defend_R","Bash","Rage+1","Clash+1","Juggernaut","Flame Barrier+1","Metallicize","Barricade","Clash+1"],"relics":["Burning Blood","Boot","Akabeko","Strawberry","Runic Pyramid","Pantograph","Blood Vial","Toy Ornithopter","Girya","Black Star"],"acts_visited":["Exordium","TheCity","TheBeyond"],"potions_floor_usage":[7,16,16,24,24,24,27,33,37],"damage_taken":[{"damage":6,"enemies":"Jaw Worm","floor":1,"turns":5},{"damage":0,"enemies":"Small Slimes","floor":2,"turns":3},{"damage":0,"enemies":"2 Louse","floor":3,"turns":2},{"damage":11,"enemies":"2 Fungi Beasts","floor":5,"turns":5},{"damage":45,"enemies":"3 Sentries","floor":7,"turns":7},{"damage":1,"enemies":"Looter","floor":11,"turns":3},{"damage":0,"enemies":"Large Slime","floor":13,"turns":4},{"damage":8,"enemies":"Exordium Wildlife","floor":14,"turns":3},{"damage":43,"enemies":"The Guardian","floor":16,"turns":13},{"damage":19,"enemies":"Shell Parasite","floor":18,"turns":7},{"damage":7,"enemies":"2 Thieves","floor":20,"turns":4},{"damage":14,"enemies":"Book of Stabbing","floor":24,"turns":5},{"damage":12,"enemies":"Cultist and Chosen","floor":25,"turns":6},{"damage":59,"enemies":"Gremlin Leader","floor":27,"turns":9},{"damage":6,"enemies":"Sentry and Sphere","floor":28,"turns":4},{"damage":30,"enemies":"Champ","floor":33,"turns":10},{"damage":82,"enemies":"Orb Walker","floor":35,"turns":7},{"damage":14,"enemies":"3 Shapes","floor":36,"turns":8},{"damage":17,"enemies":"Spire Growth","floor":37,"turns":5},{"damage":19,"enemies":"Sphere and 2 Shapes","floor":38,"turns":1}],"seed_played":"-4179842729470675731","potions_obtained":[{"floor":3,"key":"DuplicationPotion"},{"floor":5,"key":"AttackPotion"},{"floor":11,"key":"SkillPotion"},{"floor":14,"key":"ColorlessPotion"},{"floor":16,"key":"Block Potion"},{"floor":18,"key":"PowerPotion"},{"floor":24,"key":"Strength Potion"},{"floor":25,"key":"SpeedPotion"},{"floor":27,"key":"AttackPotion"},{"floor":35,"key":"DuplicationPotion"}],"is_trial":false,"path_per_floor":["M","M","M","?","M","R","E","R","T","?","M","$","M","M","R","B",null,"M","?","M","?","$","R","E","M","T","E","M","?","R","$","R","B",null,"M","M","M","M"],"character_chosen":"IRONCLAD","items_purchased":[],"campfire_rested":1,"item_purchase_floors":[],"current_hp_per_floor":[88,88,88,88,83,83,44,44,51,51,56,56,62,60,60,23,95,82,82,81,81,81,81,73,69,69,23,25,25,25,25,53,61,95,19,13,9,0,0],"gold":168,"neow_bonus":"TEN_PERCENT_HP_BONUS","is_daily":false,"chose_seed":false,"campfire_upgraded":3,"win_rate":0.0,"timestamp":1609511640,"path_taken":["M","M","M","?","M","R","E","R","T","?","M","$","M","M","R","BOSS","M","?","M","?","$","R","E","M","T","E","M","?","R","$","R","BOSS","M","M","M","M"],"items_purchased_type":[],"build_version":"2020-12-22","purchased_purges":3,"victory":false,"max_hp_per_floor":[88,88,88,88,88,88,88,88,95,95,95,95,95,95,95,95,95,95,95,95,95,95,95,95,95,95,95,95,95,95,95,95,95,95,95,95,95,95,95],"card_choices":[{"not_picked":["Armaments","Anger","Blood for Blood"],"picked":"SKIP","floor":1},{"not_picked":["Body Slam","Inflame"],"picked":"Rage","floor":2},{"not_picked":["Thunderclap","Twin Strike","Perfected Strike"],"picked":"SKIP","floor":3},{"not_picked":["Dual Wield","Power Through","Pommel Strike"],"picked":"SKIP","floor":5},{"not_picked":["Wild Strike","Berserk","Armaments"],"picked":"SKIP","floor":7},{"not_picked":["Headbutt","Cleave"],"picked":"Clash","floor":11},{"not_picked":["Twin Strike","Warcry","Impervious"],"picked":"SKIP","floor":13},{"not_picked":["Reckless Charge","Sword Boomerang","Flex"],"picked":"SKIP","floor":14},{"not_picked":["Fiend Fire","Offering"],"picked":"Juggernaut","floor":16},{"not_picked":["Twin Strike","Body Slam"],"picked":"Flame Barrier","floor":18},{"not_picked":["Headbutt+1","Thunderclap","Hemokinesis"],"picked":"SKIP","floor":20},{"not_picked":["Thunderclap","Seeing Red","Fire Breathing"],"picked":"SKIP","floor":24},{"not_picked":["Shrug It Off","Sword Boomerang"],"picked":"Metallicize","floor":25},{"not_picked":["Anger","Pommel Strike","Clothesline"],"picked":"SKIP","floor":27},{"not_picked":["Burning Pact","Havoc","Heavy Blade+1"],"picked":"SKIP","floor":28},{"not_picked":["Corruption","Fiend Fire"],"picked":"Barricade","floor":33},{"not_picked":["Flex","Sever Soul"],"picked":"Clash+1","floor":35},{"not_picked":["Twin Strike","Metallicize","Thunderclap+1"],"picked":"SKIP","floor":36},{"not_picked":["Clothesline+1","Headbutt","Clash"],"picked":"SKIP","floor":37}],"player_experience":348895,"relics_obtained":[{"floor":7,"key":"Akabeko"},{"floor":9,"key":"Strawberry"},{"floor":24,"key":"Blood Vial"},{"floor":26,"key":"Toy Ornithopter"},{"floor":27,"key":"Girya"}],"event_choices":[{"damage_healed":0,"gold_gain":0,"player_choice":"Box","damage_taken":0,"relics_obtained":["Boot"],"max_hp_gain":0,"max_hp_loss":0,"event_name":"Big Fish","floor":4,"gold_loss":0,"cards_obtained":["Regret"]},{"cards_removed":["Regret"],"damage_healed":0,"gold_gain":0,"player_choice":"Card Removal","damage_taken":0,"max_hp_gain":0,"max_hp_loss":0,"event_name":"The Cleric","floor":10,"gold_loss":50},{"damage_healed":0,"gold_gain":0,"player_choice":"Obtained Relic","damage_taken":0,"relics_obtained":["Pantograph"],"max_hp_gain":0,"max_hp_loss":0,"event_name":"Addict","floor":19,"gold_loss":85},{"cards_removed":["Defend_R"],"damage_healed":0,"gold_gain":0,"player_choice":"Elegance","damage_taken":0,"max_hp_gain":0,"max_hp_loss":0,"event_name":"Back to Basics","floor":21,"gold_loss":0},{"damage_healed":0,"gold_gain":0,"player_choice":"Ignored","damage_taken":0,"max_hp_gain":0,"max_hp_loss":0,"event_name":"Ghosts","floor":29,"gold_loss":0}],"is_beta":false,"boss_relics":[{"not_picked":["Cursed Key","Tiny House"],"picked":"Runic Pyramid"},{"not_picked":["Velvet Choker","Mark of Pain"],"picked":"Black Star"}],"items_purged_floors":[12,22,31],"is_endless":false,"potions_floor_spawned":[3,5,11,14,16,18,24,25,27,35],"killed_by":"Sphere and 2 Shapes","ascension_level":4}}