{"host":"khm4we1ijduz33xh","time":1609501688,"event":{"mods":["AchievementEnabler","BaseMod","Colored Map","Minty Spire (QoL Compilation)","Rare Cards Sparkle","StSLib","SuperFastMode"],"gold_per_floor":[118,41,41,59,79,79,91,91,137,149,161,187,214,236,248,363,375,401,424,436,436],"floor_reached":20,"playtime":712,"items_purged":[],"score":210,"play_id":"2992a976-bf5a-427f-b4c7-817391eb305d","local_time":"20210101204808","is_ascension_mode":true,"campfire_choices":[{"data":"True Grit","floor":6.0,"key":"SMITH"},{"data":"Spot Weakness","floor":8.0,"key":"SMITH"},{"data":"Heavy Blade","floor":15,"key":"SMITH"}],"circlet_count":0,"master_deck":["Strike_R","Strike_R","Strike_R","Strike_R","Defend_R","Defend_R","Defend_R","Defend_R","Bash","True Grit+1","Spot Weakness+1","Heavy Blade+1","Uppercut","Shrug It Off","Regret","Headbutt","Demon Form","Feed","Warcry"],"relics":["Black Blood","MawBank","Strawberry"],"acts_visited":["Exordium","TheCity"],"potions_floor_usage":[16,18,19],"damage_taken":[{"damage":16.0,"enemies":"Jaw Worm","floor":1.0,"turns":4.0},{"damage":9.0,"enemies":"Cultist","floor":4.0,"turns":3.0},{"damage":7.0,"enemies":"2 Louse","floor":5.0,"turns":2.0},{"damage":19.0,"enemies":"2 Fungi Beasts","floor":7.0,"turns":4.0},{"damage":13,"enemies":"Blue Slaver","floor":12,"turns":3},{"damage":7,"enemies":"Exordium Thugs","floor":13,"turns":4},{"damage":6,"enemies":"Red Slaver","floor":14,"turns":3},{"damage":33,"enemies":"The Guardian","floor":16,"turns":8},{"damage":24,"enemies":"Shell Parasite","floor":18,"turns":4},{"damage":59,"enemies":"3 Byrds","floor":19,"turns":6},{"damage":72,"enemies":"3 Cultists","floor":20,"turns":4}],"seed_played":"5033318964165118257","potions_obtained":[{"floor":12,"key":"BloodPotion"},{"floor":13,"key":"HeartOfIron"},{"floor":14,"key":"SpeedPotion"},{"floor":16,"key":"FearPotion"},{"floor":18,"key":"PowerPotion"}],"is_trial":false,"path_per_floor":["M","$","?","M","M","R","M","R","T","?","?","M","M","M","R","B",null,"M","M","M"],"character_chosen":"IRONCLAD","items_purchased":["Spot Weakness"],"campfire_rested":0,"item_purchase_floors":[2],"current_hp_per_floor":[86,86,86,83,82,82,69,69,69,76,76,69,68,68,68,41,103,103,59,0,0],"gold":436,"neow_bonus":"TWENTY_PERCENT_HP_BONUS","is_daily":false,"chose_seed":false,"campfire_upgraded":3,"win_rate":0.0,"timestamp":1609501688,"path_taken":["M","$","?","?","M","R","M","R","T","?","?","M","M","M","R","BOSS","M","M","M"],"items_purchased_type":["Card"],"build_version":"2020-12-22","purchased_purges":0,"victory":false,"max_hp_per_floor":[96,96,96,96,96,96,96,96,96,103,103,103,103,103,103,103,103,103,106,109,109],"card_choices":[{"not_picked":["Havoc","Anger"],"picked":"True Grit","floor":1.0},{"not_picked":["Infernal Blade","Wild Strike"],"picked":"Uppercut","floor":4.0},{"not_picked":["Wild Strike","Power Through","Anger"],"picked":"SKIP","floor":5.0},{"not_picked":["Intimidate","Uppercut"],"picked":"Shrug It Off","floor":7.0},{"not_picked":["True Grit","Flame Barrier","Clothesline"],"picked":"SKIP","floor":12},{"not_picked":["Cleave","Body Slam"],"picked":"Headbutt","floor":13},{"not_picked":["Sword Boomerang","Feel No Pain"],"picked":"Demon Form","floor":14},{"not_picked":["Exhume","Barricade"],"picked":"Feed","floor":16},{"not_picked":["Uppercut","Entrench","Heavy Blade"],"picked":"SKIP","floor":18},{"not_picked":["Second Wind+1","True Grit"],"picked":"Warcry","floor":19}],"player_experience":175800,"relics_obtained":[{"floor":9.0,"key":"MawBank"}],"event_choices":[{"damage_healed":0.0,"max_hp_gain":0.0,"max_hp_loss":0.0,"gold_gain":0.0,"cards_transformed":["Strike_R"],"event_name":"Transmorgrifier","player_choice":"Transformed","floor":3.0,"gold_loss":0.0,"damage_taken":0.0,"cards_obtained":["Heavy Blade"]},{"damage_healed":0.0,"max_hp_gain":0.0,"max_hp_loss":0.0,"gold_gain":0.0,"event_name":"Big Fish","player_choice":"Box","floor":10.0,"gold_loss":0.0,"damage_taken":0.0,"relics_obtained":["Strawberry"],"cards_obtained":["Regret"]},{"cards_removed":["Regret"],"damage_healed":0,"gold_gain":0,"player_choice":"Forget","damage_taken":0,"max_hp_gain":0,"max_hp_loss":0,"event_name":"Living Wall","floor":11,"gold_loss":0}],"is_beta":false,"boss_relics":[{"not_picked":["Runic Pyramid","Runic Cube"],"picked":"Black Blood"}],"items_purged_floors":[],"is_endless":false,"potions_floor_spawned":[12,13,14,16,18],"killed_by":"3 Cultists","ascension_level":2}}