{"host":"2461dio7vetlq1z3","time":1609536545,"event":{"mods":["2.2 Compatiblity","AchievementEnabler","BaseMod","Better Third Choice","Friendly Minions","Infinite Spire","Minty Spire (QoL Compilation)","Relic Stats","Spicy Shops","StSLib","Waifu the Spire"],"gold_per_floor":[115,132,132,144,157,187,202,202,202,202,230,240,253,278,278,356,356,374,374,374,393,406,441,441,472,472,485,520,520,550,561,561,633,633,653,665,665,665,665,665,696,696,696,710,37,62,62,87,87,161,237,237,240,240,233,278,276,284,284,293,293,69,62,54,54,49,49,94,94,94],"floor_reached":69,"playtime":3761,"items_purged":["Strike_G","Strike_G","Dagger Spray"],"score":3004,"play_id":"d25273c1-23b6-4642-a608-db6c278af52f","local_time":"20210101222905","is_ascension_mode":true,"campfire_choices":[{"floor":8,"key":"REST"},{"floor":10,"key":"REST"},{"floor":15,"key":"RECALL"},{"floor":24,"key":"REST"},{"floor":29,"key":"REST"},{"floor":32,"key":"REST"},{"floor":40,"key":"REST"},{"floor":42,"key":"REST"},{"floor":49,"key":"REST"},{"data":"1","floor":59,"key":"LIFT"},{"data":"2","floor":65,"key":"LIFT"},{"data":"3","floor":67,"key":"LIFT"}],"circlet_count":0,"master_deck":["AscendersBane","Defend_G","Defend_G","Defend_G+1","Defend_G+1","Defend_G","Survivor","Neutralize","Quick Slash","Quick Slash","Footwork","Crippling Poison","Finisher","Unload","Dagger Throw","Crippling Poison","infinitespire:Neurotoxin","Venomology+1","Tools of the Trade+1","Backflip+1","Calculated Gamble","Cloak And Dagger","Crippling Poison","Escape Plan+1","Escape Plan","Backflip","Venomology","Outmaneuver+1","infinitespire:UltimateForm","Terror","Deflect+1","Footwork","Apotheosis","Blur","Burst","Bullet Time","infinitespire:Punishment","Limit Break","Deadly Poison","infinitespire:Starlight","Night Terror"],"relics":["Fusion Hammer","FaceOfCleric","infinitespire:Beetle Shell","Bronze Scales","PreservedInsect","Ornamental Fan","Astrolabe","Enchiridion","Pocketwatch","War Paint","infinitespire:Eraser","infinitespire:Bottled Soul","Ice Cream","Philosopher\u0027s Stone","Toy Ornithopter","Runic Pyramid","TheAbacus","Incense Burner","Blood Vial","TungstenRod","Bag of Marbles","Strawberry","infinitespire:Lychee Nut","HoveringKite","Smiling Mask","Boot","Juzu Bracelet","Girya","Pen Nib","Gremlin Horn","Busted Crown"],"acts_visited":["Exordium","TheCity","TheBeyond","Exordium","TheCity"],"potions_floor_usage":[7,16,16,21,22,23,23,25,25,28,30,33,35,35,36,36,44,44,46,46,48,48,50,50,51,51,53,53,55,57,60,60,63,64,64,68,68,68],"damage_taken":[{"damage":4,"enemies":"Small Slimes","floor":1,"turns":4},{"damage":1,"enemies":"Cultist","floor":2,"turns":4},{"damage":0,"enemies":"Jaw Worm","floor":4,"turns":4},{"damage":0,"enemies":"Looter","floor":5,"turns":4},{"damage":38,"enemies":"Gremlin Nob","floor":6,"turns":5},{"damage":17,"enemies":"Gremlin Gang","floor":7,"turns":7},{"damage":13,"enemies":"3 Sentries","floor":11,"turns":7},{"damage":0,"enemies":"Red Slaver","floor":12,"turns":2},{"damage":6,"enemies":"Blue Slaver","floor":13,"turns":4},{"damage":0,"enemies":"Gremlin Nob","floor":14,"turns":2},{"damage":11,"enemies":"Hexaghost","floor":16,"turns":8},{"damage":13,"enemies":"Shell Parasite","floor":18,"turns":5},{"damage":11,"enemies":"Spheric Guardian","floor":21,"turns":5},{"damage":10,"enemies":"3 Cultists","floor":22,"turns":5},{"damage":7,"enemies":"Gremlin Leader","floor":23,"turns":5},{"damage":0,"enemies":"Nightmare","floor":25,"turns":5},{"damage":16,"enemies":"Snake Plant","floor":27,"turns":4},{"damage":15,"enemies":"Gremlin Leader","floor":28,"turns":6},{"damage":13,"enemies":"Slavers","floor":30,"turns":4},{"damage":5,"enemies":"Centurion and Healer","floor":31,"turns":8},{"damage":0,"enemies":"Champ","floor":33,"turns":7},{"damage":13,"enemies":"3 Darklings","floor":35,"turns":5},{"damage":17,"enemies":"Orb Walker","floor":36,"turns":4},{"damage":7,"enemies":"Reptomancer","floor":41,"turns":2},{"damage":11,"enemies":"Transient","floor":44,"turns":6},{"damage":13,"enemies":"Nemesis","floor":46,"turns":5},{"damage":0,"enemies":"Mind Bloom Boss Battle","floor":48,"turns":3},{"damage":35,"enemies":"Donu and Deca","floor":50,"turns":7},{"damage":11,"enemies":"Awakened One","floor":51,"turns":12},{"damage":0,"enemies":"Jaw Worm","floor":53,"turns":3},{"damage":0,"enemies":"Cultist","floor":55,"turns":5},{"damage":0,"enemies":"Gremlin Nob","floor":56,"turns":3},{"damage":0,"enemies":"Small Slimes","floor":57,"turns":4},{"damage":2,"enemies":"Gremlin Nob","floor":58,"turns":3},{"damage":7,"enemies":"Nightmare","floor":60,"turns":4},{"damage":13,"enemies":"Red Slaver","floor":63,"turns":6},{"damage":0,"enemies":"Blue Slaver","floor":64,"turns":3},{"damage":0,"enemies":"3 Louse","floor":66,"turns":3},{"damage":34,"enemies":"The Guardian","floor":68,"turns":7}],"seed_played":"963823729662146203","potions_obtained":[{"floor":5,"key":"Regen Potion"},{"floor":7,"key":"LiquidBronze"},{"floor":11,"key":"Poison Potion"},{"floor":16,"key":"DuplicationPotion"},{"floor":23,"key":"Poison Potion"},{"floor":31,"key":"Dexterity Potion"},{"floor":44,"key":"Swift Potion"},{"floor":50,"key":"FearPotion"}],"is_trial":false,"path_per_floor":["M","M","?","M","M","E","M","R","T","R","E","M","M","E","R","B",null,"M","?","?","M","M","E","R","NM","T","M","E","R","E","M","R","B",null,"M","M","T","AVR","?","R","E","R","T","M","$","E","$","?","R","B","B",null,"M","?","M","?","M","E","R","NM","T","$","M","M","R","M","R","B",null],"character_chosen":"THE_SILENT","items_purchased":["Footwork","TungstenRod","Bag of Marbles","Apotheosis","Night Terror"],"campfire_rested":8,"item_purchase_floors":[45,45,45,45,62],"current_hp_per_floor":[55,54,54,55,56,19,18,39,39,60,48,49,44,45,45,35,65,53,32,32,22,13,7,30,31,31,16,12,36,24,20,45,46,75,63,47,47,47,47,71,65,84,84,74,74,81,81,70,70,49,57,68,73,50,64,73,76,75,75,78,78,78,74,80,80,81,81,64,78,78],"gold":94,"neow_bonus":"BOSS_RELIC","is_daily":false,"chose_seed":false,"campfire_upgraded":0,"win_rate":0.0,"timestamp":1609536545,"path_taken":["M","M","?","M","M","E","M","R","T","R","E","?","M","E","R","BOSS","M","?","?","M","?","E","R","NM","T","M","E","R","E","M","R","BOSS","M","M","?","AVR","?","R","E","R","T","M","$","E","?","?","R","BOSS","BOSS","M","?","M","?","M","E","R","NM","T","$","M","M","R","M","R","BOSS"],"items_purchased_type":["Card","Relic","Relic","Card","Card"],"build_version":"2020-12-22","purchased_purges":3,"victory":false,"max_hp_per_floor":[66,66,66,67,68,69,70,70,70,70,71,72,73,74,74,75,75,76,76,76,77,78,79,79,80,80,81,82,82,83,84,84,85,85,86,87,87,87,83,83,84,84,84,85,85,93,93,70,70,71,72,72,73,73,74,75,76,77,77,78,78,78,79,80,80,81,81,82,82,82],"relic_stats":{"Gremlin Horn":[2,2],"counters":[39,190],"Astrolabe":["Venomology","Tools of the Trade","Backflip"],"HoveringKite":[24],"PreservedInsect":509,"Pen Nib":[1],"Juzu Bracelet":0,"War Paint":["Defend_G","Defend_G"],"Smiling Mask":50,"Boot":[5],"Blood Vial":18,"TheAbacus":[66],"Busted Crown":0,"FaceOfCleric":37,"Ornamental Fan":[104],"Bronze Scales":[453],"obtain_stats":[{"Ice Cream":30,"Gremlin Horn":61,"Enchiridion":19,"HoveringKite":52,"Incense Burner":41,"Juzu Bracelet":56,"Smiling Mask":54,"Boot":54,"Blood Vial":43,"TheAbacus":38,"FaceOfCleric":3,"infinitespire:Bottled Soul":28,"Strawberry":46,"Philosopher\u0027s Stone":34,"Fusion Hammer":0,"infinitespire:Eraser":26,"Ring of the Snake":0,"Runic Pyramid":38,"Girya":58,"Astrolabe":17,"infinitespire:Beetle Shell":6,"PreservedInsect":11,"Pen Nib":60,"War Paint":25,"Busted Crown":69,"Ornamental Fan":14,"infinitespire:Lychee Nut":48,"Bronze Scales":9,"Bag of Marbles":45,"Toy Ornithopter":37,"TungstenRod":45,"Pocketwatch":23},{"Ice Cream":19,"Gremlin Horn":35,"Enchiridion":12,"HoveringKite":29,"Incense Burner":24,"Juzu Bracelet":32,"Smiling Mask":30,"Boot":30,"Blood Vial":24,"TheAbacus":23,"FaceOfCleric":2,"infinitespire:Bottled Soul":18,"Strawberry":26,"Philosopher\u0027s Stone":21,"Fusion Hammer":0,"infinitespire:Eraser":16,"Ring of the Snake":0,"Runic Pyramid":23,"Girya":34,"Astrolabe":11,"infinitespire:Beetle Shell":5,"PreservedInsect":7,"Pen Nib":35,"War Paint":16,"Busted Crown":39,"Ornamental Fan":10,"infinitespire:Lychee Nut":27,"Bronze Scales":6,"Bag of Marbles":25,"Toy Ornithopter":23,"TungstenRod":25,"Pocketwatch":15},{"Ice Cream":90,"Gremlin Horn":171,"Enchiridion":56,"HoveringKite":149,"Incense Burner":116,"Juzu Bracelet":160,"Smiling Mask":152,"Boot":152,"Blood Vial":116,"TheAbacus":114,"FaceOfCleric":8,"infinitespire:Bottled Soul":86,"Strawberry":127,"Philosopher\u0027s Stone":105,"Fusion Hammer":0,"infinitespire:Eraser":76,"Ring of the Snake":0,"Runic Pyramid":114,"Girya":167,"Astrolabe":51,"infinitespire:Beetle Shell":21,"PreservedInsect":35,"Pen Nib":171,"War Paint":76,"Busted Crown":190,"Ornamental Fan":43,"infinitespire:Lychee Nut":130,"Bronze Scales":28,"Bag of Marbles":122,"Toy Ornithopter":114,"TungstenRod":122,"Pocketwatch":71}],"Toy Ornithopter":74,"TungstenRod":21,"Pocketwatch":[69]},"card_choices":[{"not_picked":["Flying Knee","Bane"],"picked":"Quick Slash","floor":1},{"not_picked":["Terror","Underhanded Strike"],"picked":"Quick Slash","floor":2},{"not_picked":["Calculated Gamble","Bouncing Flask"],"picked":"Footwork","floor":4},{"not_picked":["Accuracy","Dodge and Roll"],"picked":"Crippling Poison","floor":5},{"not_picked":["Choke","Catalyst"],"picked":"Finisher","floor":6},{"not_picked":["Sucker Punch","Deadly Poison"],"picked":"Unload","floor":7},{"not_picked":["Prepared","Choke"],"picked":"Dagger Throw","floor":11},{"not_picked":["Endless Agony","Prepared","Flying Knee"],"picked":"SKIP","floor":12},{"not_picked":["All Out Attack","Distraction","Prepared"],"picked":"SKIP","floor":13},{"not_picked":["Storm of Steel","Quick Slash"],"picked":"Crippling Poison","floor":14},{"not_picked":["Adrenaline","After Image"],"picked":"infinitespire:Neurotoxin","floor":16},{"not_picked":["Dagger Throw","Backflip","Backstab"],"picked":"SKIP","floor":18},{"not_picked":["Finisher","Acrobatics"],"picked":"Calculated Gamble","floor":21},{"not_picked":["Acrobatics","Poisoned Stab"],"picked":"Cloak And Dagger","floor":22},{"not_picked":["Calculated Gamble","Flying Knee"],"picked":"Crippling Poison","floor":23},{"not_picked":["All Out Attack","Masterful Stab+1","Flechettes+1"],"picked":"SKIP","floor":25},{"not_picked":["All Out Attack","Masterful Stab+1","Flechettes+1"],"picked":"SKIP","floor":25},{"not_picked":["Backflip","Flying Knee"],"picked":"Escape Plan+1","floor":27},{"not_picked":["Prepared","Choke"],"picked":"Escape Plan","floor":28},{"not_picked":["Blade Dance","Escape Plan"],"picked":"Backflip","floor":30},{"not_picked":["Flying Knee","Quick Slash","Blade Dance"],"picked":"SKIP","floor":31},{"not_picked":["Grand Finale","infinitespire:Neurotoxin"],"picked":"Venomology","floor":33},{"not_picked":["Bane","Dagger Throw"],"picked":"Outmaneuver+1","floor":35},{"not_picked":["Sucker Punch","Cloak And Dagger","All Out Attack"],"picked":"SKIP","floor":36},{"not_picked":["Dagger Spray","Prepared"],"picked":"Terror","floor":41},{"not_picked":["Endless Agony","Quick Slash"],"picked":"Deflect+1","floor":44},{"not_picked":["Distraction","Riddle With Holes","Expertise"],"picked":"SKIP","floor":46},{"not_picked":["Bane+1","Bouncing Flask"],"picked":"Blur","floor":48},{"not_picked":["Bullet Time","Glass Knife"],"picked":"Burst","floor":50},{"not_picked":["Venomology","After Image"],"picked":"Bullet Time","floor":51},{"not_picked":["infinitespire:Gouge","infinitespire:Execution"],"picked":"infinitespire:Punishment","floor":52},{"not_picked":["Blade Dance","Bane","Quick Slash"],"picked":"SKIP","floor":53},{"not_picked":["PiercingWail","Underhanded Strike"],"picked":"Deadly Poison","floor":55},{"not_picked":["Choke","Prepared"],"picked":"Dagger Spray","floor":56},{"not_picked":["Sucker Punch","Flechettes","Predator"],"picked":"SKIP","floor":57},{"not_picked":["Flying Knee","Concentrate","Prepared"],"picked":"SKIP","floor":58},{"not_picked":["infinitespire:SevenWalls","infinitespire:Execution"],"picked":"infinitespire:Starlight","floor":60},{"not_picked":["Die Die Die","Backflip","Prepared"],"picked":"SKIP","floor":60},{"not_picked":["Dash","Sucker Punch","Poisoned Stab"],"picked":"SKIP","floor":63},{"not_picked":["Choke","Predator","PiercingWail"],"picked":"SKIP","floor":64},{"not_picked":["Tactician","Quick Slash","Poisoned Stab"],"picked":"SKIP","floor":66}],"player_experience":993215,"relics_obtained":[{"floor":6,"key":"infinitespire:Beetle Shell"},{"floor":9,"key":"Bronze Scales"},{"floor":11,"key":"PreservedInsect"},{"floor":14,"key":"Ornamental Fan"},{"floor":19,"key":"Enchiridion"},{"floor":23,"key":"Pocketwatch"},{"floor":25,"key":"War Paint"},{"floor":26,"key":"infinitespire:Eraser"},{"floor":28,"key":"infinitespire:Bottled Soul"},{"floor":30,"key":"Ice Cream"},{"floor":37,"key":"Toy Ornithopter"},{"floor":41,"key":"Incense Burner"},{"floor":43,"key":"Blood Vial"},{"floor":46,"key":"Strawberry"},{"floor":48,"key":"infinitespire:Lychee Nut"},{"floor":56,"key":"Juzu Bracelet"},{"floor":58,"key":"Girya"},{"floor":60,"key":"Pen Nib"},{"floor":61,"key":"Gremlin Horn"}],"event_choices":[{"damage_healed":0,"gold_gain":0,"player_choice":"Trade","damage_taken":0,"relics_obtained":["FaceOfCleric"],"max_hp_gain":0,"max_hp_loss":0,"event_name":"FaceTrader","floor":3,"gold_loss":0},{"damage_healed":0,"gold_gain":0,"player_choice":"Obtained Book","damage_taken":21,"max_hp_gain":0,"max_hp_loss":0,"event_name":"Cursed Tome","floor":19,"gold_loss":0},{"damage_healed":0,"gold_gain":0,"player_choice":"0 cards matched","damage_taken":0,"max_hp_gain":0,"max_hp_loss":0,"event_name":"Match and Keep!","floor":20,"gold_loss":0,"cards_obtained":[]},{"damage_healed":0,"gold_gain":0,"player_choice":"Max HP","damage_taken":0,"max_hp_gain":0,"max_hp_loss":4,"event_name":"Winding Halls","floor":39,"gold_loss":0},{"damage_healed":0,"gold_gain":0,"player_choice":"Fight","damage_taken":0,"max_hp_gain":0,"max_hp_loss":0,"event_name":"MindBloom","floor":48,"gold_loss":0},{"damage_healed":0,"gold_gain":1,"player_choice":"Relic Relic Card ","damage_taken":29,"max_hp_gain":0,"max_hp_loss":0,"event_name":"betterThird:BetterScrap","floor":54,"gold_loss":0,"cards_obtained":["Limit Break","DeusExMachina"]},{"damage_healed":0,"gold_gain":0,"player_choice":"Searched \u00271\u0027 times","damage_taken":0,"max_hp_gain":0,"max_hp_loss":0,"event_name":"Dead Adventurer","floor":56,"gold_loss":0}],"is_beta":false,"boss_relics":[{"not_picked":["Tiny House","SlaversCollar"],"picked":"Astrolabe"},{"not_picked":["Calling Bell","Cursed Key"],"picked":"Philosopher\u0027s Stone"},{"not_picked":["Sozu","Runic Dome"],"picked":"HoveringKite"},{"not_picked":["Pandora\u0027s Box","Runic Dome"],"picked":"Busted Crown"}],"items_purged_floors":[38,45,62],"is_endless":true,"potions_floor_spawned":[5,7,11,12,14,16,23,28,31,33,44,50,51,55,56,64,66,68],"ascension_level":20}}