{"host":"dw2ay8i719i7xlef","time":1609461323,"event":{"mods":["BaseMod","Minty Spire (QoL Compilation)"],"gold_per_floor":[116,135,150,160,178,208,283,283,283],"floor_reached":8,"playtime":885,"items_purged":[],"score":84,"play_id":"980f763d-f58f-46a0-aca1-d75ff5d5f6d6","local_time":"20201231183523","is_ascension_mode":true,"campfire_choices":[],"circlet_count":0,"master_deck":["Strike_B","Strike_B","Strike_B","Strike_B","Defend_B","Defend_B","Defend_B","Defend_B","Zap","Dualcast","Ball Lightning","Tempest","Barrage","Cold Snap","Leap","Coolheaded"],"relics":["Cracked Core","NeowsBlessing","MealTicket"],"acts_visited":["Exordium"],"potions_floor_usage":[5,6,6],"damage_taken":[{"damage":0,"enemies":"Small Slimes","floor":1,"turns":1},{"damage":0,"enemies":"2 Louse","floor":2,"turns":1},{"damage":0,"enemies":"Jaw Worm","floor":3,"turns":1},{"damage":7,"enemies":"Looter","floor":4,"turns":3},{"damage":14,"enemies":"Exordium Thugs","floor":5,"turns":3},{"damage":21,"enemies":"Lagavulin","floor":6,"turns":4},{"damage":17,"enemies":"3 Sentries","floor":8,"turns":4}],"seed_played":"-4690636057201415110","potions_obtained":[{"floor":1,"key":"SteroidPotion"},{"floor":3,"key":"EssenceOfDarkness"},{"floor":4,"key":"PowerPotion"},{"floor":6,"key":"Ancient Potion"}],"is_trial":false,"path_per_floor":["M","M","M","M","M","E","?","E"],"character_chosen":"DEFECT","items_purchased":[],"campfire_rested":0,"item_purchase_floors":[],"current_hp_per_floor":[68,68,68,61,47,26,15,0,0],"gold":283,"neow_bonus":"THREE_ENEMY_KILL","is_daily":false,"chose_seed":false,"campfire_upgraded":0,"win_rate":0.0,"timestamp":1609461323,"path_taken":["M","M","M","M","M","E","?","E"],"items_purchased_type":[],"build_version":"2020-12-22","purchased_purges":0,"victory":false,"max_hp_per_floor":[75,75,75,75,75,75,75,75,75],"card_choices":[{"not_picked":["Darkness","Loop"],"picked":"Ball Lightning","floor":1},{"not_picked":["Conserve Battery","Darkness"],"picked":"Tempest","floor":2},{"not_picked":["Storm","Steam"],"picked":"Barrage","floor":3},{"not_picked":["Redo","Rip and Tear"],"picked":"Cold Snap","floor":4},{"not_picked":["Scrape","Reinforced Body"],"picked":"Leap","floor":5},{"not_picked":["Turbo","Rip and Tear"],"picked":"Coolheaded","floor":6}],"player_experience":1184723,"relics_obtained":[{"floor":6,"key":"MealTicket"}],"event_choices":[{"damage_healed":0,"gold_gain":75,"player_choice":"Gather Gold","damage_taken":11,"max_hp_gain":0,"max_hp_loss":0,"event_name":"World of Goop","floor":7,"gold_loss":0}],"is_beta":false,"boss_relics":[],"items_purged_floors":[],"is_endless":false,"potions_floor_spawned":[1,3,4,6],"killed_by":"3 Sentries","ascension_level":8}}