{"host":"337p6miwxbqfki03","time":1609472163,"event":{"mods":["BaseMod","Better Third Choice","Colored Map","Conspire","Downfall","Hubris","Minty Spire (QoL Compilation)","Replay The Spire","Somnambulant","StSLib","The Cursed","The Hierophant","Unceasing Turn Reminder"],"gold_per_floor":[119,119,133,133,133,133,159,159,186,196,219,239,268,268,268,366,366,377,140,140,140,126,126,126],"floor_reached":23,"playtime":715,"items_purged":[],"score":322,"play_id":"d31478f5-2a6b-4106-a3c2-d4a7f56a4de4","local_time":"20201231213603","is_ascension_mode":false,"campfire_choices":[{"data":"Bash","floor":6,"key":"SMITH"},{"floor":8,"key":"RECALL"},{"floor":15,"key":"REST"}],"circlet_count":0,"master_deck":["conspire:GhostlyStrike","conspire:GhostlyStrike","conspire:GhostlyStrike","conspire:GhostlyStrike","conspire:GhostlyDefend","conspire:GhostlyDefend","conspire:GhostlyDefend","conspire:GhostlyDefend","Bash+1","Heavy Blade+1","Clash","hubris:CleavingFinish+1","ReplayReversal","Fiend Fire","ReplayTheSpireMod:Strike From Hell","Sword Boomerang","Pot Of Greed","Pot Of Greed","Headbutt","Corruption","Anger+1","Life Link","conspire:GhostlyStrike","conspire:GhostlyStrike","conspire:GhostlyStrike","conspire:GhostlyStrike","conspire:GhostlyDefend","conspire:GhostlyDefend","conspire:GhostlyDefend","conspire:GhostlyDefend","Bash+1","Heavy Blade+1","Clash","hubris:CleavingFinish+1","ReplayReversal","Fiend Fire","ReplayTheSpireMod:Strike From Hell","Sword Boomerang","Pot Of Greed","Pot Of Greed","Headbutt","Corruption","Anger+1","Life Link","Pot Of Greed","Pot Of Greed","conspire:Charge+1"],"relics":["Burning Blood","NeowsBlessing","Snack Pack","Omamori","Odd Mushroom","Grinning Jar","Philosopher\u0027s Stone","Lee\u0027s Waffle"],"acts_visited":["Exordium","TheCity"],"potions_floor_usage":[],"damage_taken":[{"damage":0,"enemies":"Jaw Worm","floor":1,"turns":1},{"damage":0,"enemies":"2 Louse","floor":3,"turns":1},{"damage":0,"enemies":"3 Sentries","floor":7,"turns":1},{"damage":0,"enemies":"conspire:RoseBush","floor":10,"turns":3},{"damage":17,"enemies":"The Mushroom Lair","floor":11,"turns":4},{"damage":10,"enemies":"Looter","floor":12,"turns":3},{"damage":28,"enemies":"Gremlin Nob","floor":13,"turns":4},{"damage":35,"enemies":"Slime Boss","floor":16,"turns":6},{"damage":9,"enemies":"Chosen","floor":18,"turns":5},{"damage":33,"enemies":"2 Thieves","floor":22,"turns":4},{"damage":69,"enemies":"Replay:Snechameleon","floor":23,"turns":5}],"seed_played":"-6804115833035600931","potions_obtained":[{"floor":3,"key":"GamblersBrew"},{"floor":11,"key":"BloodPotion"},{"floor":12,"key":"champ:CounterPotion"}],"is_trial":false,"path_per_floor":["M","?","M","?","?","R","E","R","T","M","?","M","E","?","R","B",null,"M","$","?","?","M","E"],"character_chosen":"IRONCLAD","items_purchased":["Life Link","Lee\u0027s Waffle"],"campfire_rested":1,"item_purchase_floors":[19,19],"current_hp_per_floor":[80,80,80,80,80,80,80,80,80,80,71,69,49,49,73,46,80,77,87,87,87,64,0,0],"gold":126,"neow_bonus":"THREE_ENEMY_KILL","is_daily":false,"chose_seed":false,"campfire_upgraded":1,"win_rate":0.0,"timestamp":1609472163,"path_taken":["M","?","M","?","?","R","E","R","T","M","?","M","E","?","R","BOSS","M","$","?","?","?","E"],"items_purchased_type":["Card","Relic"],"build_version":"2020-12-22","purchased_purges":0,"victory":false,"max_hp_per_floor":[80,80,80,80,80,80,80,80,80,80,80,80,80,80,80,80,80,80,87,87,87,87,87,87],"card_choices":[{"not_picked":["Replay:Undeath\u0027s Touch","Spot Weakness"],"picked":"Heavy Blade","floor":1},{"not_picked":["Clothesline","Sever Soul"],"picked":"Clash","floor":3},{"not_picked":["Iron Wave","Clothesline"],"picked":"ReplayReversal","floor":7},{"not_picked":["Massacre","Anger"],"picked":"Fiend Fire","floor":10},{"not_picked":["Twin Strike","Disarm"],"picked":"ReplayTheSpireMod:Strike From Hell","floor":11},{"not_picked":["hubris:ReadiedAction","Twin Strike"],"picked":"Sword Boomerang","floor":12},{"not_picked":["Uppercut","Body Slam"],"picked":"Headbutt","floor":13},{"not_picked":["hubris:StunningStrike","Impervious"],"picked":"Corruption","floor":16},{"not_picked":["Body Slam+1","Pommel Strike"],"picked":"Anger+1","floor":18},{"not_picked":["Anger","Dropkick"],"picked":"conspire:Charge+1","floor":22}],"player_experience":226961,"relics_obtained":[{"floor":7,"key":"Snack Pack"},{"floor":9,"key":"Omamori"},{"floor":11,"key":"Odd Mushroom"},{"floor":13,"key":"Grinning Jar"}],"event_choices":[{"damage_healed":0,"gold_gain":0,"player_choice":"Leave","damage_taken":0,"max_hp_gain":0,"max_hp_loss":0,"event_name":"The Cleric","floor":2,"gold_loss":0},{"damage_healed":0,"gold_gain":0,"player_choice":"Grow","damage_taken":0,"max_hp_gain":0,"max_hp_loss":0,"event_name":"Living Wall","floor":5,"gold_loss":0,"cards_upgraded":["Heavy Blade"]},{"damage_healed":0,"gold_gain":0,"player_choice":"Fought Mushrooms","damage_taken":0,"max_hp_gain":0,"max_hp_loss":0,"event_name":"Mushrooms","floor":11,"gold_loss":0},{"damage_healed":0,"gold_gain":0,"player_choice":"Agree","damage_taken":0,"max_hp_gain":0,"max_hp_loss":0,"event_name":"conspire:LoneGhost","floor":14,"gold_loss":0}],"is_beta":false,"boss_relics":[{"not_picked":["Velvet Choker","SlaversCollar"],"picked":"Philosopher\u0027s Stone"}],"items_purged_floors":[],"is_endless":false,"potions_floor_spawned":[3,11,12],"killed_by":"Replay:Snechameleon","ascension_level":0}}