{"host":"sc0o2qwpf9j16a4i","time":1609522506,"event":{"mods":["AchievementEnabler","BaseMod","BetterRewards","Block Reminder","Colored Map","Colored Powertips","Custom Start","Highlight Path","Minty Spire (QoL Compilation)","Relic Stats"],"gold_per_floor":[119,135,147,215,215,215,250,22,46,62,62,62],"floor_reached":11,"playtime":348,"items_purged":["Strike_R"],"score":146,"play_id":"d91cb7c3-e742-4bd4-85f4-f95fa8a6d957","local_time":"20210101193506","is_ascension_mode":true,"campfire_choices":[{"floor":6,"key":"REST"}],"circlet_count":0,"master_deck":["AscendersBane","Strike_R","Strike_R","Strike_R","Strike_R","Defend_R","Defend_R","Defend_R","Defend_R","Bash","Disarm","Dark Embrace","Feel No Pain","Carnage","Whirlwind","Blood for Blood","Evolve","Shrug It Off"],"relics":["Burning Blood","Paper Frog","Medical Kit","Membership Card","Lantern","Anchor","Juzu Bracelet"],"acts_visited":["Exordium"],"potions_floor_usage":[3,7,10,11],"damage_taken":[{"damage":6,"enemies":"Jaw Worm","floor":1,"turns":5},{"damage":17,"enemies":"Small Slimes","floor":2,"turns":7},{"damage":0,"enemies":"2 Louse","floor":3,"turns":1},{"damage":56,"enemies":"Gremlin Nob","floor":7,"turns":5},{"damage":20,"enemies":"Large Slime","floor":10,"turns":10},{"damage":33,"enemies":"Lagavulin","floor":11,"turns":7}],"seed_played":"-6315746864219069876","potions_obtained":[{"floor":1,"key":"FearPotion"},{"floor":3,"key":"BloodPotion"},{"floor":10,"key":"Regen Potion"}],"is_trial":false,"path_per_floor":["M","M","M","?","?","R","E","$","T","M","E"],"character_chosen":"IRONCLAD","items_purchased":["Paper Frog","Disarm","Medical Kit","Dark Embrace","Membership Card","Feel No Pain","Anchor","Evolve","Regen Potion","Shrug It Off"],"campfire_rested":1,"item_purchase_floors":[0,0,0,0,0,0,8,8,8,8],"current_hp_per_floor":[27,16,22,22,22,44,9,9,9,10,0,0],"gold":62,"neow_bonus":"","is_daily":false,"chose_seed":false,"campfire_upgraded":0,"win_rate":0.0,"timestamp":1609522506,"path_taken":["M","M","M","?","?","R","E","$","T","M","E"],"items_purchased_type":["Relic","Card","Relic","Card","Relic","Card","Relic","Card","Potion","Card"],"build_version":"2020-12-22","purchased_purges":1,"victory":false,"max_hp_per_floor":[75,75,75,75,75,75,75,75,75,75,75,75],"relic_stats":{"counters":[27,130],"Juzu Bracelet":0,"Medical Kit":[0],"obtain_stats":[{"Regal Pillow":42,"Lantern":7,"Pen Nib":23,"Bag of Preparation":7,"Juzu Bracelet":9,"Boot":40,"Medical Kit":0,"Burning Blood":0,"Akabeko":29,"Anchor":9,"Dream Catcher":14,"Snecko Eye":17,"Ectoplasm":0,"Red Mask":21,"Membership Card":0,"InkBottle":26,"Runic Cube":34,"Meat on the Bone":43,"Paper Frog":0},{"Regal Pillow":19,"Lantern":25,"Pen Nib":13,"Bag of Preparation":4,"Juzu Bracelet":25,"Boot":18,"Medical Kit":21,"Burning Blood":0,"Akabeko":14,"Anchor":5,"Dream Catcher":7,"Snecko Eye":8,"Ectoplasm":0,"Red Mask":11,"Membership Card":21,"InkBottle":13,"Runic Cube":15,"Meat on the Bone":19,"Paper Frog":21},{"Regal Pillow":88,"Lantern":113,"Pen Nib":50,"Bag of Preparation":19,"Juzu Bracelet":113,"Boot":82,"Medical Kit":95,"Burning Blood":0,"Akabeko":56,"Anchor":22,"Dream Catcher":28,"Snecko Eye":32,"Ectoplasm":0,"Red Mask":43,"Membership Card":95,"InkBottle":50,"Runic Cube":65,"Meat on the Bone":88,"Paper Frog":95}],"Burning Blood":30},"card_choices":[{"not_picked":["Heavy Blade","Headbutt"],"picked":"Carnage","floor":1},{"not_picked":["Cleave","Battle Trance"],"picked":"Whirlwind","floor":2},{"not_picked":["Heavy Blade","Headbutt","Rampage"],"picked":"SKIP","floor":3},{"not_picked":["Uppercut","Sever Soul"],"picked":"Blood for Blood","floor":7},{"not_picked":["Cleave","Whirlwind","Shrug It Off"],"picked":"SKIP","floor":10}],"player_experience":485226,"relics_obtained":[{"floor":7,"key":"Lantern"},{"floor":9,"key":"Juzu Bracelet"}],"event_choices":[{"damage_healed":0,"gold_gain":68,"player_choice":"Gained Gold","damage_taken":0,"max_hp_gain":0,"max_hp_loss":0,"event_name":"Golden Wing","floor":4,"gold_loss":0},{"damage_healed":0,"gold_gain":0,"player_choice":"Ignored","damage_taken":0,"max_hp_gain":0,"max_hp_loss":0,"event_name":"Liars Game","floor":5,"gold_loss":0}],"is_beta":false,"boss_relics":[],"items_purged_floors":[8],"is_endless":false,"potions_floor_spawned":[1,3,10],"killed_by":"Lagavulin","ascension_level":20}}