{"host":"7k2a2omxz3voj5ax","time":1609488983,"event":{"mods":["BaseMod","Lobotomy","Marisa£¨ìFÓê¡¡Ä§ÀíÉ³£©","Minty Spire (QoL Compilation)","Quick Restart","Spicy Shops","StSLib","Starting Relic: Pandora\u0027s Box","óô»ðÖ¸ÄÏ"],"gold_per_floor":[118,118,168,179,193,193,193],"floor_reached":6,"playtime":264,"items_purged":[],"score":72,"play_id":"310bd4ad-d60c-446a-9df0-50c3e9a68714","local_time":"20210101171623","is_ascension_mode":true,"campfire_choices":[],"circlet_count":0,"master_deck":["AscendersBane","MasterSpark","UpSweep","ShootingEcho","UnstableBomb","OneTimeOff","StarBarrage","StarlightTyphoon","OrrerysSun","DC","Acceleration","FairyFestival","MeatLantern","PowerUp","OldLady"],"relics":["MiniHakkero","CogitoBucket"],"acts_visited":["Exordium"],"potions_floor_usage":[],"damage_taken":[{"damage":0.0,"enemies":"Small Slimes","floor":1.0,"turns":3.0},{"damage":7.0,"enemies":"2 Louse","floor":4.0,"turns":2.0},{"damage":0.0,"enemies":"Cultist","floor":5.0,"turns":2.0},{"damage":80,"enemies":"3 Sentries","floor":6,"turns":6}],"seed_played":"1764339367990297746","potions_obtained":[{"floor":4.0,"key":"Fire Potion"},{"floor":5.0,"key":"FearPotion"}],"is_trial":false,"path_per_floor":["M","?","?","M","M","E"],"character_chosen":"MARISA","items_purchased":[],"campfire_rested":0,"item_purchase_floors":[],"current_hp_per_floor":[63,68,68,62,63,0,0],"gold":193,"neow_bonus":"","is_daily":false,"chose_seed":false,"campfire_upgraded":0,"win_rate":0.0,"timestamp":1609488983,"path_taken":["M","?","?","M","?","E"],"items_purchased_type":[],"build_version":"2020-12-22","purchased_purges":0,"victory":false,"max_hp_per_floor":[70,75,75,75,75,75,75],"card_choices":[{"not_picked":["PunishingBird","OSAHOGD"],"picked":"FairyFestival","floor":1.0},{"not_picked":["StarlightTyphoon","DC","ShootTheMoon"],"picked":"SKIP","floor":1.0},{"not_picked":["StarlightTyphoon","DC","ShootTheMoon"],"picked":"SKIP","floor":1.0},{"not_picked":["SpiderBud","CrumblingArmor"],"picked":"MeatLantern","floor":4.0},{"not_picked":["AsteroidBelt","BigCrunch"],"picked":"PowerUp","floor":4.0},{"not_picked":["BigBadWolf","SpiderBud"],"picked":"OldLady","floor":5.0},{"not_picked":["SporeBomb","DC","StarBarrage"],"picked":"SKIP","floor":5.0},{"not_picked":["SporeBomb","DC","StarBarrage"],"picked":"SKIP","floor":5.0}],"player_experience":394238,"relics_obtained":[],"event_choices":[{"damage_healed":0.0,"max_hp_gain":5.0,"max_hp_loss":0.0,"gold_gain":0.0,"event_name":"Big Fish","player_choice":"Donut","floor":2.0,"gold_loss":0.0,"damage_taken":0.0},{"damage_healed":0.0,"max_hp_gain":0.0,"max_hp_loss":0.0,"gold_gain":50.0,"event_name":"Golden Shrine","player_choice":"Pray","floor":3.0,"gold_loss":0.0,"damage_taken":0.0}],"is_beta":false,"boss_relics":[],"items_purged_floors":[],"is_endless":false,"potions_floor_spawned":[4,5],"killed_by":"3 Sentries","ascension_level":20}}