{"host":"coame8l8goqx0svj","time":1609499665,"event":{"mods":["BaseMod","Downfall","Minty Spire (QoL Compilation)","StSLib"],"gold_per_floor":[99,117,137,150,169,94,94,79,79,90,190,223,73,87,101,101,101,101],"floor_reached":16,"playtime":669,"items_purged":[],"score":156,"play_id":"a56de6c4-ed8d-4864-80c5-f608d3bf6fdf","local_time":"20210101121425","is_ascension_mode":true,"campfire_choices":[{"floor":1,"key":"RECALL"},{"data":"Slimebound:GoopTackle","floor":6,"key":"SMITH"},{"floor":9,"key":"REST"}],"circlet_count":0,"master_deck":["AscendersBane","Slimebound:Strike_Slimebound","Slimebound:Strike_Slimebound","Slimebound:Strike_Slimebound+1","Slimebound:Tackle","Slimebound:Defend_Slimebound","Slimebound:Defend_Slimebound","Slimebound:Defend_Slimebound","Slimebound:Defend_Slimebound","Slimebound:Split","Slimebound:CorrosiveSpit","Slimebound:GoopSpray","Slimebound:Nibble","Slimebound:Chomp+1","Slimebound:GoopTackle+1","Slimebound:OozeBath","Slimebound:SplitAcid","Slimebound:Gluttony","Slimebound:SamplingLick"],"relics":["Philosopher\u0027s Stone","downfall:HeartBlessingRed","Guardian:PocketSentry","Whetstone"],"acts_visited":["Exordium"],"potions_floor_usage":[10,16],"damage_taken":[{"damage":9,"enemies":"2 Louse","floor":2,"turns":3},{"damage":17,"enemies":"Jaw Worm","floor":3,"turns":2},{"damage":2,"enemies":"Cultist","floor":4,"turns":3},{"damage":0,"enemies":"3 Louse","floor":5,"turns":2},{"damage":28,"enemies":"downfall:FleeingMerchant","floor":8,"turns":4},{"damage":14,"enemies":"Gremlin Gang","floor":10,"turns":3},{"damage":14,"enemies":"Gremlin Nob","floor":12,"turns":3},{"damage":6,"enemies":"Large Slime","floor":14,"turns":2},{"damage":6,"enemies":"Red Slaver","floor":15,"turns":2},{"damage":62,"enemies":"downfall:Defect","floor":16,"turns":4}],"seed_played":"-1860790214533123299","potions_obtained":[{"floor":5,"key":"SkillPotion"},{"floor":12,"key":"champ:CounterPotion"},{"floor":14,"key":"DistilledChaos"}],"is_trial":false,"path_per_floor":["R","M","M","M","M","R","T","$","R","M","?","E","?","M","M","B"],"character_chosen":"SLIMEBOUND","items_purchased":[],"campfire_rested":1,"item_purchase_floors":[],"current_hp_per_floor":[54,49,36,34,34,34,34,10,28,18,18,12,70,64,62,0,0,0],"gold":101,"neow_bonus":"BOSS_RELIC","is_daily":false,"chose_seed":false,"campfire_upgraded":1,"win_rate":0.0,"timestamp":1609499665,"path_taken":["R","M","M","M","M","R","T","$","R","M","?","E","?","?","M","BOSS"],"items_purchased_type":[],"build_version":"2020-12-22","purchased_purges":0,"victory":false,"max_hp_per_floor":[60,60,60,60,60,60,60,60,60,60,60,60,70,70,70,70,70,70],"card_choices":[{"not_picked":["Slimebound:SamplingLick","Slimebound:Schlurp"],"picked":"Slimebound:GoopSpray","floor":2},{"not_picked":["Slimebound:RollThrough","Slimebound:HauntingLick"],"picked":"Slimebound:Nibble","floor":3},{"not_picked":["Slimebound:SplitBruiser","Slimebound:ViciousTackle"],"picked":"Slimebound:Chomp","floor":4},{"not_picked":["Slimebound:ServeAndProtect","Slimebound:GoopSpray"],"picked":"Slimebound:GoopTackle","floor":5},{"not_picked":["Slimebound:SamplingLick","Slimebound:ProtectTheBoss"],"picked":"Slimebound:OozeBath","floor":8},{"not_picked":["Slimebound:SplitBruiser","Slimebound:LevelUp"],"picked":"Slimebound:SplitAcid","floor":10},{"not_picked":["Slimebound:Schlurp","Slimebound:GoopSpray"],"picked":"Slimebound:Gluttony","floor":12},{"not_picked":["Slimebound:SamplingLick","Slimebound:AcidTongue","Slimebound:ViciousTackle"],"picked":"SKIP","floor":14},{"not_picked":["Slimebound:ServeAndProtect","Slimebound:SlimeSpikes"],"picked":"Slimebound:SamplingLick","floor":15}],"player_experience":1729945,"relics_obtained":[{"floor":7,"key":"Guardian:PocketSentry"},{"floor":12,"key":"Whetstone"}],"event_choices":[],"is_beta":false,"boss_relics":[],"items_purged_floors":[],"is_endless":false,"potions_floor_spawned":[5,12,14],"killed_by":"downfall:Defect","ascension_level":10}}