{"host":"h8k9dndf1ns7wsjc","time":1609467842,"event":{"mods":["2.2 Compatiblity","AchievementEnabler","Act Like it!","BaseMod","Better Altar","Better Skull","Better Vampires","BetterRewards","Communication Mod","Downfall","Minty Spire (QoL Compilation)","Permanent Neow","Remove Card Discount Mod","Spicy Shops","StSLib"],"gold_per_floor":[118,118,129,38,53,83,83,115,138,153,153,165,12,23,23,121,121,134,144,144,144,144,144,0,10,10,10,23,35,35,35,35,136,136,147,147,147,1146,1146,1146,1193,1193,1216,595,608,622,654,667,667,667],"floor_reached":51,"playtime":2150,"items_purged":["Writhe","Normality","Normality","Slimebound:Tackle+1","expansioncontent:ChargeUp","Perfected Strike","Heavy Blade","Slimebound:Tackle+1","Slimebound:Tackle+1"],"score":760,"play_id":"d7ab3b1b-9fb1-4f20-b0ca-c8dd49282040","local_time":"20210101032402","is_ascension_mode":false,"campfire_choices":[{"floor":11,"key":"REST"},{"data":"Double Tap","floor":15,"key":"SMITH"},{"floor":23,"key":"RECALL"},{"floor":32,"key":"REST"},{"floor":40,"key":"DIG"},{"floor":42,"key":"DIG"},{"floor":49,"key":"REST"}],"circlet_count":0,"master_deck":["Defend_R+1","Defend_R+1","Defend_R+1","Defend_R+1","Bash+1","Twin Strike","Double Tap+1","Rupture+1","Hemokinesis","Hemokinesis","Pummel+1","Feed","Brutality","Fire Breathing","Ghostly Armor","Armaments","Offering","Disarm+1","expansioncontent:Hexaburn+1","Pommel Strike","Shrug It Off","Blood for Blood","Combust","Power Through+1","Cleave","Pommel Strike+1"],"relics":["Burning Blood","Lantern","Bag of Marbles","Vajra","Membership Card","Fusion Hammer","Shovel","Magic Flower","GremlinMask","Anchor","Gambling Chip","Sozu","Orichalcum","CaptainsWheel","Nunchaku","Boot","Paper Frog","ClockworkSouvenir","Ornamental Fan","TheAbacus","Sundial","Whetstone"],"acts_visited":["Exordium","TheCity","TheBeyond"],"potions_floor_usage":[6,8,16,29,29,33,35],"damage_taken":[{"damage":6,"enemies":"Jaw Worm","floor":1,"turns":3},{"damage":1,"enemies":"Cultist","floor":3,"turns":3},{"damage":7,"enemies":"2 Louse","floor":5,"turns":2},{"damage":20,"enemies":"Gremlin Nob","floor":6,"turns":3},{"damage":22,"enemies":"3 Sentries","floor":8,"turns":7},{"damage":17,"enemies":"Looter","floor":10,"turns":3},{"damage":9,"enemies":"2 Fungi Beasts","floor":12,"turns":3},{"damage":7,"enemies":"Large Slime","floor":14,"turns":5},{"damage":47,"enemies":"Hexaghost","floor":16,"turns":4},{"damage":19,"enemies":"Spheric Guardian","floor":18,"turns":5},{"damage":0,"enemies":"Shell Parasite","floor":19,"turns":1},{"damage":27,"enemies":"Centurion and Healer","floor":25,"turns":3},{"damage":27,"enemies":"Snake Plant","floor":28,"turns":4},{"damage":34,"enemies":"3 Cultists","floor":29,"turns":6},{"damage":25,"enemies":"Automaton","floor":33,"turns":6},{"damage":9,"enemies":"3 Shapes","floor":35,"turns":4},{"damage":57,"enemies":"2 Orb Walkers","floor":41,"turns":4},{"damage":1,"enemies":"Orb Walker","floor":45,"turns":2},{"damage":16,"enemies":"Sphere and 2 Shapes","floor":46,"turns":4},{"damage":23,"enemies":"Giant Head","floor":47,"turns":4},{"damage":3,"enemies":"4 Shapes","floor":48,"turns":3},{"damage":47,"enemies":"Donu and Deca","floor":50,"turns":5}],"seed_played":"-9039448493726479750","potions_obtained":[{"floor":3,"key":"AttackPotion"},{"floor":5,"key":"PowerPotion"},{"floor":10,"key":"Slimebound:ThreeZeroPotion"},{"floor":14,"key":"SteroidPotion"},{"floor":18,"key":"champ:CounterPotion"},{"floor":19,"key":"ColorlessPotion"},{"floor":28,"key":"hexamod:EctoCoolerPotion"},{"floor":33,"key":"Fire Potion"}],"is_trial":false,"path_per_floor":["M","?","M","$","M","E","?","E","T","M","R","M","$","M","R","B",null,"M","M","?","?","?","R","$","M","T","?","M","M","?","?","R","B",null,"M","?","?","?","?","R","?","R","T","$","M","M","E","M","R","B",null],"character_chosen":"IRONCLAD","items_purchased":["Hemokinesis","Membership Card","Shovel","Paper Frog","Shrug It Off","Blood for Blood","Combust","ClockworkSouvenir","Ornamental Fan","TheAbacus","Sundial"],"campfire_rested":3,"item_purchase_floors":[4,13,24,44,44,44,44,44,44,44,44],"current_hp_per_floor":[80,80,80,80,79,65,65,49,49,38,62,59,59,58,58,17,80,67,73,73,73,73,73,73,55,55,55,37,12,12,12,36,20,83,83,83,83,83,83,83,35,35,35,35,43,42,28,34,60,22],"gold":667,"neow_bonus":"UPGRADE_CARD","is_daily":false,"chose_seed":false,"campfire_upgraded":1,"win_rate":0.0,"timestamp":1609467842,"path_taken":["M","?","M","?","M","E","?","E","T","M","R","M","$","M","R","BOSS","M","M","?","?","?","R","$","M","T","?","M","?","?","?","R","BOSS","M","?","?","?","?","R","?","R","T","$","M","M","E","M","R","BOSS"],"items_purchased_type":["Card","Relic","Relic","Relic","Card","Card","Card","Relic","Relic","Relic","Relic"],"build_version":"2020-12-22","purchased_purges":9,"victory":true,"max_hp_per_floor":[80,80,80,80,80,80,80,80,80,80,80,80,80,80,80,80,80,80,80,80,80,80,80,80,83,83,83,83,83,83,83,83,83,83,83,83,83,83,83,83,83,83,83,83,83,87,87,87,87,87],"card_choices":[{"not_picked":["Headbutt","Clash"],"picked":"Twin Strike","floor":1},{"not_picked":["Rampage","Headbutt"],"picked":"Rupture","floor":3},{"not_picked":["Flex","Exhume"],"picked":"Perfected Strike","floor":5},{"not_picked":["Double Tap","Seeing Red"],"picked":"Feel No Pain","floor":6},{"not_picked":["Clash","Wild Strike"],"picked":"Hemokinesis","floor":8},{"not_picked":["Hemokinesis","Headbutt"],"picked":"Pummel","floor":10},{"not_picked":["Havoc","Uppercut"],"picked":"Feed","floor":12},{"not_picked":["Headbutt","Cleave"],"picked":"Heavy Blade","floor":14},{"not_picked":["Fiend Fire","Bludgeon"],"picked":"Brutality","floor":16},{"not_picked":["Clash","Feel No Pain"],"picked":"Fire Breathing","floor":18},{"not_picked":["Perfected Strike","Havoc","Anger"],"picked":"SKIP","floor":19},{"not_picked":["True Grit","Twin Strike+1"],"picked":"Ghostly Armor","floor":25},{"not_picked":["Iron Wave","Thunderclap"],"picked":"Armaments","floor":28},{"not_picked":["Flex","Clash","Dark Embrace"],"picked":"SKIP","floor":29},{"not_picked":["Barricade","Exhume"],"picked":"Offering","floor":33},{"not_picked":["Havoc+1","Wild Strike+1"],"picked":"Disarm+1","floor":35},{"not_picked":["Jack Of All Trades","HandOfGreed"],"picked":"expansioncontent:Hexaburn","floor":36},{"not_picked":["Havoc","Headbutt+1"],"picked":"Pommel Strike","floor":41},{"not_picked":["Headbutt+1","Feel No Pain+1","Bloodletting"],"picked":"SKIP","floor":45},{"not_picked":["Rampage+1","Twin Strike"],"picked":"Power Through+1","floor":46},{"not_picked":["Inflame+1","Battle Trance"],"picked":"Cleave","floor":47},{"not_picked":["Armaments+1","Seeing Red"],"picked":"Pommel Strike+1","floor":48}],"player_experience":444117,"relics_obtained":[{"floor":6,"key":"Lantern"},{"floor":8,"key":"Bag of Marbles"},{"floor":9,"key":"Vajra"},{"floor":26,"key":"Magic Flower"},{"floor":31,"key":"Gambling Chip"},{"floor":40,"key":"Orichalcum"},{"floor":41,"key":"CaptainsWheel"},{"floor":42,"key":"Nunchaku"},{"floor":43,"key":"Boot"},{"floor":47,"key":"Whetstone"}],"event_choices":[{"damage_healed":0,"gold_gain":0,"player_choice":"2 cards matched","damage_taken":0,"max_hp_gain":0,"max_hp_loss":0,"event_name":"Match and Keep!","floor":2,"gold_loss":0,"cards_obtained":["expansioncontent:ChargeUp","Double Tap"]},{"damage_healed":0,"gold_gain":0,"player_choice":"Grow","damage_taken":0,"max_hp_gain":0,"max_hp_loss":0,"event_name":"Living Wall","floor":7,"gold_loss":0,"cards_upgraded":["Rupture"]},{"damage_healed":0,"gold_gain":0,"player_choice":"Ignored","damage_taken":0,"max_hp_gain":0,"max_hp_loss":0,"event_name":"Beggar","floor":21,"gold_loss":0},{"damage_healed":0,"gold_gain":0,"player_choice":"Simplicity","damage_taken":0,"max_hp_gain":0,"max_hp_loss":0,"event_name":"Back to Basics","floor":22,"gold_loss":0,"cards_upgraded":["Defend_R","Defend_R","Defend_R","Defend_R"]},{"damage_healed":0,"gold_gain":0,"player_choice":"Trade","damage_taken":0,"relics_obtained":["GremlinMask"],"max_hp_gain":0,"max_hp_loss":0,"event_name":"FaceTrader","floor":27,"gold_loss":0},{"damage_healed":0,"gold_gain":0,"player_choice":"Opened","damage_taken":0,"relics_obtained":["Anchor"],"max_hp_gain":0,"max_hp_loss":0,"event_name":"The Mausoleum","floor":30,"gold_loss":0,"cards_obtained":["Writhe"]},{"damage_healed":0,"gold_gain":0,"player_choice":"Relic","damage_taken":0,"max_hp_gain":0,"max_hp_loss":0,"event_name":"Wheel of Change","floor":31,"gold_loss":0},{"damage_healed":0,"gold_gain":0,"player_choice":"Memory 1","damage_taken":0,"max_hp_gain":0,"max_hp_loss":0,"event_name":"SensoryStone","floor":36,"gold_loss":0},{"cards_removed":["Feel No Pain"],"damage_healed":0,"gold_gain":0,"player_choice":"Removed Power","damage_taken":0,"max_hp_gain":0,"max_hp_loss":0,"event_name":"Falling","floor":37,"gold_loss":0},{"damage_healed":0,"gold_gain":999,"player_choice":"Gold","damage_taken":0,"max_hp_gain":0,"max_hp_loss":0,"event_name":"MindBloom","floor":38,"gold_loss":0,"cards_obtained":["Normality","Normality"]},{"damage_healed":0,"gold_gain":0,"player_choice":"Ignored","damage_taken":0,"max_hp_gain":0,"max_hp_loss":0,"event_name":"Tomb of Lord Red Mask","floor":39,"gold_loss":0},{"damage_healed":0,"gold_gain":0,"player_choice":"Fight","damage_taken":0,"max_hp_gain":0,"max_hp_loss":0,"event_name":"Mysterious Sphere","floor":41,"gold_loss":0}],"is_beta":false,"boss_relics":[{"not_picked":["Runic Dome","Black Blood"],"picked":"Fusion Hammer"},{"not_picked":["Coffee Dripper","Black Star"],"picked":"Sozu"}],"items_purged_floors":[44,44,44,44,44,44,44,44,44],"is_endless":false,"potions_floor_spawned":[3,5,10,14,18,19,28,33,35,46,48],"ascension_level":0}}