{"host":"3kdwm9n4ehf6yd4s","time":1609533808,"event":{"mods":["BaseMod","GifTheSpireLib","Minty Spire (QoL Compilation)","Quick Restart","Replay The Spire","StSLib"],"gold_per_floor":[215,10,25,44,64,93,93,121,121,146,18,18,45,10,10,113,113,151,46,46,126,225,256,256,266,266,284,318,390,390,410,410,506,506,520,71,82,98,111,142,142,155,180,180,198,550,550,44,44,44],"floor_reached":51,"playtime":2076,"items_purged":[],"score":774,"play_id":"e4351e93-c7ed-44ac-b026-8207bf8a3385","local_time":"20210101134328","is_ascension_mode":true,"campfire_choices":[{"floor":7,"key":"REST"},{"floor":12,"key":"REST"},{"data":"Creative AI","floor":15,"key":"SMITH"},{"floor":24,"key":"REST"},{"floor":30,"key":"REST"},{"floor":32,"key":"REST"},{"floor":41,"key":"REST"},{"data":"1","floor":44,"key":"LIFT"},{"data":"2","floor":47,"key":"LIFT"},{"floor":49,"key":"REST"}],"circlet_count":0,"master_deck":["Strike_B+1","Strike_B+1","Strike_B+1","Strike_B+1","Defend_B+1","Defend_B+1","Defend_B+1","Defend_B+1","Zap","Ball Lightning","Hello World","Static Discharge","Ball Lightning","Ball Lightning","Static Discharge","Creative AI+1","Capacitor","Conserve Battery","Ball Lightning","Electrodynamics","Sweeping Beam+1","FTL+1","Coolheaded","Hello World+1","ReplaySolidLightProjector+1","Leap+1","Skim+1","Stack+1","Electrodynamics","Ball Lightning","Tempest+1","Go for the Eyes","Conserve Battery+1","ReplayGash","Echo Form","Leap+1","Ball Lightning+1","Parasite","Storm","Scrape+1","Genetic Algorithm+1","Storm+1"],"relics":["Cracked Core","Toolbox","Replay:Rubber Ducky","Replay:Wax Seal","Question Card","Replay:Towering Pillar of Hats","Turnip","Empty Cage","Toxic Egg 2","ReplayTheSpireMod:TigerMarble","Bag of Preparation","Girya","Garlic","Sozu","Orichalcum","Lee\u0027s Waffle","DataDisk","Omamori","Old Coin","Replay:Antivirus Software","Pen Nib","Medical Kit"],"acts_visited":["Exordium","TheCity","TheBeyond"],"potions_floor_usage":[10,10,27,27,33],"damage_taken":[{"damage":0,"enemies":"2 Louse","floor":1,"turns":2},{"damage":3,"enemies":"Jaw Worm","floor":3,"turns":3},{"damage":14,"enemies":"Small Slimes","floor":4,"turns":4},{"damage":7,"enemies":"Looter","floor":5,"turns":4},{"damage":22,"enemies":"3 Sentries","floor":6,"turns":3},{"damage":8,"enemies":"Lagavulin","floor":8,"turns":6},{"damage":0,"enemies":"Gremlin Nob","floor":10,"turns":4},{"damage":13,"enemies":"Lagavulin","floor":13,"turns":8},{"damage":16,"enemies":"Slime Boss","floor":16,"turns":7},{"damage":14,"enemies":"Shell Parasite","floor":18,"turns":7},{"damage":42,"enemies":"Slavers","floor":23,"turns":5},{"damage":0,"enemies":"Spheric Guardian","floor":25,"turns":4},{"damage":14,"enemies":"Chosen and Byrds","floor":27,"turns":5},{"damage":23,"enemies":"Gremlin Leader","floor":28,"turns":7},{"damage":0,"enemies":"Snecko","floor":31,"turns":4},{"damage":11,"enemies":"Pondfish","floor":33,"turns":9},{"damage":4,"enemies":"3 Shapes","floor":35,"turns":2},{"damage":0,"enemies":"Orb Walker","floor":37,"turns":4},{"damage":0,"enemies":"Maw","floor":38,"turns":9},{"damage":0,"enemies":"Transient","floor":39,"turns":5},{"damage":53,"enemies":"Giant Head","floor":40,"turns":12},{"damage":0,"enemies":"Writhing Mass","floor":42,"turns":6},{"damage":0,"enemies":"3 Darklings","floor":45,"turns":4},{"damage":9,"enemies":"2 Orb Walkers","floor":46,"turns":5},{"damage":17,"enemies":"Replay:Hell Engine","floor":50,"turns":13}],"seed_played":"-8299133922823204689","potions_obtained":[{"floor":4,"key":"Block Potion"},{"floor":6,"key":"Weak Potion"},{"floor":23,"key":"BlessingOfTheForge"},{"floor":25,"key":"SkillPotion"},{"floor":28,"key":"Ancient Potion"}],"is_trial":false,"path_per_floor":["M","$","M","M","M","E","R","E","T","E","$","R","E","?","R","B",null,"M","$","?","T","?","E","R","M","T","M","E","T","R","M","R","B",null,"M","$","M","M","M","E","R","M","T","R","M","?","R","$","R","B",null],"character_chosen":"DEFECT","items_purchased":["Toolbox","Ball Lightning","Capacitor","Conserve Battery","FTL+1","Coolheaded","Orichalcum","Lee\u0027s Waffle","Tempest+1","Go for the Eyes","Conserve Battery+1","Replay:Antivirus Software","Pen Nib","Medical Kit","Storm+1"],"campfire_rested":7,"item_purchase_floors":[2,2,11,11,19,19,36,36,36,36,36,48,48,48,48],"current_hp_per_floor":[75,75,72,58,51,29,51,43,43,43,43,65,52,70,70,54,75,61,61,61,61,61,19,41,41,41,27,4,4,26,26,48,37,75,71,82,82,82,82,29,53,53,53,53,53,44,44,44,68,51],"gold":44,"neow_bonus":"HUNDRED_GOLD","is_daily":false,"chose_seed":false,"campfire_upgraded":1,"win_rate":0.0,"timestamp":1609533808,"path_taken":["M","$","M","M","M","E","R","E","T","E","$","R","E","?","R","BOSS","M","$","?","?","?","E","R","M","T","M","E","?","R","M","R","BOSS","M","$","?","M","M","E","R","M","T","R","M","?","R","$","R","BOSS"],"items_purchased_type":["Relic","Card","Card","Card","Card","Card","Relic","Relic","Card","Card","Card","Relic","Relic","Relic","Card"],"build_version":"2020-12-22","purchased_purges":0,"victory":true,"max_hp_per_floor":[75,75,75,75,75,75,75,75,75,75,75,75,75,75,75,75,75,75,75,75,75,75,75,75,75,75,75,75,75,75,75,75,75,75,75,82,82,82,82,82,82,82,82,82,82,82,82,82,82,82],"card_choices":[{"not_picked":["Cold Snap","Compile Driver"],"picked":"ReplaySolidLightProjector","floor":1},{"not_picked":["Rebound","Gash"],"picked":"Hello World","floor":3},{"not_picked":["Go for the Eyes","Panic Button"],"picked":"Static Discharge","floor":4},{"not_picked":["Gash","Steam"],"picked":"Ball Lightning","floor":5},{"not_picked":["Streamline","BasicCrystalCard"],"picked":"Ball Lightning","floor":6},{"not_picked":["Consume","ReplayTheSpireMod:Reroute Power"],"picked":"Static Discharge","floor":8},{"not_picked":["Redo","BasicCrystalCard","Beam Cell"],"picked":"Creative AI","floor":10},{"not_picked":["Barrage","Amplify","Heatsinks"],"picked":"Ball Lightning","floor":13},{"not_picked":["Amplify","ReplayTheSpireMod:Fabricate Wheel","Fission"],"picked":"Electrodynamics","floor":16},{"not_picked":["Consume","Hologram+1","Redo"],"picked":"Sweeping Beam+1","floor":18},{"not_picked":["Steam Power+1","Undo+1","Conserve Battery+1"],"picked":"Hello World+1","floor":23},{"not_picked":["Loop","Time Bomb+1","Sweeping Beam"],"picked":"ReplaySolidLightProjector+1","floor":25},{"not_picked":["Barrage","BasicCrystalCard+1","Redo+1"],"picked":"Leap+1","floor":27},{"not_picked":["Lockon","Rebound","Force Field+1"],"picked":"Skim+1","floor":28},{"not_picked":["Steam+1","Panic Button+1","Compile Driver"],"picked":"Stack+1","floor":31},{"not_picked":["All For One","Multi-Cast+1","Rainbow+1"],"picked":"Electrodynamics","floor":33},{"not_picked":["Beam Cell+1","Hello World+1","Conserve Battery+1"],"picked":"Ball Lightning","floor":35},{"not_picked":["Barrage+1","Steam Power+1","Compile Driver+1"],"picked":"ReplayGash","floor":37},{"not_picked":["Defragment+1","FTL+1","Coolheaded+1"],"picked":"Echo Form","floor":38},{"not_picked":["Turbo+1","ReplayTheSpireMod:Reroute Power+1","Doom and Gloom+1"],"picked":"Leap+1","floor":39},{"not_picked":["Turbo+1","Go for the Eyes+1","Beam Cell+1"],"picked":"Ball Lightning+1","floor":40},{"not_picked":["Conserve Battery+1","Turbo+1","Ball Lightning+1"],"picked":"Storm","floor":42},{"not_picked":["All For One","Steam+1","Hologram+1"],"picked":"Scrape+1","floor":45},{"not_picked":["Conserve Battery+1","Redo+1","Compile Driver+1"],"picked":"Genetic Algorithm+1","floor":46}],"player_experience":133557,"relics_obtained":[{"floor":6,"key":"Replay:Rubber Ducky"},{"floor":8,"key":"Replay:Wax Seal"},{"floor":9,"key":"Question Card"},{"floor":10,"key":"Replay:Towering Pillar of Hats"},{"floor":13,"key":"Turnip"},{"floor":21,"key":"Toxic Egg 2"},{"floor":23,"key":"ReplayTheSpireMod:TigerMarble"},{"floor":26,"key":"Bag of Preparation"},{"floor":28,"key":"Girya"},{"floor":29,"key":"Garlic"},{"floor":40,"key":"DataDisk"},{"floor":43,"key":"Omamori"},{"floor":46,"key":"Old Coin"}],"event_choices":[{"damage_healed":18,"gold_gain":0,"player_choice":"Healed","damage_taken":0,"max_hp_gain":0,"max_hp_loss":0,"event_name":"The Cleric","floor":14,"gold_loss":35},{"damage_healed":0,"gold_gain":0,"player_choice":"Simplicity","damage_taken":0,"max_hp_gain":0,"max_hp_loss":0,"event_name":"Back to Basics","floor":20,"gold_loss":0,"cards_upgraded":["Strike_B","Strike_B","Strike_B","Strike_B","Defend_B","Defend_B","Defend_B","Defend_B"]},{"damage_healed":0,"gold_gain":99,"player_choice":"Stole From Cult","damage_taken":0,"max_hp_gain":0,"max_hp_loss":0,"event_name":"Nest","floor":22,"gold_loss":0},{"damage_healed":0,"gold_gain":0,"player_choice":"Fight","damage_taken":0,"max_hp_gain":0,"max_hp_loss":0,"event_name":"Mysterious Sphere","floor":46,"gold_loss":0}],"is_beta":false,"boss_relics":[{"not_picked":["Replay:Wanted Poster","Replay:Grab Bag"],"picked":"Empty Cage"},{"not_picked":["ReplayTheSpireMod:DimensionalGlitch","Velvet Choker"],"picked":"Sozu"}],"items_purged_floors":[],"is_endless":false,"potions_floor_spawned":[4,6,23,25,28,37,40,46],"ascension_level":1}}