{"host":"k6u7q08ihsmpx7o5","time":1609544095,"event":{"mods":["BaseMod","Bestiary","Minty Spire (QoL Compilation)","StSLib"],"gold_per_floor":[369,19,94,134,99,99,128,190,214,214,277,305,305,349,349,420,420,436,197,235,150,185,185,185,185,185,185,185],"floor_reached":27,"playtime":983,"items_purged":[],"score":442,"play_id":"7a138dbb-c0d6-4959-98c3-2f151c85667b","local_time":"20210102003455","is_ascension_mode":true,"campfire_choices":[{"data":"HandOfGreed","floor":6,"key":"SMITH"},{"data":"Uppercut","floor":10,"key":"SMITH"},{"data":"Fire Breathing","floor":13,"key":"SMITH"},{"data":"Flame Barrier","floor":15,"key":"SMITH"},{"data":"Corruption","floor":23,"key":"SMITH"},{"data":"Dark Embrace","floor":25,"key":"SMITH"}],"circlet_count":0,"master_deck":["AscendersBane","Bash","Fire Breathing+1","HandOfGreed+1","Headbutt","Uppercut+1","Wild Strike","Flame Barrier+1","Twin Strike","Corruption+1","Burning Pact","Berserk","Cleave","Brutality","Fiend Fire","Rage","Rampage","Twin Strike","Iron Wave","Dark Embrace+1","Evolve","Shockwave"],"relics":["Burning Blood","Toolbox","Lantern","Ancient Tea Set","Meat on the Bone","Pandora\u0027s Box","OrangePellets","Toy Ornithopter","Toxic Egg 2"],"acts_visited":["Exordium","TheCity"],"potions_floor_usage":[],"damage_taken":[{"damage":14,"enemies":"2 Louse","floor":1,"turns":5},{"damage":0,"enemies":"Jaw Worm","floor":4,"turns":4},{"damage":20,"enemies":"3 Sentries","floor":7,"turns":5},{"damage":2,"enemies":"Small Slimes","floor":8,"turns":5},{"damage":0,"enemies":"Exordium Wildlife","floor":11,"turns":2},{"damage":20,"enemies":"Lagavulin","floor":12,"turns":5},{"damage":1,"enemies":"2 Fungi Beasts","floor":14,"turns":2},{"damage":20,"enemies":"Slime Boss","floor":16,"turns":7},{"damage":15,"enemies":"Spheric Guardian","floor":18,"turns":4},{"damage":35,"enemies":"2 Thieves","floor":20,"turns":4},{"damage":22,"enemies":"Centurion and Healer","floor":22,"turns":5},{"damage":40,"enemies":"Slavers","floor":27,"turns":3}],"seed_played":"6198067837979871979","potions_obtained":[{"floor":7,"key":"BlessingOfTheForge"},{"floor":12,"key":"AttackPotion"},{"floor":14,"key":"SteroidPotion"}],"is_trial":false,"path_per_floor":["M","$","?","M","?","R","E","M","T","R","M","E","R","M","R","B",null,"M","$","M","?","M","R","?","R","T","E"],"character_chosen":"IRONCLAD","items_purchased":["Toolbox","HandOfGreed","OrangePellets","Evolve"],"campfire_rested":0,"item_purchase_floors":[2,2,19,19],"current_hp_per_floor":[42,42,31,37,55,55,41,45,45,45,51,37,37,54,54,52,69,60,60,43,43,39,39,39,39,39,0,0],"gold":185,"neow_bonus":"TWO_FIFTY_GOLD","is_daily":false,"chose_seed":false,"campfire_upgraded":6,"win_rate":0.0,"timestamp":1609544095,"path_taken":["M","$","?","M","?","R","E","M","T","R","M","E","R","M","R","BOSS","M","$","M","?","M","R","?","R","T","E"],"items_purchased_type":["Relic","Card","Relic","Card"],"build_version":"2020-12-22","purchased_purges":0,"victory":false,"max_hp_per_floor":[75,75,75,75,75,75,75,75,75,75,75,75,75,75,75,75,75,75,75,75,75,75,75,75,75,75,75,75],"card_choices":[{"not_picked":["Cleave","Ghostly Armor"],"picked":"Fire Breathing","floor":1},{"not_picked":["Anger","Seeing Red"],"picked":"Headbutt","floor":4},{"not_picked":["Sword Boomerang","Havoc","Heavy Blade"],"picked":"SKIP","floor":7},{"not_picked":["Fire Breathing","Rage"],"picked":"Uppercut","floor":8},{"not_picked":["Cleave","Dropkick"],"picked":"Wild Strike","floor":11},{"not_picked":["Clothesline","Heavy Blade"],"picked":"Flame Barrier","floor":12},{"not_picked":["Clothesline","Sentinel"],"picked":"Twin Strike","floor":14},{"not_picked":["Offering","Exhume"],"picked":"Corruption","floor":16},{"not_picked":["Sword Boomerang","Dropkick"],"picked":"Dark Embrace","floor":18},{"not_picked":["Inflame","Iron Wave"],"picked":"Shockwave","floor":20},{"not_picked":["Twin Strike","Cleave","Sever Soul"],"picked":"SKIP","floor":22}],"player_experience":1906590,"relics_obtained":[{"floor":7,"key":"Lantern"},{"floor":9,"key":"Ancient Tea Set"},{"floor":12,"key":"Meat on the Bone"},{"floor":26,"key":"Toxic Egg 2"}],"event_choices":[{"damage_healed":0,"gold_gain":75,"player_choice":"Gather Gold","damage_taken":11,"max_hp_gain":0,"max_hp_loss":0,"event_name":"World of Goop","floor":3,"gold_loss":0},{"damage_healed":18,"gold_gain":0,"player_choice":"Healed","damage_taken":0,"max_hp_gain":0,"max_hp_loss":0,"event_name":"The Cleric","floor":5,"gold_loss":35},{"damage_healed":0,"gold_gain":0,"player_choice":"Obtained Relic","damage_taken":0,"relics_obtained":["Toy Ornithopter"],"max_hp_gain":0,"max_hp_loss":0,"event_name":"Addict","floor":21,"gold_loss":85},{"damage_healed":0,"gold_gain":0,"player_choice":"Ignored","damage_taken":0,"max_hp_gain":0,"max_hp_loss":0,"event_name":"The Mausoleum","floor":24,"gold_loss":0}],"is_beta":false,"boss_relics":[{"not_picked":["SacredBark","Philosopher\u0027s Stone"],"picked":"Pandora\u0027s Box"}],"items_purged_floors":[],"is_endless":false,"potions_floor_spawned":[7,12,14,20],"killed_by":"Slavers","ascension_level":20}}