{"host":"aryqrlgvv7cx3d7m","time":1609545217,"event":{"mods":["AchievementEnabler","BaseMod","Downfall","GungeonMod","Hermit","Infinite Spire","Jorbs\u0027s Wanderer Trilogy","KinomotoSakuraMod(????)","Koishi","Lobotomy","Marisa????????","Minty Spire (QoL Compilation)","Reimu??????","Remilia??????","Replay The Spire","StSLib","Td1madao Mod","The Administrix","The Animator","The Construct","The Cursed","The Disciple","The Hierophant","The IronCluck","The Necromancer","The Poker Player","The Runesmith","The Servant 0.9.4"],"gold_per_floor":[99,118,118,118,133,151,223,223,223,16,16,36,36,21,34,129,129,129,129],"floor_reached":17,"playtime":1108,"items_purged":[],"score":145,"play_id":"0d290255-8fd5-4402-832b-6bd9dd4b9ade","local_time":"20210101185337","is_ascension_mode":false,"campfire_choices":[{"data":"Slimebound:Strike_Slimebound","floor":1,"key":"SMITH"},{"data":"Slimebound:Equalize","floor":8,"key":"SMITH"},{"data":"Slimebound:GoopTackle","floor":11,"key":"SMITH"}],"circlet_count":0,"master_deck":["Slimebound:Strike_Slimebound","Slimebound:Strike_Slimebound+1","Slimebound:Strike_Slimebound+1","Slimebound:Defend_Slimebound","Slimebound:Defend_Slimebound","Slimebound:Defend_Slimebound","Slimebound:Defend_Slimebound","Slimebound:Split","Slimebound:CorrosiveSpit","Slimebound:Equalize+1","Slimebound:PrepareCrush","Slimebound:GoopTackle+1","Slimebound:SplitLeeching","Slimebound:SlimeTap","Slimebound:SplitLeeching+1","Slimebound:Replication","Slimebound:ViciousTackle","Slimebound:SlimeSpikes","Slimebound:MassFeed"],"relics":["Slimebound:AbsorbEndCombat","construct:FoamFinger","Lee\u0027s Waffle","ReplayTheSpireMod:Shallot","Sozu"],"acts_visited":["Exordium","TheCity"],"potions_floor_usage":[16],"damage_taken":[{"damage":10,"enemies":"Jaw Worm","floor":2,"turns":5},{"damage":10,"enemies":"Small Slimes","floor":5,"turns":3},{"damage":6,"enemies":"Cultist","floor":6,"turns":3},{"damage":4,"enemies":"downfall:FleeingMerchant","floor":10,"turns":4},{"damage":4,"enemies":"3 Louse","floor":12,"turns":1},{"damage":21,"enemies":"downfall:FleeingMerchant","floor":14,"turns":4},{"damage":39,"enemies":"Exordium Thugs","floor":15,"turns":6},{"damage":39,"enemies":"downfall:Ironclad","floor":16,"turns":6}],"seed_played":"-1732506930489208836","potions_obtained":[{"floor":6,"key":"champ:CounterPotion"},{"floor":9,"key":"DemoMod:BlankPotion"},{"floor":9,"key":"Slimebound:ThreeZeroPotion"},{"floor":16,"key":"Dexterity Potion"}],"is_trial":false,"path_per_floor":["R","M","?","?","M","M","T","R","?","$","R","M","?","$","M","B",null],"character_chosen":"SLIMEBOUND","items_purchased":["Lee\u0027s Waffle","Slimebound:SplitLeeching+1"],"campfire_rested":0,"item_purchase_floors":[10,10],"current_hp_per_floor":[66,61,61,61,57,55,55,55,55,73,73,73,73,72,46,35,73,73,73],"gold":129,"neow_bonus":"TEN_PERCENT_HP_BONUS","is_daily":false,"chose_seed":false,"campfire_upgraded":3,"win_rate":0.0,"timestamp":1609545217,"path_taken":["R","M","?","?","M","?","T","R","?","?","R","M","?","?","M","BOSS"],"items_purchased_type":["Relic","Card"],"build_version":"2020-12-22","purchased_purges":0,"victory":false,"max_hp_per_floor":[66,66,66,66,66,66,66,66,66,73,73,73,73,73,73,73,73,73,73],"card_choices":[{"not_picked":["Slimebound:SpikyOuterGoop","Slimebound:PressTheAttack"],"picked":"Slimebound:Equalize","floor":2},{"not_picked":["Slimebound:Grow","Slimebound:LeechingTouch"],"picked":"Slimebound:GoopTackle","floor":5},{"not_picked":["Slimebound:SamplingLick","Slimebound:ForwardTackle"],"picked":"Slimebound:SplitLeeching","floor":6},{"not_picked":["Slimebound:FinishingTackle","Slimebound:SplitAcid"],"picked":"Slimebound:SlimeTap","floor":10},{"not_picked":["Slimebound:ForwardTackle","Slimebound:MassRepurpose"],"picked":"Slimebound:Replication","floor":12},{"not_picked":["Slimebound:ForwardTackle","Slimebound:SplitAcid"],"picked":"Slimebound:ViciousTackle","floor":14},{"not_picked":["Slimebound:DisruptingSlam","Slimebound:LeechEnergy"],"picked":"Slimebound:SlimeSpikes","floor":15},{"not_picked":["Slimebound:Teamwork","Slimebound:DuplicatedForm"],"picked":"Slimebound:MassFeed","floor":16}],"player_experience":13786,"relics_obtained":[{"floor":7,"key":"construct:FoamFinger"},{"floor":13,"key":"ReplayTheSpireMod:Shallot"}],"event_choices":[{"damage_healed":0,"gold_gain":0,"cards_transformed":["Slimebound:Tackle"],"player_choice":"Transformed","damage_taken":0,"max_hp_gain":0,"max_hp_loss":0,"event_name":"Transmorgrifier","floor":4,"gold_loss":0,"cards_obtained":["Slimebound:PrepareCrush"]},{"damage_healed":0,"gold_gain":0,"player_choice":"Got Potions","damage_taken":0,"max_hp_gain":0,"max_hp_loss":0,"event_name":"Lab","floor":9,"gold_loss":0}],"is_beta":false,"boss_relics":[{"not_picked":["construct:WeddingRing","Calling Bell"],"picked":"Sozu"}],"items_purged_floors":[],"is_endless":false,"potions_floor_spawned":[6,12,16],"ascension_level":0}}