{"host":"d7b3eqpbli5gspou","time":1609516582,"event":{"mods":["2.2 Compatiblity","BaseMod","Colored Map","Colored Powertips","Downfall","Minty Spire (QoL Compilation)","Quick Restart","Random Character Button","Random Character Mod","Relic Sorter","StSLib"],"gold_per_floor":[99,112,126,183,283,312,335,345,195,214,175,175,175,210,227,328,328,328,338,176,189,206,221,221,249,260,260,260,279,279,21,36,131,131,131,149,58,75,86,86,86,97,122,122,40,67,79,96,112,112],"floor_reached":51,"playtime":86211,"items_purged":[],"score":804,"play_id":"55c7b1f6-ed3f-4a6d-a7c2-0d0e0f044c20","local_time":"20210101105622","is_ascension_mode":true,"campfire_choices":[{"data":"Slimebound:CorrosiveSpit","floor":1.0,"key":"SMITH"},{"data":"Slimebound:Grow","floor":12.0,"key":"SMITH"},{"floor":18.0,"key":"DIG"},{"floor":28.0,"key":"DIG"},{"floor":30.0,"key":"DIG"},{"floor":35.0,"key":"DIG"},{"floor":40,"key":"DIG"}],"circlet_count":0,"master_deck":["Slimebound:Strike_Slimebound","Slimebound:Strike_Slimebound","Slimebound:Tackle","Slimebound:Defend_Slimebound","Slimebound:Defend_Slimebound","Slimebound:Defend_Slimebound","Slimebound:Defend_Slimebound","Slimebound:Split","Slimebound:CorrosiveSpit+1","Slimebound:WasteNot","Slimebound:Grow+1","Slimebound:MegaLick","Slimebound:LeechEnergy","Slimebound:RainOfGoop","Slimebound:HauntingLick","Slimebound:SamplingLick","Slimebound:DuplicatedForm","Slimebound:MegaLick","Slimebound:CheckThePlaybook","Slimebound:SamplingLick","Slimebound:LeechEnergy+1","Slimebound:SpikyOuterGoop","Slimebound:Schlurp+1","Slimebound:Prepare+1","Slimebound:PrepareCrush","Slimebound:RollThrough+1","Slimebound:RejuvenatingLick","Slimebound:RejuvenatingLick+1","Slimebound:Gluttony+1"],"relics":["Slimebound:AbsorbEndCombat","InkBottle","Ornamental Fan","Anchor","Shovel","Philosopher\u0027s Stone","Happy Flower","Strawberry","Meat on the Bone","Pear","Art of War","Sundial","Bottled Tornado","Empty Cage","Gremlin Horn","Centennial Puzzle","Mercury Hourglass","Bag of Marbles","HandDrill","Slimebound:MaxSlimesRelic","StoneCalendar"],"acts_visited":["Exordium","TheCity","TheBeyond"],"potions_floor_usage":[43],"damage_taken":[{"damage":0.0,"enemies":"2 Louse","floor":2.0,"turns":2.0},{"damage":9.0,"enemies":"Cultist","floor":3.0,"turns":4.0},{"damage":34.0,"enemies":"Lagavulin Event","floor":4.0,"turns":6.0},{"damage":12.0,"enemies":"Lagavulin","floor":6.0,"turns":7.0},{"damage":4.0,"enemies":"Small Slimes","floor":8.0,"turns":2.0},{"damage":13.0,"enemies":"Exordium Thugs","floor":10.0,"turns":4.0},{"damage":10.0,"enemies":"downfall:FleeingMerchant","floor":11.0,"turns":4.0},{"damage":15.0,"enemies":"Gremlin Nob","floor":14.0,"turns":3.0},{"damage":11.0,"enemies":"Lots of Slimes","floor":15.0,"turns":5.0},{"damage":50.0,"enemies":"downfall:Silent","floor":16.0,"turns":9.0},{"damage":17.0,"enemies":"3 Byrds","floor":19.0,"turns":4.0},{"damage":26.0,"enemies":"downfall:FleeingMerchant","floor":20.0,"turns":4.0},{"damage":29.0,"enemies":"Snake Plant","floor":21.0,"turns":2.0},{"damage":3.0,"enemies":"Centurion and Healer","floor":22.0,"turns":3.0},{"damage":0.0,"enemies":"Snecko","floor":23.0,"turns":2.0},{"damage":46.0,"enemies":"Book of Stabbing","floor":25.0,"turns":5.0},{"damage":3.0,"enemies":"Shelled Parasite and Fungi","floor":26.0,"turns":3.0},{"damage":21.0,"enemies":"Cultist and Chosen","floor":29.0,"turns":6.0},{"damage":12.0,"enemies":"downfall:FleeingMerchant","floor":31.0,"turns":4.0},{"damage":20.0,"enemies":"Centurion and Healer","floor":32.0,"turns":4.0},{"damage":54.0,"enemies":"downfall:Watcher","floor":33.0,"turns":6.0},{"damage":25.0,"enemies":"3 Darklings","floor":36.0,"turns":3.0},{"damage":20.0,"enemies":"downfall:FleeingMerchant","floor":37.0,"turns":4.0},{"damage":15.0,"enemies":"Orb Walker","floor":38.0,"turns":2.0},{"damage":22,"enemies":"Maw","floor":39,"turns":6},{"damage":21,"enemies":"3 Darklings","floor":42,"turns":3},{"damage":48,"enemies":"Reptomancer","floor":43,"turns":5},{"damage":15,"enemies":"downfall:FleeingMerchant","floor":45,"turns":2},{"damage":23,"enemies":"Nemesis","floor":46,"turns":3},{"damage":37,"enemies":"Sphere and 2 Shapes","floor":47,"turns":4},{"damage":31,"enemies":"Jaw Worm Horde","floor":48,"turns":2},{"damage":27,"enemies":"Writhing Mass","floor":49,"turns":5},{"damage":70,"enemies":"downfall:Defect","floor":50,"turns":7}],"seed_played":"8524885842091198915","potions_obtained":[{"floor":2.0,"key":"SteroidPotion"},{"floor":3.0,"key":"Swift Potion"},{"floor":6.0,"key":"ColorlessPotion"},{"floor":22.0,"key":"champ:CounterPotion"},{"floor":25.0,"key":"Slimebound:SpawnSlimePotion"},{"floor":26.0,"key":"Weak Potion"},{"floor":33.0,"key":"Strength Potion"},{"floor":36.0,"key":"SneckoOil"},{"floor":39,"key":"Block Potion"},{"floor":49,"key":"Energy Potion"}],"is_trial":false,"path_per_floor":["R","M","M","?","?","E","T","M","?","M","$","R","?","E","M","B",null,"R","M","$","M","M","M","T","E","M","?","R","M","R","$","M","B",null,"R","M","$","M","M","R","T","M","E","?","$","E","M","M","M","B",null],"character_chosen":"SLIMEBOUND","items_purchased":["Slimebound:SamplingLick","Strawberry","Bottled Tornado","Guardian:BlockOnCardUsePotion","HandDrill","Slimebound:MaxSlimesRelic","BlessingOfTheForge"],"campfire_rested":0,"item_purchase_floors":[11,20,31,37,45,45,45],"current_hp_per_floor":[60,60,58,34,34,36,36,40,70,65,67,67,67,59,58,34,70,70,65,65,57,62,72,72,62,71,71,71,73,73,71,78,65,87,87,74,60,64,77,77,77,87,70,70,80,87,73,77,87,63],"gold":112,"neow_bonus":"ONE_RANDOM_RARE_CARD","is_daily":false,"chose_seed":false,"campfire_upgraded":2,"win_rate":0.0,"timestamp":1609516582,"path_taken":["R","M","M","?","?","E","T","M","?","?","$","R","?","E","M","BOSS","R","M","$","?","M","M","T","E","M","?","R","?","R","$","M","BOSS","R","M","$","?","M","R","T","M","E","?","?","E","M","M","M","BOSS"],"items_purchased_type":["Card","Relic","Relic","Potion","Relic","Relic","Potion"],"build_version":"2020-12-22","purchased_purges":0,"victory":true,"max_hp_per_floor":[60,60,60,60,60,60,60,60,70,70,70,70,70,70,70,70,70,70,70,77,77,77,77,77,87,87,87,87,87,87,87,87,87,87,87,87,87,87,87,87,87,87,87,87,87,87,87,87,87,87],"card_choices":[{"not_picked":["Slimebound:LeechingTouch","Slimebound:Equalize"],"picked":"Slimebound:Grow","floor":2.0},{"not_picked":["Slimebound:SplitLeeching","Slimebound:ComboTackle"],"picked":"Slimebound:MegaLick","floor":3.0},{"not_picked":["Slimebound:Dissolve","Slimebound:RainOfGoop"],"picked":"Slimebound:LeechEnergy","floor":4.0},{"not_picked":["Slimebound:SlimeSpikes","Slimebound:LevelUp"],"picked":"Slimebound:Overexert","floor":6.0},{"not_picked":["Slimebound:RollThrough","Slimebound:GoopTackle"],"picked":"Slimebound:RainOfGoop","floor":8.0},{"not_picked":["Slimebound:Schlurp","Slimebound:SplitLeeching"],"picked":"Slimebound:HauntingLick","floor":10.0},{"not_picked":["Slimebound:ProtectTheBoss","Slimebound:Schlurp","Slimebound:GoopSpray"],"picked":"SKIP","floor":11.0},{"not_picked":["Slimebound:GrowthPunch","Slimebound:Replication","Slimebound:RollThrough"],"picked":"SKIP","floor":14.0},{"not_picked":["Slimebound:DuplicatedForm","Slimebound:SplitMire"],"picked":"Slimebound:MegaLick","floor":15.0},{"not_picked":["Slimebound:OozeBath","Slimebound:OneTwoCombo"],"picked":"Slimebound:CheckThePlaybook","floor":16.0},{"not_picked":["Slimebound:GrowthPunch+1","Slimebound:ViciousTackle"],"picked":"Slimebound:SamplingLick","floor":19.0},{"not_picked":["Slimebound:DisruptingSlam","Slimebound:SplitMire","Slimebound:SelfFormingGoo"],"picked":"SKIP","floor":20.0},{"not_picked":["Slimebound:Prepare","Slimebound:DisruptingSlam+1","Slimebound:SplitAcid+1"],"picked":"SKIP","floor":21.0},{"not_picked":["Slimebound:SplitAcid","Slimebound:FirmFortitude"],"picked":"Slimebound:LeechEnergy+1","floor":22.0},{"not_picked":["Slimebound:FinishingTackle","Slimebound:PressTheAttack"],"picked":"Slimebound:SpikyOuterGoop","floor":23.0},{"not_picked":["Slimebound:DisruptingSlam","Slimebound:Prepare+1"],"picked":"Slimebound:Schlurp+1","floor":25.0},{"not_picked":["Slimebound:Dissolve+1","Slimebound:BestDefense","Slimebound:LeechEnergy"],"picked":"SKIP","floor":26.0},{"not_picked":["Slimebound:FlameTackle+1","Slimebound:TongueLash","Slimebound:SplitBruiser+1"],"picked":"SKIP","floor":29.0},{"not_picked":["Slimebound:SplitLeeching+1","Slimebound:Dissolve","Slimebound:SplitBruiser"],"picked":"SKIP","floor":31.0},{"not_picked":["Slimebound:GoopTackle","Slimebound:RainOfGoop"],"picked":"Slimebound:Prepare+1","floor":32.0},{"not_picked":["Slimebound:CheckThePlaybook","Slimebound:MinionMaster"],"picked":"Slimebound:PrepareCrush","floor":33.0},{"not_picked":["Slimebound:SplitBruiser","Slimebound:SplitLeeching","Slimebound:Replication"],"picked":"SKIP","floor":36.0},{"not_picked":["Slimebound:DuplicatedForm","Slimebound:Dissolve","Slimebound:ItLooksTasty"],"picked":"SKIP","floor":37.0},{"not_picked":["Slimebound:Recollect","Slimebound:FinishingTackle+1"],"picked":"Slimebound:RollThrough+1","floor":38.0},{"not_picked":["Slimebound:ViciousTackle","Slimebound:LeechingTouch"],"picked":"Slimebound:RejuvenatingLick","floor":39},{"not_picked":["Slimebound:LevelUp+1","Slimebound:PressTheAttack+1"],"picked":"Slimebound:RejuvenatingLick+1","floor":42},{"not_picked":["Slimebound:FirmFortitude","Slimebound:ViciousTackle+1"],"picked":"Slimebound:Gluttony+1","floor":43},{"not_picked":["Slimebound:SplitMire","Slimebound:SplitLeeching","Slimebound:GoopSpray"],"picked":"SKIP","floor":45},{"not_picked":["Slimebound:GoopSpray+1","Slimebound:RollThrough","Slimebound:FlameTackle"],"picked":"SKIP","floor":46},{"not_picked":["Slimebound:FinishingTackle+1","Slimebound:SlimeBrawl","Slimebound:LeechingTouch"],"picked":"SKIP","floor":47},{"not_picked":["Slimebound:MassFeed","Slimebound:GrowthPunch+1","Slimebound:ViciousTackle"],"picked":"SKIP","floor":48},{"not_picked":["Slimebound:FirmFortitude+1","Slimebound:SplitLeeching","Slimebound:SplitMire+1"],"picked":"SKIP","floor":49}],"player_experience":83467,"relics_obtained":[{"floor":4.0,"key":"InkBottle"},{"floor":6.0,"key":"Ornamental Fan"},{"floor":7.0,"key":"Anchor"},{"floor":14.0,"key":"Shovel"},{"floor":18.0,"key":"Happy Flower"},{"floor":24.0,"key":"Meat on the Bone"},{"floor":25.0,"key":"Pear"},{"floor":28.0,"key":"Art of War"},{"floor":30.0,"key":"Sundial"},{"floor":35.0,"key":"Gremlin Horn"},{"floor":40,"key":"Centennial Puzzle"},{"floor":41,"key":"Mercury Hourglass"},{"floor":43,"key":"Bag of Marbles"},{"floor":46,"key":"StoneCalendar"}],"event_choices":[],"is_beta":false,"boss_relics":[{"not_picked":["Fusion Hammer","SacredBark"],"picked":"Philosopher\u0027s Stone"},{"not_picked":["Coffee Dripper","Snecko Eye"],"picked":"Empty Cage"}],"items_purged_floors":[],"is_endless":false,"potions_floor_spawned":[2,3,6,22,25,26,33,36,39,42,46,49],"ascension_level":1}}