{"host":"cyiefo55v5hz1ih5","time":1609472720,"event":{"mods":["2.2 Compatiblity","AchievementEnabler","BaseMod","GifTheSpireLib","Hubris","Minty Spire (QoL Compilation)","Replay The Spire","Robot Space Explorer","Spicy Shops","StSLib","The Marked"],"gold_per_floor":[363,376,326,401,401,401,434,451,451,461,477,477,494,272,272,369,369,379,151,151,161,212,243,243,272,321,321,335,250,275,287,299,414,426,454,478,92,92,109,109,244,262,262,276,127,127,127,146,146,146,146,146,30,58,58],"floor_reached":56,"playtime":4039,"items_purged":["theMarked:Strike","Shame","ReplayTheSpireMod:Splinters","theMarked:Strike","theMarked:Defend"],"score":1238,"play_id":"ec79ccae-234a-4c7d-ade0-a2972046a42d","local_time":"20201231224520","is_ascension_mode":true,"campfire_choices":[{"floor":6.0,"key":"REST"},{"floor":15.0,"key":"REST"},{"floor":24.0,"key":"REST"},{"floor":27.0,"key":"REST"},{"floor":32.0,"key":"REST"},{"floor":40.0,"key":"RECALL"},{"data":"theMarked:SoldierOfQuellstein","floor":47.0,"key":"SMITH"},{"data":"theMarked:BindingBlade","floor":47.0,"key":"SMITH"},{"data":"theMarked:Defend","floor":49.0,"key":"PURGE"},{"data":"theMarked:SummonStrength","floor":52.0,"key":"SMITH"},{"data":"theMarked:Electrocute","floor":52.0,"key":"SMITH"}],"circlet_count":0,"master_deck":["theMarked:Defend","theMarked:Defend","theMarked:SoldierOfQuellstein+1","theMarked:SwordAndMagic","theMarked:ParalyzingBlade","theMarked:ReduceFriction+1","theMarked:EternalStudent","theMarked:WardOff","theMarked:BindingBlade+1","theMarked:Opportunist","theMarked:MuscleMemory","theMarked:Electrocute+1","theMarked:Parry+1","theMarked:WardOff+1","theMarked:SummonStrength+1","theMarked:BanishingWave+1","theMarked:ComboAttacks","theMarked:GodGivenPower+1","Pot Of Greed+1","Pot Of Greed+1","theMarked:EnhanceMovement+1"],"relics":["theMarked:ArtifactOfAir","Torii","Bird Faced Urn","theMarked:Winder","Philosopher\u0027s Stone","Membership Card","Toxic Egg 2","FossilizedHelix","Replay:Arrowhead","MawBank","Painkiller Herb","Medical Kit","Omamori","Letter Opener","hubris:Icosahedron","Replay:Baseball","Peace Pipe","ClockworkSouvenir","hubris:Towel","Vajra","Grinning Jar"],"acts_visited":["Exordium","TheCity","TheBeyond","TheEnding"],"potions_floor_usage":[55],"damage_taken":[{"damage":2.0,"enemies":"2 Louse","floor":1.0,"turns":3.0},{"damage":1.0,"enemies":"Cultist","floor":2.0,"turns":3.0},{"damage":24.0,"enemies":"Gremlin Nob","floor":7.0,"turns":4.0},{"damage":0.0,"enemies":"Small Slimes","floor":8.0,"turns":3.0},{"damage":13.0,"enemies":"2 Fungi Beasts","floor":10.0,"turns":3.0},{"damage":3.0,"enemies":"Blue Slaver","floor":11.0,"turns":4.0},{"damage":1.0,"enemies":"Looter","floor":13.0,"turns":3.0},{"damage":26.0,"enemies":"Fading Forest","floor":16.0,"turns":11.0},{"damage":18.0,"enemies":"Spheric Guardian","floor":18.0,"turns":4.0},{"damage":18.0,"enemies":"2 Thieves","floor":21.0,"turns":4.0},{"damage":27.0,"enemies":"Gremlin Leader","floor":23.0,"turns":4.0},{"damage":19.0,"enemies":"Replay:Snechameleon","floor":25.0,"turns":6.0},{"damage":17.0,"enemies":"Snake Plant","floor":28.0,"turns":4.0},{"damage":0.0,"enemies":"Centurion and Healer","floor":30.0,"turns":6.0},{"damage":31.0,"enemies":"Collector","floor":33.0,"turns":10.0},{"damage":0.0,"enemies":"Orb Walker","floor":35.0,"turns":3.0},{"damage":0.0,"enemies":"3 Shapes","floor":36.0,"turns":5.0},{"damage":0.0,"enemies":"Maw","floor":39.0,"turns":6.0},{"damage":15.0,"enemies":"Nemesis","floor":41.0,"turns":5.0},{"damage":0.0,"enemies":"Spire Growth","floor":42.0,"turns":3.0},{"damage":12.0,"enemies":"3 Darklings","floor":44.0,"turns":4.0},{"damage":0.0,"enemies":"Transient","floor":48.0,"turns":5.0},{"damage":33.0,"enemies":"hubris:GrandSnecko","floor":50.0,"turns":8.0},{"damage":38.0,"enemies":"Shield and Spear","floor":54.0,"turns":5.0},{"damage":71,"enemies":"The Heart","floor":55,"turns":6}],"seed_played":"8852668345746307002","potions_obtained":[{"floor":7.0,"key":"PowerPotion"},{"floor":10.0,"key":"Block Potion"},{"floor":21.0,"key":"FearPotion"},{"floor":22.0,"key":"Death Potion"},{"floor":22.0,"key":"LifebloodPotion"},{"floor":28.0,"key":"Reflective Coating"},{"floor":30.0,"key":"Adrenaline Potion"},{"floor":36.0,"key":"AttackPotion"},{"floor":39.0,"key":"Regen Potion"},{"floor":48.0,"key":"Elixir"}],"is_trial":false,"path_per_floor":["M","M","?","?","?","R","E","M","T","M","M","?","M","$","R","B",null,"M","$","?","M","?","E","R","E","T","R","M","?","M","?","R","B",null,"?","?","T","?","?","T","E","?","T","?","T","?","T","?","T","B",null,"T","T","E","B",null],"character_chosen":"THE_DEFAULT","items_purchased":["theMarked:Winder","Membership Card","Toxic Egg 2","Medical Kit","Omamori","theMarked:ComboAttacks","Letter Opener","ClockworkSouvenir","Vajra"],"campfire_rested":5,"item_purchase_floors":[14,19,19,37,37,37,37,45,53],"current_hp_per_floor":[47,46,46,35,35,56,32,32,32,21,18,18,17,17,38,24,70,52,52,52,36,36,11,32,15,15,36,19,19,21,21,42,13,70,70,70,70,70,70,70,57,63,63,59,59,59,59,65,65,37,70,70,70,41,7],"gold":58,"neow_bonus":"TWO_FIFTY_GOLD","is_daily":false,"chose_seed":false,"campfire_upgraded":4,"win_rate":0.0,"timestamp":1609472720,"path_taken":["M","M","?","?","?","R","E","M","T","M","?","?","M","$","R","BOSS","M","$","?","M","?","E","R","E","T","R","M","?","?","?","R","BOSS","?","?","T","?","?","T","E","?","T","?","T","?","T","?","T","BOSS","T","T","E","BOSS"],"items_purchased_type":["Relic","Relic","Relic","Relic","Relic","Card","Relic","Relic","Relic"],"build_version":"2020-12-22","purchased_purges":5,"victory":true,"max_hp_per_floor":[70,70,70,70,70,70,70,70,70,70,70,70,70,70,70,70,70,70,70,70,70,70,70,70,70,70,70,70,70,70,70,70,70,70,70,70,70,70,70,70,70,70,70,70,70,70,70,70,70,70,70,70,70,70,70],"card_choices":[{"not_picked":["theMarked:WastefulAttack","theMarked:Generate","theMarked:Aftermath"],"picked":"SKIP","floor":1.0},{"not_picked":["theMarked:Reabsorb","theMarked:HeightenedSenses"],"picked":"theMarked:SwordAndMagic","floor":2.0},{"not_picked":["theMarked:Static","theMarked:Standoff"],"picked":"theMarked:ParalyzingBlade","floor":7.0},{"not_picked":["theMarked:EmpowerWeapon","theMarked:BanishingStrike"],"picked":"theMarked:ReduceFriction","floor":8.0},{"not_picked":["theMarked:KeepCalmAndFightOn","theMarked:Improvise"],"picked":"theMarked:EternalStudent","floor":10.0},{"not_picked":["theMarked:LightningStrikesTwice","theMarked:EnhancedHearing"],"picked":"theMarked:WardOff","floor":11.0},{"not_picked":["theMarked:BanishingStrike","theMarked:Overthink","theMarked:Panic"],"picked":"SKIP","floor":13.0},{"not_picked":["theMarked:Vacuum","theMarked:Snap"],"picked":"theMarked:BindingBlade","floor":16.0},{"not_picked":["theMarked:ChainLightning","theMarked:SelfDefenseTraining"],"picked":"theMarked:Opportunist","floor":18.0},{"not_picked":["theMarked:ElementalBlade+1","theMarked:EmpowerWeapon+1","theMarked:Electrify+1"],"picked":"SKIP","floor":21.0},{"not_picked":["theMarked:MaelstromOfLightning+1","theMarked:Parkour"],"picked":"theMarked:MuscleMemory","floor":23.0},{"not_picked":["theMarked:BanishingStrike","theMarked:ReduceFriction+1"],"picked":"theMarked:Electrocute","floor":25.0},{"not_picked":["theMarked:Convert+1","theMarked:ShockingTouch+1"],"picked":"theMarked:Parry+1","floor":28.0},{"not_picked":["theMarked:Static+1","theMarked:TwofoldDefense+1"],"picked":"theMarked:WardOff+1","floor":30.0},{"not_picked":["theMarked:ThrowWeapon","theMarked:DispelDoubt"],"picked":"theMarked:SummonStrength","floor":33.0},{"not_picked":["theMarked:Seal+1","theMarked:CreepingChasm+1","theMarked:WastefulDefense+1"],"picked":"SKIP","floor":35.0},{"not_picked":["theMarked:ResourceFulStrike","theMarked:ShockingTouch+1"],"picked":"theMarked:BanishingWave+1","floor":36.0},{"not_picked":["theMarked:SelfDefenseTraining+1","theMarked:BanishingStrike+1","theMarked:WastefulDefense+1"],"picked":"SKIP","floor":39.0},{"not_picked":["theMarked:Frustration+1","theMarked:SelfDefenseTraining","theMarked:Aftermath+1"],"picked":"SKIP","floor":41.0},{"not_picked":["theMarked:Opportunist","theMarked:TwofoldDefense+1"],"picked":"theMarked:GodGivenPower+1","floor":42.0},{"not_picked":["theMarked:Reabsorb+1","theMarked:RogueSparks","theMarked:SelfDefenseTraining+1"],"picked":"SKIP","floor":44.0},{"not_picked":["theMarked:Static+1","theMarked:AttractMetal+1","theMarked:ChainLightning+1"],"picked":"SKIP","floor":48.0},{"not_picked":["theMarked:Opportunist","theMarked:Aftermath+1"],"picked":"theMarked:EnhanceMovement+1","floor":54.0}],"player_experience":643620,"relics_obtained":[{"floor":7.0,"key":"Torii"},{"floor":9.0,"key":"Bird Faced Urn"},{"floor":23.0,"key":"FossilizedHelix"},{"floor":25.0,"key":"Replay:Arrowhead"},{"floor":41.0,"key":"Replay:Baseball"},{"floor":43.0,"key":"Peace Pipe"},{"floor":54.0,"key":"Grinning Jar"}],"event_choices":[{"cards_removed":["theMarked:Strike"],"damage_healed":0.0,"max_hp_gain":0.0,"max_hp_loss":0.0,"gold_gain":0.0,"event_name":"The Cleric","player_choice":"Card Removal","floor":3.0,"gold_loss":50.0,"damage_taken":0.0},{"damage_healed":0.0,"max_hp_gain":0.0,"max_hp_loss":0.0,"gold_gain":75.0,"event_name":"World of Goop","player_choice":"Gather Gold","floor":4.0,"gold_loss":0.0,"damage_taken":11.0},{"cards_removed":["theMarked:Strike"],"damage_healed":0.0,"max_hp_gain":0.0,"max_hp_loss":0.0,"gold_gain":0.0,"event_name":"Purifier","player_choice":"Purged","floor":5.0,"gold_loss":0.0,"damage_taken":0.0},{"damage_healed":0.0,"max_hp_gain":0.0,"max_hp_loss":0.0,"gold_gain":0.0,"event_name":"Addict","player_choice":"Obtained Relic","floor":29.0,"gold_loss":85.0,"damage_taken":0.0,"relics_obtained":["MawBank"]},{"cards_removed":["theMarked:Strike"],"damage_healed":0.0,"max_hp_gain":0.0,"max_hp_loss":0.0,"gold_gain":0.0,"event_name":"Bonfire Elementals","player_choice":"Offered Basic","floor":31.0,"gold_loss":0.0,"damage_taken":0.0}],"is_beta":false,"boss_relics":[{"not_picked":["Snecko Eye","Pandora\u0027s Box"],"picked":"Philosopher\u0027s Stone"},{"not_picked":["hubris:CrackedHourglass","ReplayTheSpireMod:DimensionalGlitch"],"picked":"Painkiller Herb"}],"items_purged_floors":[14,19,37,45,53],"is_endless":false,"potions_floor_spawned":[7,10,21,28,30,36,39,48],"ascension_level":1}}