{"host":"nnqdcpockwq7zc6f","time":1609471721,"event":{"mods":["BaseMod","Better Note","Downfall","Hubris","Minty Spire (QoL Compilation)","Replay The Spire","StSLib","The Servant 0.9.4"],"gold_per_floor":[111,123,123,123,16,16,16,27,102,102,137,23,33,49,49,49,49],"floor_reached":16,"playtime":534,"items_purged":[],"score":100,"play_id":"d09df13b-ab56-49f2-bd92-b75338083617","local_time":"20201231202841","is_ascension_mode":false,"campfire_choices":[{"data":"FanOfKnives","floor":6,"key":"SMITH"},{"data":"InstantArmor","floor":10,"key":"SMITH"},{"floor":15,"key":"REST"}],"circlet_count":0,"master_deck":["Strike_S","Strike_S","Strike_S","Strike_S","Defend_S","Defend_S","Defend_S","Defend_S","KidneyShot+1","Exchange","Ricochet","FanOfKnives+1","InstantArmor+1","Moonlight","Snipe"],"relics":["Uniform","Ring of Hypnosis","Ring of Misfortune","The Courier","Bag of Preparation","Vajra"],"acts_visited":["Exordium"],"potions_floor_usage":[11,16],"damage_taken":[{"damage":0,"enemies":"Cultist","floor":1,"turns":3},{"damage":0,"enemies":"2 Louse","floor":2,"turns":1},{"damage":2,"enemies":"Jaw Worm","floor":8,"turns":3},{"damage":13,"enemies":"3 Sentries","floor":11,"turns":6},{"damage":3,"enemies":"Large Slime","floor":13,"turns":5},{"damage":6,"enemies":"2 Fungi Beasts","floor":14,"turns":3},{"damage":53,"enemies":"The Guardian","floor":16,"turns":14}],"seed_played":"5326499314247172047","potions_obtained":[{"floor":2,"key":"Explosive Potion"},{"floor":13,"key":"EssenceOfSteel"}],"is_trial":false,"path_per_floor":["M","M","?","?","$","R","?","M","T","R","E","$","M","M","R","B"],"character_chosen":"THE_SERVANT","items_purchased":["FanOfKnives","InstantArmor","Vajra"],"campfire_rested":1,"item_purchase_floors":[5,5,12],"current_hp_per_floor":[65,65,65,58,58,58,58,56,56,56,43,43,40,34,53,0,0],"gold":49,"neow_bonus":"UPGRADE_CARD","is_daily":false,"chose_seed":false,"campfire_upgraded":2,"win_rate":0.0,"timestamp":1609471721,"path_taken":["M","M","?","?","?","R","?","?","T","R","E","?","M","M","R","BOSS"],"items_purchased_type":["Card","Card","Relic"],"build_version":"2020-12-22","purchased_purges":0,"victory":false,"max_hp_per_floor":[65,65,65,65,65,65,65,65,65,65,65,65,65,65,65,65,65],"card_choices":[{"not_picked":["InstantArmor","Barrier"],"picked":"Ricochet","floor":1},{"not_picked":["Desolation","Potential","Defy"],"picked":"SKIP","floor":2},{"not_picked":["Gouge","Hightail","Duplication"],"picked":"SKIP","floor":8},{"not_picked":["Sabotage","Starlight"],"picked":"Moonlight","floor":11},{"not_picked":["Alleviate","Moonlight"],"picked":"Snipe","floor":13},{"not_picked":["RealityMarble","DualDimension","WasteNot"],"picked":"SKIP","floor":14}],"player_experience":366878,"relics_obtained":[{"floor":3,"key":"Ring of Hypnosis"},{"floor":3,"key":"Ring of Misfortune"},{"floor":9,"key":"The Courier"},{"floor":11,"key":"Bag of Preparation"}],"event_choices":[{"cards_removed":["Overencumbered"],"damage_healed":0,"gold_gain":0,"player_choice":"Card Removal","damage_taken":7,"max_hp_gain":0,"max_hp_loss":0,"event_name":"Golden Wing","floor":4,"gold_loss":0},{"damage_healed":0,"gold_gain":0,"player_choice":"Ignored","damage_taken":0,"max_hp_gain":0,"max_hp_loss":0,"event_name":"Golden Idol","floor":7,"gold_loss":0}],"is_beta":false,"boss_relics":[],"items_purged_floors":[],"is_endless":false,"potions_floor_spawned":[2,13],"killed_by":"The Guardian","ascension_level":0}}