{"host":"4q8tqz186r0pap1a","time":1609516368,"event":{"mods":["ATMod(阿瑾Mod)","Act Like it!","Arknights The Spire","Ascension Reborn","BaseMod","Colored Powertips","Dota2Spire","Downfall","GungeonMod","Hallownest","Highlight Path","Hunter 猎人","Minty Spire (QoL Compilation)","Nova Terra(诺娃・泰拉)","Pale of the Ancients","Quick Restart","Relic Stats","Replay The Spire","Say the Spire","Shop Mod","Spicy Shops","StSLib","The Construct","TheWitcher","[IsaacMod]以撒尖塔","【功能Mod】混沌之环修复补丁","【功能Mod】聪明的最终Boss","【遗物卡牌】REMEMod","残留之物"],"gold_per_floor":[99,99,99,8893,8909,8909,8909,8996,9032,9049,9049,9049,7705,7718,7733,7833,7833,7833,7844,6361,6371,6371,6397,6397,6397],"floor_reached":24,"playtime":3498,"items_purged":["DemoMod:Defend_Huntress","DemoMod:Strike_Huntress","DemoMod:Strike_Huntress"],"score":387,"play_id":"2c90d576-ffa9-4b81-a82b-d99de19aff4f","local_time":"20210101235248","is_ascension_mode":true,"campfire_choices":[{"floor":1.0,"key":"RECALL"},{"data":"AT_OneInchPunch","floor":6.0,"key":"SMITH"},{"data":"DemoMod:FullFirepower","floor":18.0,"key":"SMITH"}],"circlet_count":0,"master_deck":["DemoMod:Defend_Huntress","DemoMod:Defend_Huntress","DemoMod:Defend_Huntress","DemoMod:Roll","DemoMod:ManualReload","DemoMod:RustySidearm","DemoMod:CrossBow","AT_OneInchPunch+1","Guardian:SphericShield","DemoMod:TripleGun","DemoMod:HuntsMan","DemoMod:SniperShot","DemoMod:SniperShot","DemoMod:GunShield","DemoMod:TableSutra+1","DemoMod:TeaPot","DemoMod:CombinedRifle","DemoMod:GunShield","DemoMod:SpreadAmmo","DemoMod:PotionOfGunFriendShip+1","DemoMod:HungryBullets","DemoMod:HardPowerCard","DemoMod:HardPowerCard","REME_BuildACard","DemoMod:BattleInHaste","DemoMod:Camera","DemoMod:FullFirepower+1","DemoMod:TableSutra","DemoMod:Unity","ReplayTheSpireMod:Brewmster+1","DemoMod:FortunesFavor","DemoMod:HungryBullets","DemoMod:Elimentaler+1","DemoMod:PracticeMakesPerfect+1","DemoMod:MachoBrace","DemoMod:GunstockTap+1","DemoMod:MegaHand"],"relics":["DemoMod:Dog","AT_ATBox","HushsDoor","REME_ComplimentaryCards","BookofShadows","downfall:HeartsMalice","DemoMod:GlassGuonStoneRelic","DemoMod:RatBoots","AnarchistCookbook","Ginger","Happy Flower","MerchantsRug","AT_SilvercatRing","Mummified Hand","Dota2Spire:BladeMail","Meat on the Bone","Medical Kit","Lee\u0027s Waffle","DemoMod:Wolf","AT_ForceNature","DemoMod:OrangeGuonStone","TheBattery","REME_HandOfSuture","DemoMod:Plus1Bullets","Strange Spoon","Snack Pack"],"acts_visited":["Exordium","Hallownest:CityofTears","DemoMod:Maze"],"potions_floor_usage":[23,23],"damage_taken":[{"damage":0.0,"enemies":"2 Louse","floor":2.0,"turns":1.0},{"damage":0.0,"enemies":"Cultist","floor":3.0,"turns":1.0},{"damage":0.0,"enemies":"downfall:FleeingMerchant","floor":4.0,"turns":1.0},{"damage":0.0,"enemies":"Jaw Worm","floor":5.0,"turns":2.0},{"damage":0.0,"enemies":"3 Sentries","floor":9.0,"turns":6.0},{"damage":0.0,"enemies":"Blue Slaver","floor":10.0,"turns":1.0},{"damage":0.0,"enemies":"downfall:FleeingMerchant","floor":13.0,"turns":4.0},{"damage":0.0,"enemies":"Large Slime","floor":14.0,"turns":7.0},{"damage":0.0,"enemies":"2 Fungi Beasts","floor":15.0,"turns":3.0},{"damage":0.0,"enemies":"downfall:Silent","floor":16.0,"turns":9.0},{"damage":0.0,"enemies":"Hallownest:3_Youths","floor":19.0,"turns":5.0},{"damage":0.0,"enemies":"downfall:FleeingMerchant","floor":20.0,"turns":4.0},{"damage":0.0,"enemies":"Hallownest:Flukemon_and_Top","floor":21.0,"turns":2.0},{"damage":0,"enemies":"Hallownest:eliteWatcherKnight","floor":23,"turns":10}],"seed_played":"-5706573573898816911","potions_obtained":[{"floor":5.0,"key":"Fire Potion"},{"floor":15.0,"key":"Dexterity Potion"},{"floor":16.0,"key":"SkillPotion"},{"floor":19.0,"key":"Energy Potion"}],"is_trial":false,"path_per_floor":["R","M","M","$","M","R","T","?","E","M","?","?","$","M","M","B",null,"R","M","$","M","?","E","T"],"character_chosen":"HUNTRESS","items_purchased":["DemoMod:SniperShot","DemoMod:GunShield","DemoMod:RatBoots","AnarchistCookbook","DemoMod:GnawedKey","Ginger","Happy Flower","MerchantsRug","DemoMod:TableSutra","Mummified Hand","Dota2Spire:BladeMail","Meat on the Bone","Medical Kit","Lee\u0027s Waffle","DemoMod:HungryBullets","DemoMod:HardPowerCard","REME_BuildACard","DemoMod:TableSutra","DemoMod:Unity","ReplayTheSpireMod:Brewmster","AT_ForceNature","DemoMod:OrangeGuonStone","TheBattery","REME_HandOfSuture","DemoMod:Plus1Bullets","Strange Spoon","DemoMod:Elimentaler"],"campfire_rested":0,"item_purchase_floors":[4,4,4,4,4,4,4,4,4,13,13,13,13,13,13,13,13,17,17,17,20,20,20,20,20,20,20],"current_hp_per_floor":[70,70,70,70,70,70,70,55,55,55,55,50,77,77,77,77,66,66,66,66,66,66,66,66,66],"gold":6397,"neow_bonus":"THREE_ENEMY_KILL","is_daily":false,"chose_seed":false,"campfire_upgraded":2,"win_rate":0.0,"timestamp":1609516368,"path_taken":["R","M","M","$","M","R","T","?","E","M","?","?","$","M","M","BOSS","R","M","$","M","?","E","T"],"items_purchased_type":["Card","Card","Relic","Relic","Relic","Relic","Relic","Relic","Card","Relic","Relic","Relic","Relic","Relic","Card","Card","Card","Card","Card","Card","Relic","Relic","Relic","Relic","Relic","Relic","Card"],"build_version":"2020-12-22","purchased_purges":3,"victory":false,"max_hp_per_floor":[70,70,70,70,70,70,70,70,70,70,70,70,77,77,77,77,66,66,66,66,66,66,66,66,66],"relic_stats":{"Strange Spoon":[6],"Lee\u0027s Waffle":27,"Happy Flower":[17],"counters":[14,53],"Mummified Hand":[17],"Ginger":[10],"Medical Kit":[0],"obtain_stats":[{"AnarchistCookbook":4,"AT_ATBox":0,"DemoMod:Plus1Bullets":20,"DemoMod:GlassGuonStoneRelic":2,"Ginger":4,"TheBattery":20,"Mummified Hand":13,"Dota2Spire:BladeMail":13,"DemoMod:GnawedKey":4,"KeepersGift":0,"AT_ForceNature":20,"MerchantsRug":4,"BookofShadows":0,"Lee\u0027s Waffle":13,"DemoMod:Dog":0,"Happy Flower":4,"DemoMod:Wolf":17,"DemoMod:OrangeGuonStone":20,"downfall:HeartsMalice":0,"DemoMod:RatBoots":4,"AT_SilvercatRing":9,"Medical Kit":13,"Strange Spoon":20,"REME_HandOfSuture":20,"Snack Pack":23,"HushsDoor":0,"REME_ComplimentaryCards":0,"Meat on the Bone":13},{"AnarchistCookbook":3,"AT_ATBox":0,"DemoMod:Plus1Bullets":12,"DemoMod:GlassGuonStoneRelic":1,"Ginger":3,"TheBattery":12,"Mummified Hand":7,"Dota2Spire:BladeMail":7,"DemoMod:GnawedKey":3,"KeepersGift":0,"AT_ForceNature":12,"MerchantsRug":3,"BookofShadows":0,"Lee\u0027s Waffle":7,"DemoMod:Dog":0,"Happy Flower":3,"DemoMod:Wolf":10,"DemoMod:OrangeGuonStone":12,"downfall:HeartsMalice":0,"DemoMod:RatBoots":3,"AT_SilvercatRing":5,"Medical Kit":7,"Strange Spoon":12,"REME_HandOfSuture":12,"Snack Pack":14,"HushsDoor":0,"REME_ComplimentaryCards":0,"Meat on the Bone":7},{"AnarchistCookbook":0,"AT_ATBox":0,"DemoMod:Plus1Bullets":41,"DemoMod:GlassGuonStoneRelic":0,"Ginger":0,"TheBattery":41,"Mummified Hand":13,"Dota2Spire:BladeMail":13,"DemoMod:GnawedKey":0,"KeepersGift":0,"AT_ForceNature":41,"MerchantsRug":0,"BookofShadows":0,"Lee\u0027s Waffle":13,"DemoMod:Dog":0,"Happy Flower":0,"DemoMod:Wolf":32,"DemoMod:OrangeGuonStone":41,"downfall:HeartsMalice":0,"DemoMod:RatBoots":0,"AT_SilvercatRing":8,"Medical Kit":13,"Strange Spoon":41,"REME_HandOfSuture":41,"Snack Pack":53,"HushsDoor":0,"REME_ComplimentaryCards":0,"Meat on the Bone":13}],"Meat on the Bone":0},"card_choices":[{"not_picked":["DemoMod:FastSwitch","DemoMod:MachoBrace"],"picked":"DemoMod:TripleGun","floor":2.0},{"not_picked":["DemoMod:Unity","DemoMod:BoxingGlove"],"picked":"DemoMod:HuntsMan","floor":3.0},{"not_picked":["DemoMod:PracticeMakesPerfect","DemoMod:TeaPot"],"picked":"DemoMod:SniperShot","floor":4.0},{"not_picked":["DemoMod:FastSwitch","DemoMod:MachoBrace"],"picked":"DemoMod:TeaPot","floor":5.0},{"not_picked":["DemoMod:ChanceBullets","DemoMod:ConditionalReflex"],"picked":"DemoMod:CombinedRifle","floor":9.0},{"not_picked":["DemoMod:BoxingGlove","DemoMod:AWP"],"picked":"DemoMod:GunShield","floor":10.0},{"not_picked":["DemoMod:ProbeStrike","DemoMod:HuntsMan"],"picked":"DemoMod:PotionOfGunFriendShip","floor":13.0},{"not_picked":["Bomb","DemoMod:TripleGun"],"picked":"DemoMod:BattleInHaste","floor":14.0},{"not_picked":["DemoMod:HuntsMan","DemoMod:ProbeStrike"],"picked":"DemoMod:Camera","floor":15.0},{"not_picked":["DemoMod:BlackHoleGun","DemoMod:ThirdPartyController"],"picked":"DemoMod:FullFirepower","floor":16.0},{"not_picked":["DemoMod:HighKaliber","DemoMod:Purify"],"picked":"DemoMod:FortunesFavor","floor":19.0},{"not_picked":["DemoMod:AC15","DemoMod:GunShield"],"picked":"DemoMod:HungryBullets","floor":20.0},{"not_picked":["DemoMod:TripleGun","DemoMod:JK47"],"picked":"DemoMod:PracticeMakesPerfect+1","floor":21.0},{"not_picked":["DemoMod:SAA","DemoMod:ConditionalReflex"],"picked":"DemoMod:MachoBrace","floor":22.0},{"not_picked":["DemoMod:BoxingGlove+1","DemoMod:HuntsMan+1"],"picked":"DemoMod:GunstockTap+1","floor":22.0},{"not_picked":["DemoMod:TeaPot","DemoMod:CombinedRifle+1"],"picked":"DemoMod:MegaHand","floor":23}],"player_experience":55300,"relics_obtained":[{"floor":9.0,"key":"AT_SilvercatRing"},{"floor":23,"key":"Snack Pack"}],"event_choices":[{"cards_removed":["DemoMod:Strike_Huntress"],"damage_healed":0.0,"max_hp_gain":0.0,"max_hp_loss":0.0,"gold_gain":0.0,"event_name":"The Cleric","player_choice":"Card Removal","floor":11.0,"gold_loss":0.0,"damage_taken":0.0}],"is_beta":false,"boss_relics":[{"not_picked":["Fusion Hammer","Cursed Key"],"picked":"DemoMod:Wolf"},{"not_picked":[]}],"items_purged_floors":[13,20,20],"is_endless":false,"potions_floor_spawned":[5,14,15,16,19],"ascension_level":0}}