{"host":"9tch52zpouts7b2p","time":1609479086,"event":{"mods":["BaseMod","Colored Map","Minty Spire (QoL Compilation)","StSLib","UnlockEverythingMod"],"gold_per_floor":[109,122,122,122,32,61,61,76,99,99,99,119,44,57,57,157,157,168,6,6,6,19,48,48,48],"floor_reached":24,"playtime":1353,"items_purged":[],"score":235,"play_id":"b2f587e8-6f2e-4a6c-b6d2-b5fecd3e9560","local_time":"20210101133126","is_ascension_mode":true,"campfire_choices":[{"floor":7,"key":"REST"},{"floor":10,"key":"REST"},{"data":"Double Energy","floor":15,"key":"SMITH"}],"circlet_count":0,"master_deck":["Strike_B+1","Strike_B","Strike_B+1","Strike_B","Defend_B","Defend_B","Defend_B","Defend_B","Zap","Dualcast","Double Energy+1","Genetic Algorithm+1","Defragment","Stack","Tempest","Turbo+1","Coolheaded","Streamline","All For One","Melter","Core Surge","Rebound+1","Cold Snap+1"],"relics":["Cracked Core","Shovel","HornCleat","Whetstone","Centennial Puzzle","Snecko Eye","Nloth\u0027s Gift","War Paint"],"acts_visited":["Exordium","TheCity"],"potions_floor_usage":[14,16,16,24],"damage_taken":[{"damage":15,"enemies":"2 Louse","floor":1,"turns":3},{"damage":4,"enemies":"Jaw Worm","floor":2,"turns":3},{"damage":16,"enemies":"3 Sentries","floor":6,"turns":7},{"damage":0,"enemies":"Small Slimes","floor":8,"turns":3},{"damage":15,"enemies":"Exordium Thugs","floor":12,"turns":4},{"damage":0,"enemies":"Exordium Wildlife","floor":14,"turns":3},{"damage":16,"enemies":"Slime Boss","floor":16,"turns":12},{"damage":6,"enemies":"Chosen","floor":18,"turns":4},{"damage":0,"enemies":"Spheric Guardian","floor":22,"turns":3},{"damage":63,"enemies":"Book of Stabbing","floor":23,"turns":6},{"damage":9,"enemies":"Centurion and Healer","floor":24,"turns":4}],"seed_played":"5810129781268015375","potions_obtained":[{"floor":1,"key":"Fire Potion"},{"floor":12,"key":"Strength Potion"},{"floor":23,"key":"PowerPotion"}],"is_trial":false,"path_per_floor":["M","M","?","T","$","E","R","M","T","R","?","M","$","M","R","B",null,"M","$","?","?","M","E","M"],"character_chosen":"DEFECT","items_purchased":["Defragment","Stack","Coolheaded","PowerPotion","Core Surge"],"campfire_rested":2,"item_purchase_floors":[5,5,13,13,19],"current_hp_per_floor":[53,49,42,42,42,26,46,46,46,66,71,56,56,56,56,40,73,67,67,67,67,67,4,0,0],"gold":48,"neow_bonus":"ONE_RARE_RELIC","is_daily":false,"chose_seed":false,"campfire_upgraded":1,"win_rate":0.0,"timestamp":1609479086,"path_taken":["M","M","?","?","$","E","R","M","T","R","?","M","$","M","R","BOSS","M","$","?","?","?","E","M"],"items_purchased_type":["Card","Card","Card","Potion","Card"],"build_version":"2020-12-22","purchased_purges":0,"victory":false,"max_hp_per_floor":[68,68,68,68,68,68,68,68,68,68,73,73,73,73,73,73,73,73,73,73,73,73,73,73,73],"card_choices":[{"not_picked":["Sunder","Chill"],"picked":"Double Energy","floor":1},{"not_picked":["Loop","Steam"],"picked":"Genetic Algorithm","floor":2},{"not_picked":["BootSequence","Ball Lightning"],"picked":"Tempest","floor":6},{"not_picked":["Redo","Go for the Eyes","Leap"],"picked":"SKIP","floor":8},{"not_picked":["Lockon","Reprogram"],"picked":"Turbo","floor":12},{"not_picked":["Redo","Thunder Strike"],"picked":"Streamline","floor":14},{"not_picked":["Multi-Cast","Creative AI"],"picked":"All For One","floor":16},{"not_picked":["Turbo+1","Gash"],"picked":"Melter","floor":18},{"not_picked":["Sweeping Beam","Steam"],"picked":"Rebound+1","floor":22},{"not_picked":["Doom and Gloom","Heatsinks"],"picked":"Cold Snap+1","floor":23}],"player_experience":97207,"relics_obtained":[{"floor":4,"key":"HornCleat"},{"floor":6,"key":"Whetstone"},{"floor":9,"key":"Centennial Puzzle"},{"floor":23,"key":"War Paint"}],"event_choices":[{"damage_healed":0,"gold_gain":0,"player_choice":"Success","damage_taken":7,"relics_obtained":["Oddly Smooth Stone"],"max_hp_gain":0,"max_hp_loss":0,"event_name":"Scrap Ooze","floor":3,"gold_loss":0},{"damage_healed":0,"gold_gain":0,"player_choice":"Donut","damage_taken":0,"max_hp_gain":5,"max_hp_loss":0,"event_name":"Big Fish","floor":11,"gold_loss":0},{"damage_healed":0,"gold_gain":0,"player_choice":"Ignored","damage_taken":0,"max_hp_gain":0,"max_hp_loss":0,"event_name":"Ghosts","floor":20,"gold_loss":0},{"damage_healed":0,"gold_gain":0,"player_choice":"Traded Relic","damage_taken":0,"relics_obtained":["Nloth\u0027s Gift"],"max_hp_gain":0,"max_hp_loss":0,"event_name":"N\u0027loth","floor":21,"relics_lost":["Oddly Smooth Stone"],"gold_loss":0}],"is_beta":false,"boss_relics":[{"not_picked":["Runic Pyramid","Velvet Choker"],"picked":"Snecko Eye"}],"items_purged_floors":[],"is_endless":false,"potions_floor_spawned":[1,12,23],"killed_by":"Centurion and Healer","ascension_level":2}}