{"host":"u3jctbsl7uavviuy","time":1609496524,"event":{"mods":["BaseMod","BetterRewards","GungeonMod","HololiveMod","Luminous","Marisa（F雨　魔理沙）","Minty Spire (QoL Compilation)","Relic Stats","Replay The Spire","Shop Mod","Spicy Shops","StSLib","TestMod","The Animator","The Cursed","The Gatherer","The Servant 0.9.4","WarShipGirlsR/战舰少女R mod","vexMod","篝火指南"],"gold_per_floor":[109,109,121,81,99,99,138,138,138,170,187,187,224,87,87,184,184,200,143,103,125,125,125,125,134,134],"floor_reached":25,"playtime":1182,"items_purged":[],"score":631,"play_id":"c410e1e4-bf6b-4e05-8860-626d41157870","local_time":"20210101192204","is_ascension_mode":true,"campfire_choices":[{"data":"Entrench","floor":6.0,"key":"SMITH"},{"data":"Entrench","floor":8.0,"key":"SMITH"},{"floor":15,"key":"REST"}],"circlet_count":0,"master_deck":["AscendersBane","Strike_R","Strike_R+1","Strike_R","Strike_R","Strike_R","Defend_R","Defend_R","Defend_R","Defend_R+1","Seeing Red","Entrench+1","Entrench+1","Metallicize","Flame Barrier","Bloodletting","Metallicize","Impervious","Cleave","True Grit","Survivor","Neutralize","Warcry","Headbutt","Offering","CurseOfTheBell","Thunderclap","Dark Embrace","Dark Embrace","Offering","Infernal Blade"],"relics":["Burning Blood","testmod-TestBox","testmod-CrystalShield","Lee\u0027s Waffle","ClockworkSouvenir","testmod-Acrobat","ReplayTheSpireMod:Shallot","Bag of Marbles","Strawberry","testmod-Antiphasic","Simple Rune","DemoMod:GlassGuonStoneRelic","Calling Bell","ReplayTheSpireMod:TigerMarble","vexMod:ScavengeHelm","vexMod:CardConverter"],"acts_visited":["Exordium","TheCity"],"potions_floor_usage":[13,13,25],"damage_taken":[{"damage":12.0,"enemies":"Jaw Worm","floor":1.0,"turns":6.0},{"damage":5.0,"enemies":"2 Louse","floor":3.0,"turns":4.0},{"damage":3.0,"enemies":"Small Slimes","floor":5.0,"turns":6.0},{"damage":14.0,"enemies":"3 Sentries","floor":7.0,"turns":24.0},{"damage":57.0,"enemies":"Gremlin Nob","floor":10.0,"turns":9.0},{"damage":8,"enemies":"Looter","floor":11,"turns":4},{"damage":11,"enemies":"3 Sentries","floor":13,"turns":11},{"damage":6,"enemies":"The Guardian","floor":16,"turns":26},{"damage":0,"enemies":"3 Byrds","floor":18,"turns":9},{"damage":9,"enemies":"2 Thieves","floor":20,"turns":5},{"damage":12,"enemies":"Snake Plant","floor":21,"turns":7},{"damage":6,"enemies":"Sentry and Sphere","floor":25,"turns":8}],"seed_played":"861541266367195236","potions_obtained":[{"floor":3.0,"key":"Energy Potion"},{"floor":10.0,"key":"Explosive Potion"},{"floor":11,"key":"Swift Potion"},{"floor":20,"key":"Energy Potion"},{"floor":21,"key":"Adrenaline Potion"}],"is_trial":false,"path_per_floor":["M","?","M","$","M","R","E","R","T","E","M","?","E","$","R","B",null,"M","$","M","M","$","R","?","M"],"character_chosen":"IRONCLAD","items_purchased":["Lee\u0027s Waffle","ClockworkSouvenir","Seeing Red","Entrench","Dexterity Potion","Bloodletting","Headbutt","Simple Rune","Dark Embrace"],"campfire_rested":1,"item_purchase_floors":[0,0,0,0,0,4,14,14,19],"current_hp_per_floor":[76,71,72,72,75,75,67,67,67,23,21,21,16,16,42,42,77,85,89,88,84,84,84,84,78,78],"gold":134,"neow_bonus":"","is_daily":false,"chose_seed":false,"campfire_upgraded":2,"win_rate":0.0,"timestamp":1609496524,"path_taken":["M","?","M","$","M","R","E","R","T","E","M","?","E","$","R","BOSS","M","$","M","M","$","R","?","M"],"items_purchased_type":["Relic","Relic","Card","Card","Potion","Card","Card","Relic","Card"],"build_version":"2020-12-22","purchased_purges":0,"victory":false,"max_hp_per_floor":[82,82,82,82,82,82,82,82,82,89,89,89,89,89,89,89,89,91,95,97,99,99,99,99,99,99],"relic_stats":{"Lee\u0027s Waffle":35,"counters":[162,724],"obtain_stats":[{"Replay:Accelerometer":9,"testmod-HeartOfStrike":43,"vexMod:MemoryStick":12,"DemoMod:AgedBell":10,"Whetstone":49,"Sling":0,"vexMod:InvisibilityCloak":9,"testmod-Prudence":17,"vexMod:CardConverter":17,"Sundial":28,"vexMod:EndlessSickness":34,"DemoMod:LamentConfigurum":0,"Fusion Hammer":34,"MerchantsRug":0,"testmod-TestBox":0,"Pear":45,"Blue Candle":0,"Eternal Feather":0,"Pen Nib":25,"Replay:Ancient Bell":17,"vexMod:GhostlyGear":0,"DemoMod:MeatBun":53,"Ooze Armor":17,"MutagenicStrength":22,"DemoMod:SerJunkan":26,"Lantern":29,"Regal Pillow":7,"Singing Bowl":0,"Magic Flower":0,"testmod-EqualTreatment":27,"Blue Doll":31,"King of Hearts":0,"Bag of Preparation":0,"Burning Blood":0,"testmod-CasingShield":32,"Pet Ghost":40,"Replay:Rubber Ducky":19,"Toolbox":37,"testmod-DeterminationOfClimber":34,"Chemical X":0,"Replay:Bottled Eggs":21,"Lee\u0027s Waffle":31,"Golden Idol":5,"DemoMod:Antibody":17,"DemoMod:PinkGuonStone":49,"Omamori":0,"Frozen Egg 2":0,"testmod-ConstraintPeriapt":6,"MawBank":40,"testmod-Hope":43,"Orrery":20,"Garlic":30,"Art of War":19,"Bottled Lightning":8,"ReplayTheSpireMod:Lightbulb":11,"Toy Ornithopter":27,"DemoMod:GreenGuonStone":28,"Ice Cream":38,"Divine Protection":23,"Tiny House":34,"Calipers":13,"Vajra":23,"testmod-BatchProcessingSystem":8,"testmod-IWantAll":0,"DemoMod:GlassGuonStoneRelic":8,"Centennial Puzzle":44,"DollysMirror":0,"Strawberry":10,"Honey Jar":17,"Prayer Wheel":10,"Iron Hammer":14,"DemoMod:ClearGuonStone":17,"testmod-ChristmasGift":0,"Happy Flower":40,"vexMod:ScavengeHelm":17,"Oddly Smooth Stone":53,"Charon\u0027s Ashes":26,"War Paint":26,"testmod-RealStoneCalender":47,"Replay:Baseball":32,"ReplayTheSpireMod:Spearhead":43,"ReplayTheSpireMod:Shallot":8,"Shuriken":0,"testmod-Acrobat":8,"Onion Ring":6,"Molten Egg 2":0,"Simple Rune":14,"ReplayTheSpireMod:TigerMarble":17,"Grinning Jar":53,"Mirror":9,"Meat on the Bone":0,"Incense Burner":25,"testmod-Nyarlathotep":47,"Replay:Mystery Machine":6,"DemoMod:WhiteGuonStone":27,"Empty Cage":31,"testmod-BouquetWithThorns":46,"testmod-Charity":39,"ClockworkSouvenir":39,"Replay:Bandana":11,"testmod-CrystalShield":3,"testmod-Alchemist":14,"testmod-Motorcycle":0,"Gambling Chip":46,"Tiny Chest":0,"testmod-ArcanaOfDestiny":30,"DemoMod:Junk":31,"ReplayTheSpireMod:Ninjato":42,"Quantum Egg":42,"Replay:WaspNest":24,"vexMod:FocusSash":42,"testmod-Justice":0,"testmod-IndustrialRevolution":0,"Medical Kit":0,"White Beast Statue":49,"vexMod:Dragonfruit":25,"Calling Bell":17,"testmod-Antiphasic":13,"Anchor":0,"Pondfish Scales":10,"vexMod:BarristanHead":6,"testmod-AssaultLearning":47,"vexMod:HeadHunter":40,"Another Sword":0,"Bag of Marbles":12,"Snack Pack":23,"Membership Card":32,"DemoMod:RingOfEthereal":10},{"Replay:Accelerometer":91,"testmod-HeartOfStrike":134,"vexMod:MemoryStick":6,"DemoMod:AgedBell":119,"Whetstone":23,"Sling":56,"vexMod:InvisibilityCloak":144,"testmod-Prudence":65,"vexMod:CardConverter":158,"Sundial":72,"vexMod:EndlessSickness":43,"DemoMod:LamentConfigurum":56,"Fusion Hammer":75,"MerchantsRug":113,"testmod-TestBox":0,"Pear":50,"Blue Candle":86,"Eternal Feather":56,"Pen Nib":13,"Replay:Ancient Bell":122,"vexMod:GhostlyGear":56,"DemoMod:MeatBun":54,"Ooze Armor":149,"MutagenicStrength":68,"DemoMod:SerJunkan":71,"Lantern":42,"Regal Pillow":60,"Singing Bowl":113,"Magic Flower":86,"testmod-EqualTreatment":126,"Blue Doll":16,"King of Hearts":56,"Bag of Preparation":113,"Burning Blood":0,"testmod-CasingShield":16,"Pet Ghost":108,"Replay:Rubber Ducky":10,"Toolbox":105,"testmod-DeterminationOfClimber":103,"Chemical X":0,"Replay:Bottled Eggs":68,"Lee\u0027s Waffle":128,"Golden Idol":142,"DemoMod:Antibody":122,"DemoMod:PinkGuonStone":83,"Omamori":56,"Frozen Egg 2":0,"testmod-ConstraintPeriapt":28,"MawBank":19,"testmod-Hope":20,"Orrery":35,"Garlic":42,"Art of War":123,"Bottled Lightning":5,"ReplayTheSpireMod:Lightbulb":92,"Toy Ornithopter":40,"DemoMod:GreenGuonStone":72,"Ice Cream":106,"Divine Protection":69,"Tiny House":17,"Calipers":63,"Vajra":12,"testmod-BatchProcessingSystem":144,"testmod-IWantAll":0,"DemoMod:GlassGuonStoneRelic":5,"Centennial Puzzle":110,"DollysMirror":86,"Strawberry":155,"Honey Jar":33,"Prayer Wheel":91,"Iron Hammer":121,"DemoMod:ClearGuonStone":122,"testmod-ChristmasGift":86,"Happy Flower":46,"vexMod:ScavengeHelm":158,"Oddly Smooth Stone":54,"Charon\u0027s Ashes":13,"War Paint":100,"testmod-RealStoneCalender":22,"Replay:Baseball":16,"ReplayTheSpireMod:Spearhead":109,"ReplayTheSpireMod:Shallot":118,"Shuriken":86,"testmod-Acrobat":29,"Onion Ring":4,"Molten Egg 2":24,"Simple Rune":157,"ReplayTheSpireMod:TigerMarble":158,"Grinning Jar":84,"Mirror":60,"Meat on the Bone":139,"Incense Burner":71,"testmod-Nyarlathotep":83,"Replay:Mystery Machine":90,"DemoMod:WhiteGuonStone":101,"Empty Cage":42,"testmod-BouquetWithThorns":83,"testmod-Charity":18,"ClockworkSouvenir":18,"Replay:Bandana":62,"testmod-CrystalShield":152,"testmod-Alchemist":93,"testmod-Motorcycle":0,"Gambling Chip":136,"Tiny Chest":113,"testmod-ArcanaOfDestiny":101,"DemoMod:Junk":74,"ReplayTheSpireMod:Ninjato":20,"Quantum Egg":134,"Replay:WaspNest":38,"vexMod:FocusSash":134,"testmod-Justice":86,"testmod-IndustrialRevolution":86,"Medical Kit":86,"White Beast Statue":23,"vexMod:Dragonfruit":100,"Calling Bell":158,"testmod-Antiphasic":157,"Anchor":24,"Pondfish Scales":145,"vexMod:BarristanHead":28,"testmod-AssaultLearning":52,"vexMod:HeadHunter":133,"Another Sword":0,"Bag of Marbles":32,"Snack Pack":98,"Membership Card":16,"DemoMod:RingOfEthereal":61},{"Replay:Accelerometer":385,"testmod-HeartOfStrike":530,"vexMod:MemoryStick":25,"DemoMod:AgedBell":472,"Whetstone":96,"Sling":232,"vexMod:InvisibilityCloak":571,"testmod-Prudence":270,"vexMod:CardConverter":695,"Sundial":308,"vexMod:EndlessSickness":180,"DemoMod:LamentConfigurum":232,"Fusion Hammer":323,"MerchantsRug":448,"testmod-TestBox":0,"Pear":207,"Blue Candle":366,"Eternal Feather":232,"Pen Nib":56,"Replay:Ancient Bell":486,"vexMod:GhostlyGear":232,"DemoMod:MeatBun":222,"Ooze Armor":600,"MutagenicStrength":292,"DemoMod:SerJunkan":305,"Lantern":173,"Regal Pillow":244,"Singing Bowl":448,"Magic Flower":366,"testmod-EqualTreatment":502,"Blue Doll":65,"King of Hearts":232,"Bag of Preparation":448,"Burning Blood":0,"testmod-CasingShield":65,"Pet Ghost":434,"Replay:Rubber Ducky":40,"Toolbox":428,"testmod-DeterminationOfClimber":425,"Chemical X":0,"Replay:Bottled Eggs":292,"Lee\u0027s Waffle":509,"Golden Idol":560,"DemoMod:Antibody":486,"DemoMod:PinkGuonStone":352,"Omamori":232,"Frozen Egg 2":0,"testmod-ConstraintPeriapt":107,"MawBank":82,"testmod-Hope":86,"Orrery":139,"Garlic":173,"Art of War":488,"Bottled Lightning":22,"ReplayTheSpireMod:Lightbulb":390,"Toy Ornithopter":164,"DemoMod:GreenGuonStone":306,"Ice Cream":430,"Divine Protection":295,"Tiny House":71,"Calipers":258,"Vajra":51,"testmod-BatchProcessingSystem":566,"testmod-IWantAll":0,"DemoMod:GlassGuonStoneRelic":22,"Centennial Puzzle":438,"DollysMirror":366,"Strawberry":654,"Honey Jar":132,"Prayer Wheel":385,"Iron Hammer":479,"DemoMod:ClearGuonStone":486,"testmod-ChristmasGift":366,"Happy Flower":190,"vexMod:ScavengeHelm":695,"Oddly Smooth Stone":222,"Charon\u0027s Ashes":56,"War Paint":418,"testmod-RealStoneCalender":91,"Replay:Baseball":65,"ReplayTheSpireMod:Spearhead":437,"ReplayTheSpireMod:Shallot":468,"Shuriken":366,"testmod-Acrobat":113,"Onion Ring":17,"Molten Egg 2":98,"Simple Rune":669,"ReplayTheSpireMod:TigerMarble":695,"Grinning Jar":358,"Mirror":244,"Meat on the Bone":548,"Incense Burner":305,"testmod-Nyarlathotep":352,"Replay:Mystery Machine":379,"DemoMod:WhiteGuonStone":421,"Empty Cage":173,"testmod-BouquetWithThorns":352,"testmod-Charity":78,"ClockworkSouvenir":78,"Replay:Bandana":255,"testmod-CrystalShield":613,"testmod-Alchemist":392,"testmod-Motorcycle":0,"Gambling Chip":537,"Tiny Chest":448,"testmod-ArcanaOfDestiny":421,"DemoMod:Junk":315,"ReplayTheSpireMod:Ninjato":86,"Quantum Egg":530,"Replay:WaspNest":151,"vexMod:FocusSash":530,"testmod-Justice":366,"testmod-IndustrialRevolution":366,"Medical Kit":366,"White Beast Statue":96,"vexMod:Dragonfruit":418,"Calling Bell":695,"testmod-Antiphasic":669,"Anchor":98,"Pondfish Scales":578,"vexMod:BarristanHead":109,"testmod-AssaultLearning":214,"vexMod:HeadHunter":527,"Another Sword":0,"Bag of Marbles":125,"Snack Pack":411,"Membership Card":65,"DemoMod:RingOfEthereal":249}],"Burning Blood":806},"card_choices":[{"not_picked":["Clash","Perfected Strike"],"picked":"Metallicize","floor":1.0},{"not_picked":["Clash","Shrug It Off"],"picked":"Flame Barrier","floor":3.0},{"not_picked":["Armaments","Cleave"],"picked":"Metallicize","floor":5.0},{"not_picked":["Spot Weakness","Hemokinesis"],"picked":"Impervious","floor":7.0},{"not_picked":["Reckless Charge","Defy Death"],"picked":"Cleave","floor":10.0},{"not_picked":["Abandon","Heavy Blade"],"picked":"True Grit","floor":11},{"not_picked":["Dropkick","Abandon"],"picked":"Warcry","floor":13},{"not_picked":["Impervious","Juggernaut"],"picked":"Offering","floor":16},{"not_picked":["Rampage+1","Ghostly Armor"],"picked":"Thunderclap","floor":18},{"not_picked":["Wild Strike+1","Anger"],"picked":"Offering","floor":20},{"not_picked":["True Grit","Intimidate"],"picked":"Infernal Blade","floor":21}],"player_experience":405848,"relics_obtained":[{"floor":7.0,"key":"ReplayTheSpireMod:Shallot"},{"floor":9.0,"key":"Bag of Marbles"},{"floor":10.0,"key":"Strawberry"},{"floor":13,"key":"testmod-Antiphasic"},{"floor":17,"key":"ReplayTheSpireMod:TigerMarble"},{"floor":17,"key":"vexMod:ScavengeHelm"},{"floor":17,"key":"vexMod:CardConverter"}],"event_choices":[{"damage_healed":0.0,"max_hp_gain":0.0,"max_hp_loss":0.0,"gold_gain":0.0,"event_name":"Scrap Ooze","player_choice":"Success","floor":2.0,"gold_loss":0.0,"damage_taken":5.0,"relics_obtained":["testmod-Acrobat"]}],"is_beta":false,"boss_relics":[{"not_picked":["Runic Dome","SacredBark"],"picked":"Calling Bell"}],"items_purged_floors":[],"is_endless":false,"potions_floor_spawned":[3,5,10,11,20,21],"killed_by":"Sentry and Sphere","ascension_level":18}}