{"host":"ishme5wb80o83upk","time":1609522708,"event":{"mods":["Arknights The Spire","BaseMod","Minty Spire (QoL Compilation)","StSLib"],"gold_per_floor":[115,134,150,150,170,170,199,199,199,218,218,234,234,234,234,333,333,353,353,364,382,392,392,427,427,427,427,427,427,427],"floor_reached":29,"playtime":976,"items_purged":[],"score":294,"play_id":"be2c805c-7a75-49c2-bb77-4652b35050e7","local_time":"20210102023828","is_ascension_mode":true,"campfire_choices":[{"data":"ats:Ignite","floor":6.0,"key":"SMITH"},{"data":"ats:Disruption Kick","floor":8.0,"key":"SMITH"},{"data":"ats:Overload","floor":11.0,"key":"SMITH"},{"data":"ats:Demon Strength","floor":13.0,"key":"SMITH"},{"data":"ats:Chain Hook","floor":15.0,"key":"SMITH"},{"data":"RitualDagger","floor":23.0,"key":"SMITH"},{"data":"ats:Rat Pack","floor":25.0,"key":"SMITH"},{"floor":28,"key":"REST"}],"circlet_count":0,"master_deck":["ats:Strike C","ats:Strike G","ats:Armor Crushing Shot+1","ats:Defend","ats:Defend","ats:Defend","ats:Defend","ats:Emotion Absorption+1","ats:Chain Hook+1","ats:Ignite+1","ats:Overload+1","ats:Ignite","ats:Apocalypse","ats:Disruption Kick+1","ats:Demon Strength+1","ats:Rat Pack+1","RitualDagger+1","ats:Defend Order","ats:Apocalypse+1"],"relics":["ats:Sanity","ats:Originium","ats:Berate","ats:Rhine Circuitry","Philosopher\u0027s Stone","InkBottle"],"acts_visited":["Exordium","TheCity"],"potions_floor_usage":[],"damage_taken":[{"damage":1.0,"enemies":"Cultist","floor":1.0,"turns":3.0},{"damage":0.0,"enemies":"Small Slimes","floor":2.0,"turns":3.0},{"damage":1.0,"enemies":"2 Louse","floor":3.0,"turns":2.0},{"damage":6.0,"enemies":"2 Fungi Beasts","floor":5.0,"turns":3.0},{"damage":25.0,"enemies":"3 Sentries","floor":7.0,"turns":8.0},{"damage":6.0,"enemies":"Looter","floor":10.0,"turns":2.0},{"damage":8.0,"enemies":"Blue Slaver","floor":12.0,"turns":3.0},{"damage":14.0,"enemies":"Slime Boss","floor":16.0,"turns":5.0},{"damage":0.0,"enemies":"Chosen","floor":18.0,"turns":3.0},{"damage":2.0,"enemies":"Shell Parasite","floor":20.0,"turns":4.0},{"damage":0.0,"enemies":"Sentry and Sphere","floor":21.0,"turns":3.0},{"damage":9.0,"enemies":"Chosen and Byrds","floor":22.0,"turns":6.0},{"damage":34.0,"enemies":"Gremlin Leader","floor":24.0,"turns":5.0},{"damage":71,"enemies":"Book of Stabbing","floor":29,"turns":5}],"seed_played":"5548644390641699727","potions_obtained":[{"floor":2.0,"key":"SkillPotion"},{"floor":3.0,"key":"Energy Potion"},{"floor":7.0,"key":"SteroidPotion"},{"floor":16.0,"key":"ats:Emergency Sanity Potion"},{"floor":22.0,"key":"BlessingOfTheForge"}],"is_trial":false,"path_per_floor":["M","M","M","?","M","R","E","R","T","M","R","M","R","?","R","B",null,"M","?","M","M","M","R","E","R","T","?","R","E"],"character_chosen":"DOCTOR_CLASS","items_purchased":[],"campfire_rested":1,"item_purchase_floors":[],"current_hp_per_floor":[71,71,70,56,50,50,37,37,37,35,35,27,27,20,20,10,72,72,66,68,68,63,63,33,33,33,33,54,0,0],"gold":427,"neow_bonus":"TRANSFORM_CARD","is_daily":false,"chose_seed":false,"campfire_upgraded":7,"win_rate":0.0,"timestamp":1609522708,"path_taken":["M","?","M","?","M","R","E","R","T","M","R","M","R","?","R","BOSS","M","?","M","M","M","R","E","R","T","?","R","E"],"items_purchased_type":[],"build_version":"2020-12-22","purchased_purges":0,"victory":false,"max_hp_per_floor":[72,72,72,72,72,72,72,72,72,72,72,72,72,72,72,72,72,72,72,72,72,72,72,72,72,72,72,72,72,72],"card_choices":[{"not_picked":["ats:Flexible Camouflage","ats:Rapid Magazine"],"picked":"ats:Ignite","floor":1.0},{"not_picked":["ats:Poison Spread","ats:Powerful Strike"],"picked":"ats:Overload","floor":2.0},{"not_picked":["ats:Blood Oath","ats:Consecutive Shot Auto"],"picked":"ats:Ignite","floor":3.0},{"not_picked":["ats:Chain Hook","ats:Directed Diagnosis"],"picked":"ats:Apocalypse","floor":5.0},{"not_picked":["ats:Mental Burst","ats:Revitalization"],"picked":"ats:Disruption Kick","floor":7.0},{"not_picked":["ats:Cat Scratch","ats:Consecutive Shot Auto"],"picked":"ats:Demon Strength","floor":10.0},{"not_picked":["ats:Poison Spread","ats:Ignite","ats:Revitalization"],"picked":"SKIP","floor":12.0},{"not_picked":["ats:Shadow Assault","ats:Durian"],"picked":"ats:Rat Pack","floor":16.0},{"not_picked":["ats:Thermite Blade","ats:Counter Healing Mode","ats:Powerful Strike"],"picked":"SKIP","floor":18.0},{"not_picked":["ats:Leaping Hammer","ats:Beaten Up","ats:Ignite"],"picked":"SKIP","floor":20.0},{"not_picked":["ats:Cat Scratch","ats:Ignite+1","ats:Defend Order"],"picked":"SKIP","floor":21.0},{"not_picked":["ats:Cat Scratch","ats:Ignite+1"],"picked":"ats:Defend Order","floor":21.0},{"not_picked":["ats:LN2 Cannon","ats:Flexible Camouflage+1","ats:Ignite"],"picked":"SKIP","floor":22.0},{"not_picked":["ats:LN2 Cannon","ats:Flexible Camouflage+1","ats:Ignite"],"picked":"SKIP","floor":22.0},{"not_picked":["ats:Explosion Area Strengthen","ats:Charging Defense"],"picked":"ats:Apocalypse+1","floor":24.0}],"player_experience":1075227,"relics_obtained":[{"floor":7.0,"key":"ats:Originium"},{"floor":7.0,"key":"ats:Berate"},{"floor":9.0,"key":"ats:Rhine Circuitry"},{"floor":24.0,"key":"ats:Originium"},{"floor":24.0,"key":"InkBottle"}],"event_choices":[{"damage_healed":0.0,"max_hp_gain":0.0,"max_hp_loss":0.0,"gold_gain":0.0,"event_name":"Shining Light","player_choice":"Entered Light","floor":4.0,"gold_loss":0.0,"damage_taken":14.0,"cards_upgraded":["ats:Armor Crushing Shot","ats:Emotion Absorption"]},{"cards_removed":["ats:Strike S"],"damage_healed":0.0,"max_hp_gain":0.0,"max_hp_loss":0.0,"gold_gain":0.0,"event_name":"Golden Wing","player_choice":"Card Removal","floor":14.0,"gold_loss":0.0,"damage_taken":7.0},{"damage_healed":0.0,"max_hp_gain":0.0,"max_hp_loss":0.0,"gold_gain":0.0,"event_name":"Nest","player_choice":"Joined the Cult","floor":19.0,"gold_loss":0.0,"damage_taken":6.0,"cards_obtained":["RitualDagger"]},{"damage_healed":0,"gold_gain":0,"player_choice":"Ignored","damage_taken":0,"max_hp_gain":0,"max_hp_loss":0,"event_name":"The Mausoleum","floor":27,"gold_loss":0}],"is_beta":false,"boss_relics":[{"not_picked":["Velvet Choker","SacredBark"],"picked":"Philosopher\u0027s Stone"}],"items_purged_floors":[],"is_endless":false,"potions_floor_spawned":[2,3,7,16,22],"killed_by":"Book of Stabbing","ascension_level":4}}