{"host":"44cj7v9849ev3ii0","time":1609513283,"event":{"mods":["BaseMod","Colored Powertips","Marisa£®ÏF”Í°°ƒß¿Ì…≥£©","Minty Spire (QoL Compilation)","Replay The Spire","Shop Mod","StSLib","The Cursed"],"gold_per_floor":[12,12,31,47,66,66,93,113,113,113,113,131,161,172,172,172,172],"floor_reached":16,"playtime":970,"items_purged":[],"score":120,"play_id":"b93c5f9d-bf2b-4759-8c06-d9b56db2941f","local_time":"20210101230123","is_ascension_mode":true,"campfire_choices":[{"data":"TheCursedMod:CircleOfAbyss","floor":6,"key":"SMITH"},{"data":"TheCursedMod:CleanUpWorkshop","floor":11,"key":"SMITH"},{"data":"TheCursedMod:SpitefulPray","floor":15,"key":"SMITH"}],"circlet_count":0,"master_deck":["TheCursedMod:Strike_TheCursed","TheCursedMod:Strike_TheCursed","TheCursedMod:Strike_TheCursed","TheCursedMod:Strike_TheCursed","TheCursedMod:Defend_TheCursed","TheCursedMod:Defend_TheCursed","TheCursedMod:Defend_TheCursed","TheCursedMod:Defend_TheCursed","TheCursedMod:CursedWand","TheCursedMod:CleanUpWorkshop+1","TheCursedMod:Dregs","TheCursedMod:CircleOfAbyss+1","TheCursedMod:Wield","TheCursedMod:CircleOfAmplification","ReplayTheSpireMod:Private Reserves","TheCursedMod:CursedMace","TheCursedMod:Obscuration","TheCursedMod:ReleasedStrength","TheCursedMod:SaltUponWound","TheCursedMod:SmokeScreen","TheCursedMod:Obscuration","TheCursedMod:SaltUponWound","TheCursedMod:SpitefulPray+1"],"relics":["TheCursedMod:BlackMagic101","WingedGreaves","Mummified Hand","Frozen Egg 2"],"acts_visited":["Exordium"],"potions_floor_usage":[],"damage_taken":[{"damage":5,"enemies":"Small Slimes","floor":1,"turns":4},{"damage":0,"enemies":"Cultist","floor":3,"turns":4},{"damage":5,"enemies":"2 Louse","floor":4,"turns":3},{"damage":8,"enemies":"Gremlin Gang","floor":5,"turns":6},{"damage":33,"enemies":"Lagavulin","floor":7,"turns":6},{"damage":6,"enemies":"Exordium Thugs","floor":8,"turns":5},{"damage":12,"enemies":"Exordium Wildlife","floor":12,"turns":5},{"damage":51,"enemies":"Gremlin Nob","floor":13,"turns":6},{"damage":6,"enemies":"3 Louse","floor":14,"turns":4},{"damage":9,"enemies":"Hexaghost","floor":16,"turns":9}],"seed_played":"-3861424262982469381","potions_obtained":[{"floor":3,"key":"Regen Potion"},{"floor":4,"key":"Languid Potion"},{"floor":13,"key":"Energy Potion"}],"is_trial":false,"path_per_floor":["M","?","M","M","M","R","E","M","T","?","R","M","E","M","R","B"],"character_chosen":"THE_CURSED","items_purchased":[],"campfire_rested":0,"item_purchase_floors":[],"current_hp_per_floor":[70,70,70,65,57,57,24,18,18,75,75,63,12,6,6,0,0],"gold":172,"neow_bonus":"THREE_RARE_CARDS","is_daily":false,"chose_seed":false,"campfire_upgraded":3,"win_rate":0.0,"timestamp":1609513283,"path_taken":["M","?","M","M","M","R","E","?","T","?","R","?","E","M","R","BOSS"],"items_purchased_type":[],"build_version":"2020-12-22","purchased_purges":0,"victory":false,"max_hp_per_floor":[75,75,75,75,75,75,75,75,75,75,75,75,75,75,75,75,75],"card_choices":[{"not_picked":["TheCursedMod:OutForBlood","TheCursedMod:VoidForm"],"picked":"TheCursedMod:CircleOfAbyss","floor":0},{"not_picked":["TheCursedMod:SmokeScreen","TheCursedMod:CursedArmor"],"picked":"TheCursedMod:Wield","floor":1},{"not_picked":["TheCursedMod:BlessingInDisguise","TheCursedMod:PrepareRite"],"picked":"TheCursedMod:CursedMace","floor":3},{"not_picked":["TheCursedMod:ManaBullet","TheCursedMod:FleshFromBone"],"picked":"TheCursedMod:Obscuration","floor":4},{"not_picked":["TheCursedMod:CircleOfWindfury","TheCursedMod:TacticalStrike"],"picked":"TheCursedMod:ReleasedStrength","floor":5},{"not_picked":["TheCursedMod:DoubleShield","TheCursedMod:Torture"],"picked":"TheCursedMod:SaltUponWound","floor":7},{"not_picked":["TheCursedMod:CircleOfFlame","TheCursedMod:FleshFromBone"],"picked":"TheCursedMod:SmokeScreen","floor":8},{"not_picked":["TheCursedMod:RavingStaff","TheCursedMod:PrepareRite"],"picked":"TheCursedMod:Obscuration","floor":12},{"not_picked":["TheCursedMod:CursedBlade","TheCursedMod:SmokeScreen"],"picked":"TheCursedMod:SaltUponWound","floor":13},{"not_picked":["TheCursedMod:CircleOfFocus","TheCursedMod:ManaBullet"],"picked":"TheCursedMod:SpitefulPray","floor":14}],"player_experience":30293,"relics_obtained":[{"floor":7,"key":"WingedGreaves"},{"floor":9,"key":"Mummified Hand"},{"floor":13,"key":"Frozen Egg 2"}],"event_choices":[{"damage_healed":0,"gold_gain":0,"player_choice":"2 cards matched","damage_taken":0,"max_hp_gain":0,"max_hp_loss":0,"event_name":"Match and Keep!","floor":2,"gold_loss":0,"cards_obtained":["TheCursedMod:CircleOfAmplification","ReplayTheSpireMod:Private Reserves"]},{"damage_healed":57,"gold_gain":0,"player_choice":"Full Heal","damage_taken":0,"max_hp_gain":0,"max_hp_loss":0,"event_name":"Wheel of Change","floor":10,"gold_loss":0}],"is_beta":false,"boss_relics":[],"items_purged_floors":[],"is_endless":false,"potions_floor_spawned":[3,4,13,14],"killed_by":"Hexaghost","ascension_level":1}}