{"host":"n4oa921u88t6jog9","time":1609514456,"event":{"mods":["AchievementEnabler","BaseMod","DeckTracker","Keyboard Shortcuts","Minty Spire (QoL Compilation)","Quick Restart","StSLib","SuperFastMode"],"gold_per_floor":[116,129,129,129,42,42,68,81,81,96,110,110,139,156,156,156,156],"floor_reached":16,"playtime":396,"items_purged":[],"score":260,"play_id":"3db9db02-e89e-4c72-b1ee-3fc196859948","local_time":"20210102002056","is_ascension_mode":true,"campfire_choices":[{"data":"Noxious Fumes","floor":6,"key":"SMITH"},{"data":"Footwork","floor":15,"key":"SMITH"}],"circlet_count":0,"master_deck":["AscendersBane","Strike_G","Strike_G","Strike_G","Strike_G","Strike_G","Defend_G","Defend_G","Defend_G","Defend_G","Defend_G","Survivor","Neutralize","Dagger Spray","Backflip","Noxious Fumes+1","Blade Dance","Acrobatics","Bouncing Flask","Night Terror","Footwork+1","Deadly Poison"],"relics":["Ring of the Snake","NeowsBlessing","TungstenRod","Happy Flower","The Specimen","Incense Burner","Smiling Mask"],"acts_visited":["Exordium"],"potions_floor_usage":[13,16],"damage_taken":[{"damage":0,"enemies":"2 Louse","floor":1,"turns":1},{"damage":0,"enemies":"Cultist","floor":2,"turns":1},{"damage":0,"enemies":"3 Sentries","floor":7,"turns":1},{"damage":1,"enemies":"Jaw Worm","floor":8,"turns":4},{"damage":9,"enemies":"3 Louse","floor":10,"turns":3},{"damage":10,"enemies":"Large Slime","floor":11,"turns":6},{"damage":11,"enemies":"Lagavulin","floor":13,"turns":7},{"damage":1,"enemies":"Blue Slaver","floor":14,"turns":6},{"damage":14,"enemies":"The Guardian","floor":16,"turns":4}],"seed_played":"-7260182712458247613","potions_obtained":[{"floor":7,"key":"GhostInAJar"},{"floor":11,"key":"CunningPotion"}],"is_trial":false,"path_per_floor":["M","M","?","?","$","R","E","M","T","M","M","T","E","M","R","B"],"character_chosen":"THE_SILENT","items_purchased":["Noxious Fumes"],"campfire_rested":0,"item_purchase_floors":[5],"current_hp_per_floor":[59,59,48,45,45,45,45,44,44,35,25,25,14,13,13,0,0],"gold":156,"neow_bonus":"THREE_ENEMY_KILL","is_daily":false,"chose_seed":false,"campfire_upgraded":2,"win_rate":0.0,"timestamp":1609514456,"path_taken":["M","M","?","?","$","R","E","?","T","M","M","?","E","M","R","BOSS"],"items_purchased_type":["Card"],"build_version":"2020-12-22","purchased_purges":0,"victory":false,"max_hp_per_floor":[66,66,66,66,66,66,66,66,66,66,66,66,66,66,66,66,66],"card_choices":[{"not_picked":["Underhanded Strike","Bane"],"picked":"Dagger Spray","floor":1},{"not_picked":["Prepared","Choke"],"picked":"Backflip","floor":2},{"not_picked":["Dodge and Roll","Cloak And Dagger"],"picked":"Blade Dance","floor":7},{"not_picked":["Choke","Deflect"],"picked":"Acrobatics","floor":8},{"not_picked":["Poisoned Stab","Dagger Throw"],"picked":"Bouncing Flask","floor":10},{"not_picked":["Bane","Prepared"],"picked":"Night Terror","floor":11},{"not_picked":["Distraction","Slice"],"picked":"Footwork","floor":13},{"not_picked":["Outmaneuver","Glass Knife"],"picked":"Deadly Poison","floor":14}],"player_experience":376910,"relics_obtained":[{"floor":7,"key":"Happy Flower"},{"floor":9,"key":"The Specimen"},{"floor":12,"key":"Incense Burner"},{"floor":13,"key":"Smiling Mask"}],"event_choices":[{"damage_healed":0,"gold_gain":0,"player_choice":"Success","damage_taken":11,"relics_obtained":["TungstenRod"],"max_hp_gain":0,"max_hp_loss":0,"event_name":"Scrap Ooze","floor":3,"gold_loss":0},{"damage_healed":0,"gold_gain":0,"player_choice":"Bought 0 Potions","damage_taken":0,"max_hp_gain":0,"max_hp_loss":0,"event_name":"The Woman in Blue","floor":4,"gold_loss":0}],"is_beta":false,"boss_relics":[],"items_purged_floors":[],"is_endless":false,"potions_floor_spawned":[7,11],"killed_by":"The Guardian","ascension_level":18}}