{"host":"6ilae7ewjeys3uzr","time":1609520965,"event":{"mods":["AchievementEnabler","BaseMod","Hermit","Marisa????????","Minty Spire (QoL Compilation)","Quick Restart","Replay The Spire","StSLib","The Cursed","The Servant 0.9.4"],"gold_per_floor":[115,390,402,419,433,461,461,481,554,554,564,599,609,115,115,246,246,264,264,282,93,119,119,149,2,49,61,152,164,188,275,287,547,559,587,48,67,79,106,160,175,261,329,329,268,268,293,293,293,325,325,325,82,125,125,125],"floor_reached":55,"playtime":4124,"items_purged":["Regret","Replay:Hysterical Blindness"],"score":838,"play_id":"2dce528d-2d8f-4d8a-bac9-9ca8e7a83545","local_time":"20210101180925","is_ascension_mode":false,"campfire_choices":[{"floor":7,"key":"REST"},{"floor":10,"key":"REST"},{"floor":15,"key":"RECALL"},{"data":"PropBag","floor":23,"key":"SMITH"},{"floor":29,"key":"REST"},{"floor":32,"key":"REST"},{"data":"AbsoluteMagnitude","floor":49,"key":"SMITH"},{"data":"OortCloud","floor":52,"key":"SMITH"}],"circlet_count":0,"master_deck":["Strike_MRS","Strike_MRS","Strike_MRS","Strike_MRS","Defend_MRS","Defend_MRS","Defend_MRS","Defend_MRS","UpSweep","Flash of Steel","GalacticHalo","OortCloud","DragonMeteor","ShootingEcho","EarthLightRay","FairyDestructionRay","AsteroidBelt","DC","ChargeUpSpray","MilkyWay","Flash of Steel","Master of Strategy","OneTimeOff","WitchOfGreed","Robbery","AbsoluteMagnitude+1","EnergyFlow","GalacticHalo","PropBag+1","Chrysalis","Forethought","Forethought","WitchLeyline","FairyDestructionRay+1","OortCloud+1","OortCloud","ManaRampage","SprinkleStarSeal+1","DoubleSpark+1","AsteroidBelt","6A","EnergyFlow+1","OortCloud","WitchLeyline+1","Writhe","Parasite","MilkyWay+1","UnstableBomb+1"],"relics":["MiniHakkero","CaptainsWheel","Turnip","Replay:Baseball","BargainBundle","Ring of Chaos","Replay:Rubber Ducky","ReplayTheSpireMod:ShopPack","Tiny Chest","MawBank","Bronze Scales","Cursed Key","Pear","Replay:Kaleidoscope","Pet Ghost","SproutingBranch","Replay:Bottled Flurry","Ginger","Vajra","Anchor","Sundial"],"acts_visited":["Exordium","TheCity","TheBeyond","TheEnding"],"potions_floor_usage":[6,13,16,16,22,28,28,33,40,40,41,42,50,50,50,50,50,50,55],"damage_taken":[{"damage":2,"enemies":"2 Louse","floor":1,"turns":2},{"damage":2,"enemies":"Cultist","floor":3,"turns":3},{"damage":3,"enemies":"Small Slimes","floor":4,"turns":3},{"damage":23,"enemies":"Gremlin Gang","floor":5,"turns":8},{"damage":34,"enemies":"Gremlin Nob","floor":6,"turns":6},{"damage":6,"enemies":"Blue Slaver","floor":8,"turns":3},{"damage":0,"enemies":"2 Fungi Beasts","floor":11,"turns":3},{"damage":6,"enemies":"Replay:BlueRogue","floor":12,"turns":6},{"damage":5,"enemies":"Gremlin Gang","floor":13,"turns":3},{"damage":46,"enemies":"Fading Forest","floor":16,"turns":11},{"damage":6,"enemies":"Shell Parasite","floor":18,"turns":5},{"damage":20,"enemies":"2 Thieves","floor":20,"turns":4},{"damage":5,"enemies":"Snake Plant","floor":22,"turns":5},{"damage":10,"enemies":"Cultist and Chosen","floor":24,"turns":8},{"damage":51,"enemies":"Slavers","floor":28,"turns":7},{"damage":17,"enemies":"Sentry and Sphere","floor":30,"turns":6},{"damage":8,"enemies":"Champ","floor":33,"turns":15},{"damage":6,"enemies":"Orb Walker","floor":35,"turns":4},{"damage":0,"enemies":"3 Shapes","floor":37,"turns":2},{"damage":8,"enemies":"Sphere and 2 Shapes","floor":38,"turns":3},{"damage":10,"enemies":"Maw","floor":39,"turns":8},{"damage":0,"enemies":"Giant Head","floor":40,"turns":12},{"damage":0,"enemies":"Transient","floor":41,"turns":5},{"damage":23,"enemies":"Reptomancer","floor":42,"turns":12},{"damage":26,"enemies":"3 Darklings","floor":45,"turns":7},{"damage":0,"enemies":"Writhing Mass","floor":47,"turns":4},{"damage":85,"enemies":"Time Eater","floor":50,"turns":12},{"damage":31,"enemies":"Shield and Spear","floor":54,"turns":9},{"damage":93,"enemies":"The Heart","floor":55,"turns":9}],"seed_played":"-4463884693749350804","potions_obtained":[{"floor":3,"key":"StarNLove"},{"floor":4,"key":"SpeedPotion"},{"floor":6,"key":"Adrenaline Potion"},{"floor":8,"key":"ShroomBrew"},{"floor":11,"key":"Fire Potion"},{"floor":12,"key":"BottledSpark"},{"floor":16,"key":"CultistPotion"},{"floor":20,"key":"FearPotion"},{"floor":22,"key":"SkillPotion"},{"floor":24,"key":"BlessingOfTheForge"},{"floor":28,"key":"Weak Potion"},{"floor":37,"key":"Swift Potion"},{"floor":39,"key":"Block Potion"},{"floor":40,"key":"Block Potion"},{"floor":40,"key":"Venom Potion"},{"floor":41,"key":"Toxic Potion"},{"floor":42,"key":"EntropicBrew"},{"floor":45,"key":"BottledSpark"},{"floor":54,"key":"AttackPotion"}],"is_trial":false,"path_per_floor":["M","?","M","M","M","E","R","M","T","R","M","E","M","$","R","B",null,"M","?","M","$","M","R","M","$","T","?","E","R","M","?","R","B",null,"M","$","M","M","M","E","M","E","T","T","M","?","M","?","R","B",null,"R","$","E","B"],"character_chosen":"MARISA","items_purchased":["Replay:Baseball","BargainBundle","ChargeUpSpray","MilkyWay","Swift Potion","Flash of Steel","Master of Strategy","OneTimeOff","WitchOfGreed","Robbery","ReplayTheSpireMod:ShopPack","PropBag","Tiny Chest","Pear","Replay:Kaleidoscope","Vajra"],"campfire_rested":4,"item_purchase_floors":[14,14,14,14,14,14,14,14,14,14,21,21,25,36,36,53],"current_hp_per_floor":[73,73,71,68,45,11,33,31,31,53,57,55,54,54,54,30,75,69,69,53,53,52,52,46,46,46,71,24,46,45,38,60,56,75,69,79,79,75,69,73,77,58,58,58,47,68,80,80,80,10,85,85,85,68,0,0],"gold":125,"neow_bonus":"RANDOM_COLORLESS","is_daily":false,"chose_seed":false,"campfire_upgraded":3,"win_rate":0.0,"timestamp":1609520965,"path_taken":["M","?","M","M","M","E","R","?","T","R","M","E","M","$","R","BOSS","M","?","M","$","M","R","?","$","T","?","E","R","M","?","R","BOSS","M","$","M","?","M","E","M","E","T","?","M","?","M","?","R","BOSS","R","$","E","BOSS"],"items_purchased_type":["Relic","Relic","Card","Card","Potion","Card","Card","Card","Card","Card","Relic","Card","Relic","Relic","Relic","Relic"],"build_version":"2020-12-22","purchased_purges":2,"victory":false,"max_hp_per_floor":[75,75,75,75,75,75,75,75,75,75,75,75,75,75,75,75,75,75,75,75,75,75,75,75,75,75,75,75,75,75,75,75,75,75,75,85,85,85,85,85,85,85,85,85,85,85,85,85,85,85,85,85,85,85,85,85],"card_choices":[{"not_picked":["Trip","ReplayTheSpireMod:Private Reserves"],"picked":"Flash of Steel","floor":0},{"not_picked":["PowerUp","ShootingEcho"],"picked":"GalacticHalo","floor":1},{"not_picked":["GasGiant","Acceleration"],"picked":"OortCloud","floor":3},{"not_picked":["Orbital","OortCloud"],"picked":"DragonMeteor","floor":4},{"not_picked":["MachineGunSpark","IllusionStar"],"picked":"ShootingEcho","floor":5},{"not_picked":["OpenUniverse","CollectingQuirk"],"picked":"EarthLightRay","floor":6},{"not_picked":["LuminesStrike","DoubleSpark"],"picked":"FairyDestructionRay","floor":8},{"not_picked":["MysteriousBeam","SporeBomb"],"picked":"AsteroidBelt","floor":11},{"not_picked":["Orbital","6A"],"picked":"DC","floor":12},{"not_picked":["6A","OortCloud","GravityBeat"],"picked":"SKIP","floor":13},{"not_picked":["SatelliteIllusion","ManaRampage"],"picked":"AbsoluteMagnitude","floor":16},{"not_picked":["IllusionStar","Acceleration"],"picked":"EnergyFlow","floor":18},{"not_picked":["LuminesStrike","IllusionStar"],"picked":"GalacticHalo","floor":20},{"not_picked":["The Bomb","Magnetism"],"picked":"Chrysalis","floor":21},{"not_picked":["Trip","Impatience"],"picked":"Forethought","floor":21},{"not_picked":["The Bomb","Poisoned Strike"],"picked":"Forethought","floor":21},{"not_picked":["GravityBeat","6A+1"],"picked":"WitchLeyline","floor":22},{"not_picked":["Robbery","OneTimeOff"],"picked":"FairyDestructionRay+1","floor":24},{"not_picked":["DarkSpark+1","BigCrunch"],"picked":"OortCloud","floor":28},{"not_picked":["6A+1","NonDirectionalLaser"],"picked":"OortCloud","floor":30},{"not_picked":["TreasureHunter","FinalSpark"],"picked":"ManaRampage","floor":33},{"not_picked":["AsteroidBelt+1","LuminesStrike"],"picked":"SprinkleStarSeal+1","floor":35},{"not_picked":["WitchOfGreed","Robbery+1"],"picked":"DoubleSpark+1","floor":37},{"not_picked":["NonDirectionalLaser+1","6A"],"picked":"AsteroidBelt","floor":38},{"not_picked":["MagicAbsorber","SporeBomb+1"],"picked":"6A","floor":39},{"not_picked":["DarkSpark","GravityBeat+1"],"picked":"EnergyFlow+1","floor":40},{"not_picked":["GasGiant","SporeBomb","WitchLeyline"],"picked":"SKIP","floor":41},{"not_picked":["BinaryStars","GrandCross"],"picked":"OortCloud","floor":42},{"not_picked":["EnergyRecoil","IllusionStar+1"],"picked":"WitchLeyline+1","floor":45},{"not_picked":["MysteriousBeam+1","LuminesStrike+1"],"picked":"MilkyWay+1","floor":47},{"not_picked":["GravityBeat+1","Singularity"],"picked":"UnstableBomb+1","floor":54}],"player_experience":235802,"relics_obtained":[{"floor":6,"key":"CaptainsWheel"},{"floor":12,"key":"Turnip"},{"floor":26,"key":"MawBank"},{"floor":28,"key":"Bronze Scales"},{"floor":40,"key":"Pet Ghost"},{"floor":42,"key":"SproutingBranch"},{"floor":43,"key":"Replay:Bottled Flurry"},{"floor":44,"key":"Ginger"},{"floor":54,"key":"Anchor"}],"event_choices":[{"damage_healed":0,"gold_gain":275,"player_choice":"Desecrate","damage_taken":0,"max_hp_gain":0,"max_hp_loss":0,"event_name":"Golden Shrine","floor":2,"gold_loss":0,"cards_obtained":["Regret"]},{"damage_healed":0,"gold_gain":0,"player_choice":"Gave Potion","damage_taken":0,"relics_obtained":["Replay:Rubber Ducky"],"max_hp_gain":0,"max_hp_loss":0,"event_name":"WeMeetAgain","floor":19,"gold_loss":0},{"damage_healed":25,"gold_gain":0,"player_choice":"Heal","damage_taken":0,"max_hp_gain":0,"max_hp_loss":0,"event_name":"The Library","floor":27,"gold_loss":0},{"damage_healed":0,"gold_gain":75,"player_choice":"Touch","damage_taken":7,"max_hp_gain":0,"max_hp_loss":0,"event_name":"FaceTrader","floor":31,"gold_loss":0},{"damage_healed":21,"gold_gain":0,"player_choice":"Writhe","damage_taken":0,"max_hp_gain":0,"max_hp_loss":0,"event_name":"Winding Halls","floor":46,"gold_loss":0,"cards_obtained":["Writhe"]},{"cards_removed":["MasterSpark"],"damage_healed":0,"gold_gain":0,"player_choice":"Removed Attack","damage_taken":0,"max_hp_gain":0,"max_hp_loss":0,"event_name":"Falling","floor":48,"gold_loss":0}],"is_beta":false,"boss_relics":[{"not_picked":["Kintsugi","Honey Jar"],"picked":"Ring of Chaos"},{"not_picked":["BewitchedHakkero","SlaversCollar"],"picked":"Cursed Key"}],"items_purged_floors":[14,53],"is_endless":false,"potions_floor_spawned":[3,4,6,8,11,12,20,22,28,37,40,41,45,47],"killed_by":"The Heart","ascension_level":0}}