{"host":"bh8a33xhefk4gdoh","time":1609516164,"event":{"mods":["ATMod(阿瑾Mod)","Act Like it!","Alarm Clock","Arknights The Spire","Ascension Reborn","BaseMod","Chinese 32Bit Patch","Colored Powertips","Defuse TimeMaze Blight","Easy Mod","Friendly Minions","Minty Spire (QoL Compilation)","MostiFishMod","Quick Restart","Relic Stats","RumiaBox-露米娅的神秘盒子","Shop Mod","Spicy Shops","StSLib","TestMod","【功能Mod】Neow奖励","【功能Mod】混沌之环修复补丁","【功能Mod】精心准备","【遗物Mod】简单游戏","【遗物卡牌】REMEMod","篝火指南"],"gold_per_floor":[110,110,35,48,65,65,140,140,140,540,572,607,638,669,229,334,334,350,121,134,150,170,195,230,241,241,275,275,290,44,62,62,161,161,171,116,135,135,148,173,204,204,231,262,307,80,98,116,116,116],"floor_reached":51,"playtime":2912,"items_purged":["ats:Volcano","AT_RealFormLess","ats:Strike G+1","ats:Strike S+1","EasyMod:card_1","ats:Strike V+1","ats:Defend+1"],"score":1027,"play_id":"fbbe00bd-2dd2-4a05-a00e-b476622f237c","local_time":"20210101234924","daily_mods":["Heirloom","Time Dilation","Flight"],"is_ascension_mode":true,"campfire_choices":[{"data":"ats:Song Of Battle","floor":6.0,"key":"SMITH"},{"data":"ats:Mental Burst","floor":8,"key":"SMITH"},{"data":"ats:Counter Healing Mode","floor":28,"key":"SMITH"},{"data":"ats:Defend Order","floor":32,"key":"SMITH"},{"data":"ats:Part Time Job","floor":49,"key":"SMITH"}],"circlet_count":0,"master_deck":["ats:Strike C+1","ats:Armor Crushing Shot+1","ats:Defend+1","ats:Defend+1","ats:Defend+1","ats:Emotion Absorption+1","ats:Ignite","ats:Song Of Battle+1","ats:Mental Burst+1","ats:Spore Proliferation","ats:Revitalization","ats:Directed Diagnosis","ats:Ignite","ats:Healing Strengthening+1","ats:Support Order","ats:Composite Medical Shells+1","ats:Ignite","ats:Counter Healing Mode+1","ats:Assault Order","ats:Defend Order+1","ats:Apocalypse+1","ats:Apocalypse","ats:Roar Of Ursus","ats:Part Time Job+1","ats:Healing Drone","ats:Healing Strengthening","ats:Guardian Obelisk+1","ats:Burning Ground"],"relics":["ats:Sanity","EasyRelic","REME_ComplimentaryCards","AT_ATBox","testmod-TestBox","testmod-CyclicPeriapt","Medical Kit","testmod-BouquetWithThorns","SynthV:TestCard","GodSword6","ats:Originium","Blood Vial","ats:Spiritual Recovery","Bottled Flame","Pen Nib","Membership Card","MerchantsRug","Omamori","AT_DeathDance","EasyMod:Easy_7","EasyMod:Easy_5","Technique","White Beast Statue","Bag of Marbles","REME_LimitBreaker","Ancient Tea Set","AT_ImmortalShieldbow","Lantern","Sling","DiscerningMonocle","Vajra","AT_ArchangelStaff","HandDrill","OrangePellets","Kunai","ChaoDraw","AT_ChloranthyRing","MealTicket","Dodecahedron","AT_TimeSand","Happy Flower","ats:Special","Mummified Hand","Nunchaku","testmod-Antiphasic","EasyMod:Easy_2","AT_EbonyIvory","AT_SpeedBoots","Toxic Egg 2","Molten Egg 2"],"acts_visited":["Exordium","TheCity","TheBeyond"],"potions_floor_usage":[24,33,37,45],"damage_taken":[{"damage":7.0,"enemies":"Small Slimes","floor":1.0,"turns":3.0},{"damage":0.0,"enemies":"Cultist","floor":4.0,"turns":2.0},{"damage":1.0,"enemies":"Jaw Worm","floor":5.0,"turns":2.0},{"damage":13,"enemies":"3 Sentries","floor":11,"turns":4},{"damage":6,"enemies":"Gremlin Nob","floor":12,"turns":3},{"damage":4,"enemies":"3 Sentries","floor":13,"turns":4},{"damage":0,"enemies":"Gremlin Nob","floor":14,"turns":2},{"damage":24,"enemies":"Hexaghost","floor":16,"turns":5},{"damage":17,"enemies":"Shell Parasite","floor":18,"turns":3},{"damage":7,"enemies":"3 Byrds","floor":20,"turns":2},{"damage":34,"enemies":"3 Cultists","floor":21,"turns":4},{"damage":15,"enemies":"Sentry and Sphere","floor":22,"turns":5},{"damage":19,"enemies":"Book of Stabbing","floor":23,"turns":4},{"damage":18,"enemies":"Slavers","floor":24,"turns":3},{"damage":29,"enemies":"Centurion and Healer","floor":25,"turns":5},{"damage":40,"enemies":"REME_1_Revenger","floor":27,"turns":3},{"damage":6,"enemies":"Cultist and Chosen","floor":29,"turns":2},{"damage":4,"enemies":"Shelled Parasite and Fungi","floor":31,"turns":3},{"damage":3,"enemies":"Collector","floor":33,"turns":6},{"damage":20,"enemies":"3 Darklings","floor":35,"turns":4},{"damage":0,"enemies":"Orb Walker","floor":37,"turns":1},{"damage":0,"enemies":"Jaw Worm Horde","floor":39,"turns":1},{"damage":0,"enemies":"Reptomancer","floor":40,"turns":2},{"damage":0,"enemies":"Giant Head","floor":41,"turns":5},{"damage":0,"enemies":"Nemesis","floor":44,"turns":1},{"damage":0,"enemies":"Writhing Mass","floor":45,"turns":1},{"damage":0,"enemies":"3 Darklings","floor":47,"turns":1},{"damage":0,"enemies":"4 Shapes","floor":48,"turns":1},{"damage":0,"enemies":"Time Eater","floor":50,"turns":1}],"seed_played":"-4081083824853431694","potions_obtained":[{"floor":4.0,"key":"DistilledChaos"},{"floor":13,"key":"FearPotion"},{"floor":16,"key":"GamblersBrew"},{"floor":20,"key":"Energy Potion"},{"floor":22,"key":"Swift Potion"},{"floor":24,"key":"FearPotion"},{"floor":25,"key":"PowerPotion"},{"floor":31,"key":"ColorlessPotion"},{"floor":33,"key":"Weak Potion"},{"floor":35,"key":"AttackPotion"},{"floor":37,"key":"testmod-SpacePotion"},{"floor":39,"key":"REME_GoldPotion"},{"floor":40,"key":"ColorlessPotion"},{"floor":41,"key":"Dexterity Potion"},{"floor":44,"key":"SkillPotion"},{"floor":45,"key":"SteroidPotion"},{"floor":47,"key":"AttackPotion"},{"floor":48,"key":"Swift Potion"}],"is_trial":true,"path_per_floor":["M","?","$","M","M","R","?","R","T","?","E","E","E","E","R","B",null,"M","$","M","M","M","E","E","M","T","E","R","M","$","M","R","B",null,"M","$","M","$","M","E","E","$","T","E","M","R","M","M","R","B",null],"character_chosen":"DOCTOR_CLASS","items_purchased":["ats:Song Of Battle","Membership Card","MerchantsRug","Omamori","ats:Healing Strengthening","AT_DeathDance","EasyMod:Easy_7","EasyMod:Easy_5","ats:Composite Medical Shells","Technique","AT_ImmortalShieldbow","Lantern","Sling","Vajra","AT_ArchangelStaff","HandDrill","OrangePellets","Kunai","ChaoDraw","AT_ChloranthyRing","MealTicket","Dodecahedron","ats:Part Time Job","ats:Healing Drone","AT_TimeSand","ats:Special","Mummified Hand","Nunchaku","testmod-Antiphasic","AT_SpeedBoots","Toxic Egg 2","Molten Egg 2","ats:Burning Ground"],"campfire_rested":0,"item_purchase_floors":[3,15,15,15,15,15,19,19,19,19,30,30,30,36,36,36,36,36,38,38,38,38,38,38,38,42,42,42,42,46,46,46,46],"current_hp_per_floor":[65,65,65,65,64,64,53,53,53,53,54,53,54,56,56,72,72,55,55,57,30,39,48,68,69,69,31,31,27,27,32,32,72,72,65,65,67,67,69,72,72,72,72,72,72,72,72,72,72,72],"gold":116,"neow_bonus":"","is_daily":false,"chose_seed":false,"campfire_upgraded":5,"win_rate":0.0,"timestamp":1609516164,"path_taken":["M","?","$","?","?","R","?","R","T","?","E","E","E","E","R","BOSS","M","$","M","M","M","E","E","M","T","E","R","M","$","M","R","BOSS","M","$","M","$","M","E","E","$","T","E","M","R","M","M","R","BOSS"],"items_purchased_type":["Card","Relic","Relic","Relic","Card","Relic","Relic","Relic","Card","Relic","Relic","Relic","Relic","Relic","Relic","Relic","Relic","Relic","Relic","Relic","Relic","Relic","Card","Card","Relic","Relic","Relic","Relic","Relic","Relic","Relic","Relic","Card"],"build_version":"2020-12-22","purchased_purges":7,"victory":true,"max_hp_per_floor":[72,72,72,72,72,72,72,72,72,72,72,72,72,72,72,72,72,72,72,72,72,72,72,72,72,72,72,72,72,72,72,72,72,72,72,72,72,72,72,72,72,72,72,72,72,72,72,72,72,72],"relic_stats":{"Blood Vial":34,"OrangePellets":[0],"Nunchaku":[0],"Happy Flower":[3],"counters":[29,82],"Mummified Hand":[7],"MealTicket":0,"Pen Nib":[7],"HandDrill":[6],"Kunai":[0],"Medical Kit":[2],"obtain_stats":[{"AT_ATBox":0,"Vajra":36,"AT_TimeSand":38,"Sling":30,"AT_ArchangelStaff":36,"ats:Special":42,"EasyMod:Easy_2":43,"Blood Vial":11,"EasyMod:Easy_5":19,"EasyMod:Easy_7":19,"MealTicket":38,"HandDrill":36,"Kunai":36,"Toxic Egg 2":46,"MerchantsRug":15,"testmod-TestBox":0,"Dodecahedron":38,"Happy Flower":40,"Pen Nib":14,"AT_EbonyIvory":44,"REME_LimitBreaker":26,"EasyRelic":0,"OrangePellets":36,"Bottled Flame":13,"AT_SpeedBoots":46,"Molten Egg 2":46,"GodSword6":9,"Technique":19,"AT_DeathDance":15,"ats:Spiritual Recovery":12,"Lantern":30,"DaveBox":0,"DiscerningMonocle":34,"testmod-BouquetWithThorns":0,"Ancient Tea Set":27,"Nunchaku":42,"Mummified Hand":42,"ats:Sanity":0,"AT_ChloranthyRing":38,"testmod-CyclicPeriapt":0,"Omamori":15,"Medical Kit":0,"White Beast Statue":23,"ChaoDraw":38,"AT_ImmortalShieldbow":30,"testmod-Antiphasic":42,"SynthV:TestCard":1,"ats:Originium":11,"Bag of Marbles":24,"Membership Card":15,"REME_ComplimentaryCards":0},{"AT_ATBox":0,"Vajra":20,"AT_TimeSand":21,"Sling":17,"AT_ArchangelStaff":20,"ats:Special":24,"EasyMod:Easy_2":24,"Blood Vial":4,"EasyMod:Easy_5":9,"EasyMod:Easy_7":9,"MealTicket":21,"HandDrill":20,"Kunai":20,"Toxic Egg 2":26,"MerchantsRug":7,"testmod-TestBox":0,"Dodecahedron":21,"Happy Flower":23,"Pen Nib":7,"AT_EbonyIvory":25,"REME_LimitBreaker":15,"EasyRelic":0,"OrangePellets":20,"Bottled Flame":6,"AT_SpeedBoots":26,"Molten Egg 2":26,"GodSword6":3,"Technique":9,"AT_DeathDance":7,"ats:Spiritual Recovery":5,"Lantern":17,"DaveBox":0,"DiscerningMonocle":19,"testmod-BouquetWithThorns":0,"Ancient Tea Set":16,"Nunchaku":24,"Mummified Hand":24,"ats:Sanity":0,"AT_ChloranthyRing":21,"testmod-CyclicPeriapt":0,"Omamori":7,"Medical Kit":0,"White Beast Statue":13,"ChaoDraw":21,"AT_ImmortalShieldbow":17,"testmod-Antiphasic":24,"SynthV:TestCard":1,"ats:Originium":4,"Bag of Marbles":14,"Membership Card":7,"REME_ComplimentaryCards":0},{"AT_ATBox":0,"Vajra":68,"AT_TimeSand":69,"Sling":55,"AT_ArchangelStaff":68,"ats:Special":77,"EasyMod:Easy_2":77,"Blood Vial":10,"EasyMod:Easy_5":27,"EasyMod:Easy_7":27,"MealTicket":69,"HandDrill":68,"Kunai":68,"Toxic Egg 2":79,"MerchantsRug":19,"testmod-TestBox":0,"Dodecahedron":69,"Happy Flower":72,"Pen Nib":19,"AT_EbonyIvory":78,"REME_LimitBreaker":50,"EasyRelic":0,"OrangePellets":68,"Bottled Flame":17,"AT_SpeedBoots":79,"Molten Egg 2":79,"GodSword6":6,"Technique":27,"AT_DeathDance":19,"ats:Spiritual Recovery":13,"Lantern":55,"DaveBox":0,"DiscerningMonocle":64,"testmod-BouquetWithThorns":0,"Ancient Tea Set":53,"Nunchaku":77,"Mummified Hand":77,"ats:Sanity":0,"AT_ChloranthyRing":69,"testmod-CyclicPeriapt":0,"Omamori":19,"Medical Kit":0,"White Beast Statue":42,"ChaoDraw":69,"AT_ImmortalShieldbow":55,"testmod-Antiphasic":77,"SynthV:TestCard":3,"ats:Originium":10,"Bag of Marbles":45,"Membership Card":19,"REME_ComplimentaryCards":0}]},"card_choices":[{"not_picked":["ats:Leaping Hammer","ats:Consecutive Shot Auto"],"picked":"ats:Ignite","floor":1.0},{"not_picked":["ats:Hammer On","ats:Charging Defense","ats:Explosion Area Strengthen","ats:Curse Doll"],"picked":"ats:Mental Burst","floor":4.0},{"not_picked":["ats:Explosion Area Strengthen","ats:Shell Defense","ats:Powerful Strike","ats:Leaping Hammer"],"picked":"ats:Spore Proliferation","floor":5.0},{"not_picked":["ats:Assault Order","ats:Ignite","ats:Flexible Camouflage","ats:Shadow Raid"],"picked":"ats:Revitalization","floor":11},{"not_picked":["ats:Echo Reverb","ats:Thermite Blade","ats:Consecutive Shot Auto","ats:Powerful Strike","ats:Magnetic Hammer"],"picked":"SKIP","floor":12},{"not_picked":["ats:Overload","ats:Flame Of Heaven","ats:Consecutive Shot Auto","ats:Encircling Forest"],"picked":"ats:Directed Diagnosis","floor":13},{"not_picked":["ats:Mental Burst","ats:Nebulous Foxfire","ats:Hook Shot","ats:Explosion Area Strengthen"],"picked":"ats:Ignite","floor":14},{"not_picked":["ats:Neurotoxin","ats:Curse Doll","ats:Encircling Forest","ats:Cat Scratch"],"picked":"ats:Support Order","floor":18},{"not_picked":["ats:Shell Defense","ats:Explosion Area Strengthen+1","ats:Flexible Camouflage","ats:Guardian Obelisk"],"picked":"ats:Ignite","floor":20},{"not_picked":["ats:Healing Strengthening","ats:Cat Scratch","ats:Revitalization+1","ats:Composite Medical Shells"],"picked":"ats:Counter Healing Mode","floor":21},{"not_picked":["ats:Consecutive Shot Auto+1","ats:Shadow Assault","ats:Hook Shot+1","ats:Collapsing Strike","ats:Powerful Strike"],"picked":"SKIP","floor":22},{"not_picked":["ats:Shell Defense","ats:Overload","ats:Revitalization","ats:Flexible Camouflage","ats:Disruption Kick"],"picked":"SKIP","floor":23},{"not_picked":["ats:Revitalization","ats:Rapid Magazine","ats:Healing Strengthening","ats:Flexible Camouflage+1"],"picked":"ats:Assault Order","floor":24},{"not_picked":["ats:Cat Scratch","ats:Explosion Area Strengthen","ats:Apocalypse","ats:Assault Order+1"],"picked":"ats:Defend Order","floor":25},{"not_picked":["ats:Collapsing Strike","ats:Neurotoxin","ats:LN2 Cannon+1","ats:Shadow Raid+1","ats:Counter Healing Mode"],"picked":"SKIP","floor":27},{"not_picked":["ats:Red Shift","ats:Explosion Area Strengthen","ats:Revitalization","ats:Flexible Camouflage"],"picked":"ats:Apocalypse+1","floor":29},{"not_picked":["ats:Flexible Camouflage+1","ats:Ambush","ats:Explosion Area Strengthen","ats:Consecutive Shot Auto"],"picked":"ats:Apocalypse","floor":31},{"not_picked":["ats:Disruption Kick","ats:Ambush","ats:Rat Pack","ats:Soul Rend"],"picked":"ats:Roar Of Ursus","floor":33},{"not_picked":["ats:Powerful Strike","ats:Explosion Area Strengthen+1","ats:Leaping Hammer+1","ats:Directed Diagnosis","ats:Flexible Camouflage"],"picked":"SKIP","floor":35},{"not_picked":["ats:Assault Order+1","ats:Poison Spread+1","ats:Revitalization+1","ats:Hammer On","ats:Powerful Strike+1"],"picked":"SKIP","floor":37},{"not_picked":["ats:Hammer On+1","ats:Chain Hook","ats:Hook Shot","ats:Poison Spread"],"picked":"ats:Healing Strengthening","floor":39},{"not_picked":["ats:Shadow Raid","ats:Leaping Hammer+1","ats:Roar Of Ursus","ats:Consecutive Shot Auto+1","ats:LN2 Cannon"],"picked":"SKIP","floor":40},{"not_picked":["ats:Curse Doll","ats:Childhood Dance","ats:Leaping Hammer","ats:Fractured Body","ats:Closed Bolt Burst Fire"],"picked":"SKIP","floor":41},{"not_picked":["ats:Thermite Blade+1","ats:Shell Defense+1","ats:Directed Diagnosis","ats:Shadow Raid+1"],"picked":"ats:Guardian Obelisk+1","floor":44},{"not_picked":["ats:Consecutive Shot Auto","ats:Revitalization+1","ats:Flexible Camouflage+1","ats:Leaping Hammer+1","ats:Automatic Cover+1"],"picked":"SKIP","floor":45},{"not_picked":["ats:Consecutive Shot Auto+1","ats:Poison Spread+1","ats:Flexible Camouflage+1","ats:Very Hot Blade+1","ats:Explosion Area Strengthen+1"],"picked":"SKIP","floor":47},{"not_picked":["ats:Sunburst+1","ats:Apocalypse+1","ats:Flexible Camouflage+1","ats:Directed Diagnosis+1","ats:Steam Pump+1"],"picked":"SKIP","floor":48}],"player_experience":213966,"relics_obtained":[{"floor":1.0,"key":"SynthV:TestCard"},{"floor":9,"key":"GodSword6"},{"floor":11,"key":"ats:Originium"},{"floor":11,"key":"Blood Vial"},{"floor":12,"key":"ats:Originium"},{"floor":12,"key":"ats:Spiritual Recovery"},{"floor":13,"key":"ats:Originium"},{"floor":13,"key":"Bottled Flame"},{"floor":14,"key":"Pen Nib"},{"floor":23,"key":"White Beast Statue"},{"floor":24,"key":"Bag of Marbles"},{"floor":26,"key":"REME_LimitBreaker"},{"floor":27,"key":"Ancient Tea Set"},{"floor":40,"key":"Happy Flower"},{"floor":43,"key":"EasyMod:Easy_2"},{"floor":44,"key":"AT_EbonyIvory"}],"event_choices":[{"damage_healed":0.0,"max_hp_gain":0.0,"max_hp_loss":0.0,"gold_gain":0.0,"event_name":"NoteForYourself","player_choice":"Ignored","floor":2.0,"gold_loss":0.0,"damage_taken":0.0},{"damage_healed":0.0,"max_hp_gain":0.0,"max_hp_loss":0.0,"gold_gain":75.0,"event_name":"World of Goop","player_choice":"Gather Gold","floor":7.0,"gold_loss":0.0,"damage_taken":11.0},{"damage_healed":0,"gold_gain":400,"player_choice":"Sell","damage_taken":0,"max_hp_gain":0,"max_hp_loss":0,"event_name":"恩洛斯的盘子","floor":10,"relics_lost":["DaveBox"],"gold_loss":0}],"is_beta":false,"boss_relics":[{"not_picked":["testmod-PortableAltar","OneHitWonderSystem","Ectoplasm"]},{"not_picked":["SacredBark","ExusiaiGun"],"picked":"DiscerningMonocle"}],"items_purged_floors":[15,19,30,36,36,38,42],"is_endless":false,"potions_floor_spawned":[4,13,16,20,22,24,25,27,29,31,33,35,37,39,40,41,44,45,47,48],"ascension_level":0}}