{"host":"agflykcedf93aoo8","time":1609513345,"event":{"mods":["BaseMod","Hermit","Minty Spire (QoL Compilation)","StSLib","Td1madao Mod","The Bug Knight","The Cursed","The Gatherer","The Hierophant","The Runesmith"],"gold_per_floor":[113,288,108,124,124,124,156,156,156,224,285,410,460,480,480,582,582,604,654,239,289,309,309,350,374,397,454,461,461],"floor_reached":28,"playtime":2485,"items_purged":["Doubt","hermit:Defend_Hermit"],"score":287,"play_id":"9e2c1c00-c34e-4d23-946c-7bfbfbab1ccb","local_time":"20210102000225","is_ascension_mode":true,"campfire_choices":[{"data":"hermit:Scavenge","floor":6,"key":"SMITH"},{"floor":15,"key":"REST"},{"data":"hermit:LoneWolf","floor":23,"key":"SMITH"}],"circlet_count":0,"master_deck":["hermit:Strike_Hermit","hermit:Strike_Hermit","hermit:Strike_Hermit","hermit:Strike_Hermit","hermit:Defend_Hermit","hermit:Defend_Hermit","hermit:Defend_Hermit","hermit:Snapshot","hermit:Covet","hermit:Vantage","hermit:Showdown","hermit:Scavenge+1","hermit:Dissolve","hermit:TakeAim","hermit:GhostlyPresence","hermit:LoneWolf+1","hermit:Gambit","hermit:Maintenance","hermit:Deadeye","hermit:Dive"],"relics":["hermit:Momento","NeowsBlessing","Nunchaku","Kunai","SsserpentHead","HollowMod:LifeEnderRelic","Eternal Feather","Black Star","Unceasing Top","Centennial Puzzle","TungstenRod","HollowMod:PaleOreRelic"],"acts_visited":["Exordium","TheCity"],"potions_floor_usage":[11,11,18,27],"damage_taken":[{"damage":0,"enemies":"2 Louse","floor":1,"turns":1},{"damage":0,"enemies":"Small Slimes","floor":4,"turns":1},{"damage":0,"enemies":"3 Sentries","floor":7,"turns":1},{"damage":7,"enemies":"Cultist","floor":10,"turns":5},{"damage":2,"enemies":"Lots of Slimes","floor":11,"turns":5},{"damage":2,"enemies":"2 Fungi Beasts","floor":14,"turns":6},{"damage":34,"enemies":"The Guardian","floor":16,"turns":16},{"damage":7,"enemies":"Shell Parasite","floor":18,"turns":8},{"damage":31,"enemies":"3 Byrds","floor":22,"turns":10},{"damage":11,"enemies":"HollowMod:Nosk","floor":24,"turns":10},{"damage":12,"enemies":"3 Cultists","floor":25,"turns":8},{"damage":8,"enemies":"Colosseum Slavers","floor":27,"turns":6},{"damage":0,"enemies":"Centurion and Healer","floor":28,"turns":1}],"seed_played":"-2574544158658445550","potions_obtained":[{"floor":7,"key":"Swift Potion"},{"floor":10,"key":"Block Potion"},{"floor":16,"key":"Energy Potion"},{"floor":25,"key":"ColorlessPotion"}],"is_trial":false,"path_per_floor":["M","?","$","M","?","R","E","?","T","M","M","?","T","M","R","B",null,"M","?","$","?","M","R","E","M","T","?","M"],"character_chosen":"HERMIT","items_purchased":["hermit:Showdown","hermit:Scavenge","Unceasing Top"],"campfire_rested":1,"item_purchase_floors":[3,3,20],"current_hp_per_floor":[75,75,75,75,50,50,50,50,50,43,41,30,30,28,59,25,75,68,68,68,54,23,32,21,9,9,1,1,1],"gold":461,"neow_bonus":"THREE_ENEMY_KILL","is_daily":false,"chose_seed":false,"campfire_upgraded":2,"win_rate":0.0,"timestamp":1609513345,"path_taken":["M","?","$","M","?","R","E","?","T","?","?","?","?","M","R","BOSS","M","?","$","?","M","R","E","M","T","?","M"],"items_purchased_type":["Card","Card","Relic"],"build_version":"2020-12-22","purchased_purges":2,"victory":false,"max_hp_per_floor":[75,75,75,75,75,75,75,75,75,75,75,75,75,75,75,75,75,75,75,75,80,80,80,80,80,80,80,80,80],"card_choices":[{"not_picked":["hermit:TrackingShot","hermit:LowProfile"],"picked":"hermit:Vantage","floor":1},{"not_picked":["hermit:Gestalt","hermit:Headshot"],"picked":"hermit:Dissolve","floor":4},{"not_picked":["hermit:ItchyTrigger","hermit:Malice","hermit:Ricochet"],"picked":"SKIP","floor":7},{"not_picked":["hermit:Dive","hermit:LoneWolf"],"picked":"hermit:TakeAim","floor":10},{"not_picked":["hermit:Shortfuse","hermit:PistolWhip"],"picked":"hermit:GhostlyPresence","floor":11},{"not_picked":["hermit:WideOpen","hermit:Combo"],"picked":"hermit:LoneWolf","floor":14},{"not_picked":["hermit:Adapt","hermit:Purgatory"],"picked":"hermit:Gambit","floor":16},{"not_picked":["hermit:Vantage","hermit:HoleUp+1","hermit:GhostlyPresence"],"picked":"SKIP","floor":18},{"not_picked":["hermit:ItchyTrigger","hermit:LowProfile"],"picked":"hermit:Deadeye","floor":22},{"not_picked":["hermit:CursedWeapon+1","hermit:Malice"],"picked":"hermit:Dive","floor":24},{"not_picked":["hermit:Maintenance","hermit:TrackingShot","hermit:Roulette"],"picked":"SKIP","floor":25}],"player_experience":360115,"relics_obtained":[{"floor":7,"key":"Kunai"},{"floor":9,"key":"HollowMod:LifeEnderRelic"},{"floor":13,"key":"Eternal Feather"},{"floor":24,"key":"Centennial Puzzle"},{"floor":24,"key":"TungstenRod"},{"floor":26,"key":"HollowMod:PaleOreRelic"}],"event_choices":[{"damage_healed":0,"gold_gain":175,"player_choice":"AGREE","damage_taken":0,"max_hp_gain":0,"max_hp_loss":0,"event_name":"Liars Game","floor":2,"gold_loss":0,"cards_obtained":["Doubt"]},{"damage_healed":0,"gold_gain":0,"player_choice":"Success","damage_taken":25,"relics_obtained":["Nunchaku"],"max_hp_gain":0,"max_hp_loss":0,"event_name":"Scrap Ooze","floor":5,"gold_loss":0},{"damage_healed":0,"gold_gain":0,"player_choice":"Trade","damage_taken":0,"relics_obtained":["SsserpentHead"],"max_hp_gain":0,"max_hp_loss":0,"event_name":"FaceTrader","floor":8,"gold_loss":0},{"damage_healed":0,"gold_gain":75,"player_choice":"Gather Gold","damage_taken":11,"max_hp_gain":0,"max_hp_loss":0,"event_name":"World of Goop","floor":12,"gold_loss":0},{"damage_healed":0,"gold_gain":0,"player_choice":"Read","damage_taken":0,"max_hp_gain":0,"max_hp_loss":0,"event_name":"The Library","floor":19,"gold_loss":0,"cards_obtained":["hermit:Maintenance"]},{"damage_healed":0,"gold_gain":0,"player_choice":"Shed Blood","damage_taken":19,"max_hp_gain":5,"max_hp_loss":0,"event_name":"Forgotten Altar","floor":21,"gold_loss":0},{"damage_healed":0,"gold_gain":0,"player_choice":"Fight","damage_taken":0,"max_hp_gain":0,"max_hp_loss":0,"event_name":"Colosseum","floor":27,"gold_loss":0},{"damage_healed":0,"gold_gain":0,"player_choice":"Fled From Nobs","damage_taken":0,"max_hp_gain":0,"max_hp_loss":0,"event_name":"Colosseum","floor":27,"gold_loss":0}],"is_beta":false,"boss_relics":[{"not_picked":["Snecko Eye","Astrolabe"],"picked":"Black Star"}],"items_purged_floors":[3,20],"is_endless":false,"potions_floor_spawned":[7,10,16,25,27],"killed_by":"Centurion and Healer","ascension_level":2}}