{"host":"1kq2ingo3j45gyyp","time":1609490002,"event":{"mods":["BaseMod","Better Note","Better Third Choice","Downfall","Minty Spire (QoL Compilation)","StSLib"],"gold_per_floor":[99,119,132,132,146,165,191,116,31,50,35,69,69,85,103,198,198,123,135,153,153,115,131,203,231,251,251,80,5,19,19,35,133,133,133,152,152,2,18,63,89,107,107,135,147,172,172,172,192,192,192,192,192,192],"floor_reached":52,"playtime":2867,"items_purged":["champ:Strike"],"score":706,"play_id":"6313b559-244b-4178-959c-1a2a7707a7ff","local_time":"20210101033322","is_ascension_mode":false,"campfire_choices":[{"data":"champ:Improvising","floor":1,"key":"SMITH"},{"floor":8,"key":"RECALL"},{"floor":13,"key":"REST"},{"data":"champ:Improvising","floor":18,"key":"SMITH"},{"data":"champ:Taunt","floor":29,"key":"SMITH"},{"data":"champ:Riposte","floor":35,"key":"SMITH"},{"floor":47,"key":"REST"}],"circlet_count":0,"master_deck":["champ:Strike","champ:Strike","champ:Strike","champ:Defend+1","champ:Defend","champ:Defend","champ:Defend","champ:Execute","champ:Taunt+1","champ:Improvising+1","champ:GutPunch","champ:Haymaker","champ:FanOfKnives","champ:FlashCut","champ:Riposte+1","champ:Balance","champ:EnragedBash","champ:Backstep+1","champ:FlashCut","champ:Aggression","champ:TornadoPunch","champ:Improvising+1","champ:Circumvent","champ:GladiatorsShout","champ:StanceDance","champ:Haymaker+1","champ:BringItOn","champ:SkillfulDodge","champ:IronFortress","champ:PerfectForm","champ:FaceSlap","champ:PerfectForm","champ:Haymaker","expansioncontent:ChargeUp","champ:DancingMaster","champ:DefensiveShout","champ:AdrenalArmor+1","champ:DancingMaster"],"relics":["champ:ChampionCrown","Question Card","downfall:HeartBlessingBlue","champ:FightingForDummies","Sozu","downfall:HeartBlessingRed","Meat on the Bone","War Paint","Ginger","champ:BerserkersGuideToSlaughter","downfall:HeartBlessingGreen","MutagenicStrength","Runic Dome","Ice Cream","Boot","Centennial Puzzle","champ:DefensiveTrainingManual"],"acts_visited":["Exordium","TheCity","TheBeyond","TheEnding"],"potions_floor_usage":[16,25],"damage_taken":[{"damage":11,"enemies":"Cultist","floor":2,"turns":4},{"damage":10,"enemies":"2 Louse","floor":3,"turns":2},{"damage":8,"enemies":"Jaw Worm","floor":5,"turns":3},{"damage":8,"enemies":"Lots of Slimes","floor":6,"turns":3},{"damage":5,"enemies":"downfall:FleeingMerchant","floor":9,"turns":4},{"damage":3,"enemies":"Large Slime","floor":10,"turns":4},{"damage":19,"enemies":"downfall:FleeingMerchant","floor":11,"turns":4},{"damage":37,"enemies":"Gremlin Nob","floor":12,"turns":4},{"damage":10,"enemies":"3 Louse","floor":14,"turns":2},{"damage":0,"enemies":"2 Fungi Beasts","floor":15,"turns":2},{"damage":30,"enemies":"downfall:Silent","floor":16,"turns":6},{"damage":10,"enemies":"Spheric Guardian","floor":19,"turns":3},{"damage":25,"enemies":"Snake Plant","floor":20,"turns":4},{"damage":32,"enemies":"downfall:FleeingMerchant","floor":22,"turns":4},{"damage":17,"enemies":"Cultist and Chosen","floor":23,"turns":5},{"damage":35,"enemies":"Gremlin Leader","floor":25,"turns":7},{"damage":27,"enemies":"Centurion and Healer","floor":26,"turns":5},{"damage":7,"enemies":"downfall:FleeingMerchant","floor":28,"turns":3},{"damage":15,"enemies":"Snake Plant","floor":30,"turns":2},{"damage":7,"enemies":"Chosen and Byrds","floor":32,"turns":5},{"damage":21,"enemies":"downfall:Ironclad","floor":33,"turns":7},{"damage":13,"enemies":"3 Shapes","floor":36,"turns":5},{"damage":5,"enemies":"Orb Walker","floor":39,"turns":2},{"damage":26,"enemies":"2 Orb Walkers","floor":40,"turns":5},{"damage":27,"enemies":"Maw","floor":42,"turns":6},{"damage":38,"enemies":"Nemesis","floor":44,"turns":7},{"damage":4,"enemies":"3 Darklings","floor":45,"turns":3},{"damage":33,"enemies":"Spire Growth","floor":49,"turns":5},{"damage":28,"enemies":"downfall:Watcher","floor":50,"turns":7},{"damage":121,"enemies":"downfall:CharBossMerchant","floor":52,"turns":7}],"seed_played":"-5417443465757445194","potions_obtained":[{"floor":10,"key":"sneckomod:MuddlingPotion"},{"floor":12,"key":"Strength Potion"},{"floor":14,"key":"EssenceOfSteel"},{"floor":15,"key":"Guardian:BlockOnCardUsePotion"},{"floor":16,"key":"hexamod:EctoCoolerPotion"}],"is_trial":false,"path_per_floor":["R","M","M","T","M","M","T","R","$","M","$","E","R","M","M","B",null,"R","M","M","?","$","M","T","E","M","?","$","R","M","?","M","B",null,"R","M","?","$","M","?","T","M","?","E","M","T","R","?","M","B",null,"E"],"character_chosen":"THE_CHAMP","items_purchased":["champ:Balance","champ:StanceDance","Ginger","champ:IronFortress","champ:BerserkersGuideToSlaughter","champ:DancingMaster"],"campfire_rested":2,"item_purchase_floors":[9,22,28,28,28,38],"current_hp_per_floor":[90,84,79,79,71,66,66,76,76,76,66,38,68,68,68,51,100,100,92,72,72,63,50,50,39,34,34,46,46,43,43,53,57,100,100,100,100,100,100,82,82,74,74,55,57,57,87,87,59,77,100,0,0,0],"gold":192,"neow_bonus":"ONE_RANDOM_RARE_CARD","is_daily":false,"chose_seed":false,"campfire_upgraded":4,"win_rate":0.0,"timestamp":1609490002,"path_taken":["R","M","M","?","M","M","T","R","?","M","$","E","R","M","M","BOSS","R","M","M","?","$","M","T","E","?","?","$","R","M","?","M","BOSS","R","M","?","$","M","?","T","M","?","E","?","?","R","?","M","BOSS","E"],"items_purchased_type":["Card","Card","Relic","Card","Relic","Card"],"build_version":"2020-12-22","purchased_purges":1,"victory":false,"max_hp_per_floor":[90,90,90,90,90,90,90,100,100,100,100,100,100,100,100,100,100,100,100,100,100,100,100,100,100,100,100,100,100,100,100,100,100,100,100,100,100,100,100,100,100,100,100,100,100,100,100,100,100,100,100,100,100,100],"card_choices":[{"not_picked":["champ:GladiatorsShout","champ:DefensiveShout"],"picked":"champ:GutPunch","floor":2},{"not_picked":["champ:FocusedGladiator","champ:GladiatorStyle"],"picked":"champ:Haymaker","floor":3},{"not_picked":["champ:FocusedGladiator","champ:BringItOn","champ:ShieldThrow"],"picked":"champ:FanOfKnives","floor":5},{"not_picked":["champ:ViciousMockery","champ:EnragedBash","champ:BerserkersShout"],"picked":"champ:FlashCut","floor":6},{"not_picked":["champ:FocusedDefense","champ:FocusedGladiator","champ:Circumvent"],"picked":"champ:Riposte","floor":9},{"not_picked":["champ:ArenaPreparation","champ:GladiatorStyle","champ:Haymaker"],"picked":"champ:EnragedBash","floor":10},{"not_picked":["champ:AdrenalArmor","champ:BladeFlurry","champ:FalseCounter"],"picked":"champ:Backstep","floor":11},{"not_picked":["champ:EnragedBash","champ:PerfectedStrike","champ:FightOn"],"picked":"champ:FlashCut","floor":12},{"not_picked":["champ:CalledShot","champ:BladeFlurry","champ:BerserkerStyle"],"picked":"champ:Aggression","floor":14},{"not_picked":["champ:ArenaPreparation","champ:Shatter","champ:BringItOn"],"picked":"champ:TornadoPunch","floor":15},{"not_picked":["champ:StrikeOfGenius","champ:ShieldThrow","champ:MurderStrike"],"picked":"champ:Improvising","floor":16},{"not_picked":["champ:Aggression","champ:Lariat","champ:FocusedDefense"],"picked":"champ:Circumvent","floor":19},{"not_picked":["champ:FanOfKnives+1","champ:PerfectedStrike","champ:DefensiveStyle"],"picked":"champ:GladiatorsShout","floor":20},{"not_picked":["champ:RecklessLeap+1","champ:FlashCut","champ:Lariat","champ:SwordThrow"],"picked":"SKIP","floor":22},{"not_picked":["champ:ArenaPreparation","champ:DefensiveShout","champ:ShieldWall"],"picked":"champ:Haymaker+1","floor":23},{"not_picked":["champ:FlashCut","champ:MurderStrike","champ:StanceDance"],"picked":"champ:BringItOn","floor":25},{"not_picked":["champ:PreciseThrust","champ:TornadoPunch","champ:EnGarde","champ:BladeFlurry"],"picked":"SKIP","floor":26},{"not_picked":["champ:StanceDance","champ:EndlessRage","champ:BringItOn"],"picked":"champ:SkillfulDodge","floor":28},{"not_picked":["champ:FlashCut","champ:BerserkerStyle","champ:CrookedStrike"],"picked":"champ:PerfectForm","floor":30},{"not_picked":["champ:FanOfKnives","champ:TornadoPunch","champ:BladeFlurry"],"picked":"champ:FaceSlap","floor":32},{"not_picked":["champ:LastStand","champ:HoldFirm","champ:CrownThrow"],"picked":"champ:PerfectForm","floor":33},{"not_picked":["champ:SkillfulDodge","champ:EnGarde","champ:FanOfKnives+1"],"picked":"champ:Haymaker","floor":36},{"not_picked":["expansioncontent:DefensiveMode","expansioncontent:PolyBeam","expansioncontent:HyperBeam"],"picked":"expansioncontent:ChargeUp","floor":37},{"not_picked":["champ:BerserkerStyle","champ:Backstep+1","champ:GladiatorsShout","champ:CrookedStrike"],"picked":"SKIP","floor":39},{"not_picked":["champ:FocusedGladiator","champ:FlashCut","champ:RecklessLeap+1"],"picked":"champ:DefensiveShout","floor":40},{"not_picked":["champ:FanOfKnives","champ:BladeFlurry","champ:Backstep"],"picked":"champ:AdrenalArmor+1","floor":42},{"not_picked":["champ:GladiatorsShout","champ:AdrenalArmor","champ:FightOn","champ:DeathBlow"],"picked":"SKIP","floor":44},{"not_picked":["champ:FalseCounter+1","champ:DefensiveShout+1","champ:BladeFlurry+1","champ:BerserkerStyle+1"],"picked":"SKIP","floor":45},{"not_picked":["champ:RapidStrikes+1","champ:FocusedDefense","champ:DefensiveShout+1","champ:FlashCut"],"picked":"SKIP","floor":49}],"player_experience":821279,"relics_obtained":[{"floor":4,"key":"Question Card"},{"floor":12,"key":"champ:FightingForDummies"},{"floor":24,"key":"Meat on the Bone"},{"floor":25,"key":"War Paint"},{"floor":40,"key":"Ice Cream"},{"floor":41,"key":"Boot"},{"floor":44,"key":"Centennial Puzzle"},{"floor":46,"key":"champ:DefensiveTrainingManual"}],"event_choices":[{"damage_healed":0,"gold_gain":0,"player_choice":"Ignored","damage_taken":0,"max_hp_gain":0,"max_hp_loss":0,"event_name":"betterNote:BetterNote","floor":21,"gold_loss":0,"cards_obtained":["Blind"]},{"damage_healed":0,"gold_gain":0,"player_choice":"Inject Mutagens","damage_taken":0,"relics_obtained":["MutagenicStrength"],"max_hp_gain":0,"max_hp_loss":0,"event_name":"Drug Dealer","floor":31,"gold_loss":0},{"damage_healed":0,"gold_gain":0,"player_choice":"Fight","damage_taken":0,"max_hp_gain":0,"max_hp_loss":0,"event_name":"Mysterious Sphere","floor":40,"gold_loss":0},{"damage_healed":0,"gold_gain":0,"player_choice":"Copied","damage_taken":0,"max_hp_gain":0,"max_hp_loss":0,"event_name":"Duplicator","floor":43,"gold_loss":0,"cards_obtained":["champ:DancingMaster"]}],"is_beta":false,"boss_relics":[{"not_picked":["Empty Cage","Black Star"],"picked":"Sozu"},{"not_picked":["Tiny House","Fusion Hammer"],"picked":"Runic Dome"}],"items_purged_floors":[38],"is_endless":false,"potions_floor_spawned":[10,12,14,15,16,20,23,26,30,40,42,44],"killed_by":"downfall:CharBossMerchant","ascension_level":0}}