{"host":"fm9e0lfunjlbhzxv","time":1609471792,"event":{"mods":["2.2 Compatiblity","Astrologer","BaseMod","Better Match","Better Skull","Better Third Choice","Colored Map","Colored Powertips","Downfall","Key Reminder","Minty Spire (QoL Compilation)","Permanent Neow","Rare Cards Sparkle","Relic Stats","Remilia??????","StSLib","The Administrix","The Bug Knight","The Cursed","The Disciple","The Mystic","The Servant 0.9.4","The Vixen","slay the spire mod where everything is the same but ironclad has a cowboy hat"],"gold_per_floor":[113,123,142,161,119,119,119],"floor_reached":6,"playtime":480,"items_purged":[],"score":40,"play_id":"7fa7904f-4957-49b6-85f6-1475d9be7569","local_time":"20201231192952","is_ascension_mode":true,"campfire_choices":[],"circlet_count":0,"master_deck":["astrologer:Strike","astrologer:Strike","astrologer:Strike","astrologer:Strike","astrologer:Defend","astrologer:Defend","astrologer:Defend","astrologer:Defend","astrologer:NorthStar","astrologer:TheFool","astrologer:Sunrise","astrologer:Shine","astrologer:SolarFlare","astrologer:TheChariot"],"relics":["Snecko Eye","betterThird:SlimedRelic"],"acts_visited":["Exordium"],"potions_floor_usage":[6],"damage_taken":[{"damage":8,"enemies":"Jaw Worm","floor":1,"turns":4},{"damage":0,"enemies":"Small Slimes","floor":2,"turns":3},{"damage":1,"enemies":"Cultist","floor":3,"turns":3},{"damage":5,"enemies":"Large Slime","floor":4,"turns":9},{"damage":78,"enemies":"Gremlin Nob","floor":6,"turns":6}],"seed_played":"-5891364067716561796","potions_obtained":[{"floor":3,"key":"LiquidBronze"}],"is_trial":false,"path_per_floor":["M","M","M","M","?","E"],"character_chosen":"ASTROLOGER","items_purchased":[],"campfire_rested":0,"item_purchase_floors":[],"current_hp_per_floor":[62,62,61,56,45,0,0],"gold":119,"neow_bonus":"BOSS_RELIC","is_daily":false,"chose_seed":false,"campfire_upgraded":0,"win_rate":0.0,"timestamp":1609471792,"path_taken":["M","M","M","M","?","E"],"items_purchased_type":[],"build_version":"2020-12-22","purchased_purges":0,"victory":false,"max_hp_per_floor":[70,70,70,70,70,70,70],"relic_stats":{"counters":[5,25],"Snecko Eye":[56,37,44,50],"obtain_stats":[{"betterThird:SlimedRelic":5,"Snecko Eye":0,"astrologer:SkyMirror":0},{"betterThird:SlimedRelic":4,"Snecko Eye":0,"astrologer:SkyMirror":0},{"betterThird:SlimedRelic":19,"Snecko Eye":0,"astrologer:SkyMirror":0}]},"card_choices":[{"not_picked":["astrologer:SpaceDust","astrologer:Prismatic"],"picked":"astrologer:Sunrise","floor":1},{"not_picked":["astrologer:CometStrike","astrologer:Radiance"],"picked":"astrologer:Shine","floor":2},{"not_picked":["astrologer:FrozenStar","astrologer:TheHermit"],"picked":"astrologer:SolarFlare","floor":3},{"not_picked":["astrologer:StarOfMisfortune","astrologer:SolarFlare"],"picked":"astrologer:TheChariot","floor":4}],"player_experience":717417,"relics_obtained":[],"event_choices":[{"damage_healed":0,"gold_gain":0,"player_choice":"Slimed","damage_taken":11,"max_hp_gain":0,"max_hp_loss":0,"event_name":"betterThird:BetterGoop","floor":5,"gold_loss":42}],"is_beta":false,"boss_relics":[],"items_purged_floors":[],"is_endless":false,"potions_floor_spawned":[3],"killed_by":"Gremlin Nob","ascension_level":1}}