{"host":"qwv9nni2x0umspiu","time":1609467350,"event":{"mods":["BaseMod","Downfall","Minty Spire (QoL Compilation)","Replay The Spire","StSLib","The Hierophant","Wandering Minibosses"],"gold_per_floor":[119,119,119,44,56,90,88,99,145,145,117,117,42,54,54,98,98,116,116,136,125,122,131,131,31,31,36,56,73,77,92,92,170,170,170],"floor_reached":34,"playtime":1597,"items_purged":["hierophant:Strike_Hierophant","Injury"],"score":906,"play_id":"b85ae2a2-ce71-41fa-b372-066750c8dd27","local_time":"20201231181550","is_ascension_mode":true,"campfire_choices":[{"data":"hierophant:Punish","floor":10,"key":"SMITH"},{"data":"hierophant:ChurchCoffers","floor":15,"key":"SMITH"},{"data":"hierophant:HammerAndAnvil","floor":24,"key":"SMITH"},{"data":"hierophant:Upheaval","floor":32,"key":"SMITH"}],"circlet_count":0,"master_deck":["AscendersBane","hierophant:Punish+1","hierophant:ChurchCoffers+1","hierophant:Smite","hierophant:Zeal","hierophant:Racketeering","hierophant:HammerAndAnvil+1","hierophant:Shelter+1","hierophant:Upheaval+1"],"relics":["hierophant:PropheticMaskRelic","NeowsBlessing","Chameleon Ring","Toy Ornithopter","Frozen Egg 2","Replay:Ancient Bell","Omamori","Garlic","FossilizedHelix","Mango","ReplayTheSpireMod:TigerMarble","Pandora\u0027s Box"],"acts_visited":["Exordium","TheCity"],"potions_floor_usage":[8,16,16,27,30,33],"damage_taken":[{"damage":0,"enemies":"Jaw Worm","floor":1,"turns":1},{"damage":0,"enemies":"2 Louse","floor":5,"turns":1},{"damage":0,"enemies":"3 Sentries","floor":6,"turns":1},{"damage":0,"enemies":"Cultist","floor":7,"turns":2},{"damage":10,"enemies":"Large Slime","floor":8,"turns":1},{"damage":0,"enemies":"Looter","floor":11,"turns":5},{"damage":0,"enemies":"Lots of Slimes","floor":14,"turns":1},{"damage":32,"enemies":"Fading Forest","floor":16,"turns":13},{"damage":6,"enemies":"Chosen","floor":18,"turns":4},{"damage":0,"enemies":"Spheric Guardian","floor":20,"turns":2},{"damage":15,"enemies":"Snake Plant","floor":21,"turns":5},{"damage":1,"enemies":"Shelled Parasite and Fungi","floor":22,"turns":3},{"damage":0,"enemies":"Book of Stabbing","floor":27,"turns":2},{"damage":7,"enemies":"3 Cultists","floor":28,"turns":5},{"damage":0,"enemies":"Sentry and Sphere","floor":29,"turns":1},{"damage":0,"enemies":"Snake Plant","floor":30,"turns":2},{"damage":0,"enemies":"Centurion and Healer","floor":31,"turns":2},{"damage":33,"enemies":"Champ","floor":33,"turns":7}],"seed_played":"-6037527323239493822","potions_obtained":[{"floor":1,"key":"Elixir"},{"floor":7,"key":"Death Potion"},{"floor":11,"key":"Venom Potion"},{"floor":14,"key":"DistilledChaos"},{"floor":20,"key":"Ancient Potion"},{"floor":21,"key":"Dexterity Potion"},{"floor":29,"key":"BlessingOfTheForge"},{"floor":31,"key":"Strength Potion"}],"is_trial":false,"path_per_floor":["M","?","?","?","M","E","M","M","T","R","M","T","$","M","R","B",null,"M","?","M","M","M","?","R","$","T","E","M","M","M","M","R","B",null],"character_chosen":"HIEROPHANT","items_purchased":[],"campfire_rested":0,"item_purchase_floors":[],"current_hp_per_floor":[68,45,45,45,45,45,45,35,35,35,35,35,35,35,35,13,60,54,54,54,39,38,28,28,28,28,33,26,26,31,31,31,3,3,3],"gold":170,"neow_bonus":"THREE_ENEMY_KILL","is_daily":false,"chose_seed":false,"campfire_upgraded":4,"win_rate":0.0,"timestamp":1609467350,"path_taken":["M","?","?","?","M","E","M","M","T","R","M","?","$","M","R","BOSS","M","?","M","M","M","?","R","$","T","E","M","M","M","M","R","BOSS"],"items_purchased_type":[],"build_version":"2020-12-22","purchased_purges":2,"victory":false,"max_hp_per_floor":[75,75,75,75,75,75,75,75,75,75,75,75,75,75,75,75,75,75,75,75,75,75,89,89,89,89,89,89,89,89,89,89,89,89,89],"card_choices":[{"not_picked":["hierophant:SecretStash","hierophant:Doubloon","hierophant:FieryStrike"],"picked":"SKIP","floor":1},{"not_picked":["hierophant:Encroach","hierophant:Refuge","hierophant:OrnateBuckler"],"picked":"SKIP","floor":5},{"not_picked":["hierophant:OrnateJavelin","hierophant:Prophecy"],"picked":"hierophant:Smite","floor":6},{"not_picked":["hierophant:Martyrdom","hierophant:OrnateBuckler","hierophant:Remorse"],"picked":"SKIP","floor":7},{"not_picked":["hierophant:TollTheBells","hierophant:Doubloon","hierophant:CursedGold"],"picked":"SKIP","floor":8},{"not_picked":["hierophant:Kindle","hierophant:FieryStrike"],"picked":"hierophant:Zeal","floor":11},{"not_picked":["hierophant:Purify","hierophant:PassingBell","hierophant:Bribe"],"picked":"SKIP","floor":14},{"not_picked":["hexamod:Haunted","Replay:Hysterical Blindness"],"picked":"AbeCurse","floor":17},{"not_picked":["ReplayTheSpireMod:Splinters","Shame"],"picked":"ReplayTheSpireMod:Doomed","floor":17},{"not_picked":["sneckomod:Bewildered","Spreading Infection"],"picked":"Injury","floor":17},{"not_picked":["hierophant:Remorse","hierophant:MorningPrayer+1","hierophant:Blessing+1"],"picked":"SKIP","floor":18},{"not_picked":["hierophant:TollTheBells","hierophant:CursedGold+1","hierophant:ConvertCurrency+1"],"picked":"SKIP","floor":20},{"not_picked":["hierophant:MorningPrayer","hierophant:DisplayOfPower"],"picked":"hierophant:Racketeering","floor":21},{"not_picked":["hierophant:Embezzle","hierophant:Smite","hierophant:LocustPlague"],"picked":"SKIP","floor":22},{"not_picked":["hierophant:Racketeering","hierophant:Purify+1"],"picked":"hierophant:HammerAndAnvil","floor":23},{"not_picked":["hierophant:Levitation","hierophant:PassingBell"],"picked":"hierophant:Shelter+1","floor":27},{"not_picked":["hierophant:Empathy","hierophant:Embezzle","hierophant:ConvertCurrency"],"picked":"SKIP","floor":28},{"not_picked":["hierophant:MorningPrayer+1","hierophant:Doubloon","hierophant:Remorse"],"picked":"SKIP","floor":29},{"not_picked":["hierophant:Empathy","hierophant:Zeal","hierophant:Remorse"],"picked":"SKIP","floor":30},{"not_picked":["hierophant:FlamingChariot","hierophant:Cornucopia"],"picked":"hierophant:Upheaval","floor":31}],"player_experience":1334452,"relics_obtained":[{"floor":6,"key":"Chameleon Ring"},{"floor":9,"key":"Toy Ornithopter"},{"floor":12,"key":"Frozen Egg 2"},{"floor":23,"key":"Mango"},{"floor":27,"key":"ReplayTheSpireMod:TigerMarble"}],"event_choices":[{"damage_healed":0,"gold_gain":0,"player_choice":"Entered Light","damage_taken":23,"max_hp_gain":0,"max_hp_loss":0,"event_name":"Shining Light","floor":2,"gold_loss":0,"cards_upgraded":["hierophant:Defend_Hierophant","hierophant:Defend_Hierophant"]},{"damage_healed":0,"gold_gain":0,"player_choice":"Ignored","damage_taken":0,"max_hp_gain":0,"max_hp_loss":0,"event_name":"Liars Game","floor":3,"gold_loss":0},{"cards_removed":["hierophant:Defend_Hierophant"],"damage_healed":0,"gold_gain":0,"player_choice":"Card Removal","damage_taken":0,"max_hp_gain":0,"max_hp_loss":0,"event_name":"The Cleric","floor":4,"gold_loss":75}],"is_beta":false,"boss_relics":[{"not_picked":["Coffee Dripper","Ectoplasm"],"picked":"Replay:Ancient Bell"},{"not_picked":["Smiling Mask","Oddly Smooth Stone"],"picked":"Omamori"},{"not_picked":["Quantum Egg","Snack Pack"],"picked":"Garlic"},{"not_picked":["Replay:PocketPolymizer","Gambling Chip"],"picked":"FossilizedHelix"},{"not_picked":["Ring of Chaos","Tiny House"],"picked":"Pandora\u0027s Box"}],"items_purged_floors":[13,25],"is_endless":false,"potions_floor_spawned":[1,7,11,14,20,21,29,31],"ascension_level":20}}