{"host":"9n6i2vl93jt4o42q","time":1609534918,"event":{"mods":["BaseMod","Minty Spire (QoL Compilation)","Relic Stats"],"gold_per_floor":[209,225,225,237,68,68,101,76,122,132,163,177,177,194,194,271,271,286,286,35,35,52,52,79,79,150,182,199,199,199],"floor_reached":29,"playtime":6530,"items_purged":["Strike_R"],"score":532,"play_id":"3d1856b4-4ef8-4e74-87e5-40a59070c0ba","local_time":"20210101220158","is_ascension_mode":true,"campfire_choices":[{"data":"True Grit","floor":6.0,"key":"SMITH"},{"data":"Armaments","floor":13.0,"key":"SMITH"},{"data":"Barricade","floor":15.0,"key":"SMITH"},{"data":"Berserk","floor":23.0,"key":"SMITH"},{"floor":25.0,"key":"REST"}],"circlet_count":0,"master_deck":["AscendersBane","Strike_R","Strike_R","Strike_R","Defend_R","Defend_R","Defend_R","Defend_R","Bash","Cleave","Rage","Juggernaut","Pommel Strike","Feel No Pain","True Grit+1","Iron Wave","Iron Wave","Armaments+1","Barricade+1","Headbutt","Body Slam","Berserk+1","Havoc","Inflame","Disarm","Pommel Strike"],"relics":["Burning Blood","MealTicket","Centennial Puzzle","Incense Burner","Busted Crown","Happy Flower","Regal Pillow","HornCleat","Mummified Hand"],"acts_visited":["Exordium","TheCity"],"potions_floor_usage":[],"damage_taken":[{"damage":2.0,"enemies":"2 Louse","floor":1.0,"turns":3.0},{"damage":7.0,"enemies":"Cultist","floor":2.0,"turns":4.0},{"damage":7.0,"enemies":"Jaw Worm","floor":4.0,"turns":3.0},{"damage":24.0,"enemies":"Lagavulin","floor":7.0,"turns":8.0},{"damage":15.0,"enemies":"3 Louse","floor":10.0,"turns":3.0},{"damage":20.0,"enemies":"3 Sentries","floor":11.0,"turns":5.0},{"damage":12.0,"enemies":"Lots of Slimes","floor":12.0,"turns":3.0},{"damage":0.0,"enemies":"Blue Slaver","floor":14.0,"turns":4.0},{"damage":23.0,"enemies":"Hexaghost","floor":16.0,"turns":12.0},{"damage":21.0,"enemies":"Chosen","floor":18.0,"turns":5.0},{"damage":19.0,"enemies":"Shell Parasite","floor":22.0,"turns":5.0},{"damage":57.0,"enemies":"Slavers","floor":24.0,"turns":8.0},{"damage":22.0,"enemies":"Gremlin Leader","floor":27.0,"turns":8.0},{"damage":22.0,"enemies":"3 Cultists","floor":28.0,"turns":5.0},{"damage":19,"enemies":"Snecko","floor":29,"turns":3}],"seed_played":"-5401419070384223132","potions_obtained":[{"floor":1.0,"key":"Strength Potion"},{"floor":4.0,"key":"CultistPotion"},{"floor":22.0,"key":"BloodPotion"}],"is_trial":false,"path_per_floor":["M","M","?","M","$","R","E","$","T","M","E","M","R","M","R","B",null,"M","?","$","?","M","R","E","R","T","E","M","M"],"character_chosen":"IRONCLAD","items_purchased":["Feel No Pain","True Grit","Iron Wave","Happy Flower","Havoc","Inflame"],"campfire_rested":1,"item_purchase_floors":[5,5,8,20,20,20],"current_hp_per_floor":[72,71,71,70,70,70,52,67,67,58,44,38,38,44,44,27,63,48,48,63,63,50,50,14,51,51,35,19,0,0],"gold":199,"neow_bonus":"HUNDRED_GOLD","is_daily":false,"chose_seed":false,"campfire_upgraded":4,"win_rate":0.0,"timestamp":1609534918,"path_taken":["M","M","?","M","$","R","E","?","T","M","E","M","R","M","R","BOSS","M","?","$","?","M","R","E","R","T","E","M","M"],"items_purchased_type":["Card","Card","Card","Relic","Card","Card"],"build_version":"2020-12-22","purchased_purges":1,"victory":false,"max_hp_per_floor":[75,75,75,75,75,75,75,75,75,75,75,75,75,75,75,75,75,75,75,75,75,75,75,75,75,75,75,75,75,75],"relic_stats":{"Centennial Puzzle":[27],"Regal Pillow":15,"Busted Crown":10,"Happy Flower":[9],"counters":[15,79],"Mummified Hand":[10],"MealTicket":30,"obtain_stats":[{"Centennial Puzzle":9,"Regal Pillow":24,"Busted Crown":17,"HornCleat":26,"Happy Flower":20,"Mummified Hand":27,"MealTicket":7,"Incense Burner":11,"Burning Blood":0},{"Centennial Puzzle":4,"Regal Pillow":12,"Busted Crown":9,"HornCleat":12,"Happy Flower":10,"Mummified Hand":13,"MealTicket":4,"Incense Burner":6,"Burning Blood":0},{"Centennial Puzzle":18,"Regal Pillow":63,"Busted Crown":45,"HornCleat":63,"Happy Flower":50,"Mummified Hand":71,"MealTicket":18,"Incense Burner":26,"Burning Blood":0}],"Burning Blood":84},"card_choices":[{"not_picked":["Uppercut","Pommel Strike"],"picked":"Cleave","floor":1.0},{"not_picked":["Pommel Strike","Second Wind"],"picked":"Rage","floor":2.0},{"not_picked":["Clothesline","Shockwave"],"picked":"Pommel Strike","floor":4.0},{"not_picked":["Headbutt","Anger"],"picked":"Iron Wave","floor":7.0},{"not_picked":["Flex","Twin Strike"],"picked":"Armaments","floor":10.0},{"not_picked":["Heavy Blade","Body Slam"],"picked":"Barricade","floor":11.0},{"not_picked":["Heavy Blade","Clothesline"],"picked":"Headbutt","floor":12.0},{"not_picked":["Sword Boomerang","Wild Strike"],"picked":"Body Slam","floor":14.0},{"not_picked":["Juggernaut","Feed"],"picked":"Berserk","floor":16.0},{"not_picked":["Blood for Blood"],"picked":"SKIP","floor":18.0},{"not_picked":["Hemokinesis"],"picked":"SKIP","floor":22.0},{"not_picked":[],"picked":"Pommel Strike","floor":24.0},{"not_picked":["True Grit"],"picked":"SKIP","floor":27.0},{"not_picked":["Armaments"],"picked":"SKIP","floor":28.0}],"player_experience":2030745,"relics_obtained":[{"floor":7.0,"key":"MealTicket"},{"floor":9.0,"key":"Centennial Puzzle"},{"floor":11.0,"key":"Incense Burner"},{"floor":24.0,"key":"Regal Pillow"},{"floor":26.0,"key":"HornCleat"},{"floor":27.0,"key":"Mummified Hand"}],"event_choices":[{"damage_healed":0.0,"max_hp_gain":0.0,"max_hp_loss":0.0,"gold_gain":0.0,"cards_transformed":["Strike_R"],"event_name":"Transmorgrifier","player_choice":"Transformed","floor":3.0,"gold_loss":0.0,"damage_taken":0.0,"cards_obtained":["Juggernaut"]},{"damage_healed":0.0,"max_hp_gain":0.0,"max_hp_loss":0.0,"gold_gain":0.0,"event_name":"Ghosts","player_choice":"Ignored","floor":19.0,"gold_loss":0.0,"damage_taken":0.0},{"damage_healed":0.0,"max_hp_gain":0.0,"max_hp_loss":0.0,"gold_gain":0.0,"event_name":"Match and Keep!","player_choice":"1 cards matched","floor":21.0,"gold_loss":0.0,"damage_taken":0.0,"cards_obtained":["Disarm"]}],"is_beta":false,"boss_relics":[{"not_picked":["Snecko Eye","Tiny House"],"picked":"Busted Crown"}],"items_purged_floors":[5],"is_endless":false,"potions_floor_spawned":[1,4,10,14,22],"killed_by":"Snecko","ascension_level":19}}