{"host":"i0avyit1s6jb1siw","time":1609512040,"event":{"mods":["BaseMod","DeckTracker","Dota2Spire","Highlight Path","Minty Spire (QoL Compilation)","Quick Restart","Replay The Spire","StSLib","SuperFastMode"],"gold_per_floor":[119,89,100,100,175,175,175,204,286,303,52,67,67,85,85,174,174,114,114,114,114,114,114],"floor_reached":22,"playtime":329,"items_purged":["Strike_G"],"score":422,"play_id":"b9585f29-6469-4090-85be-6aac7738afb3","local_time":"20210101154040","is_ascension_mode":true,"campfire_choices":[{"data":"Well Laid Plans","floor":7,"key":"SMITH"},{"data":"Calculated Gamble","floor":15,"key":"SMITH"}],"circlet_count":0,"master_deck":["AscendersBane","Strike_G","Strike_G","Strike_G+1","Strike_G","Defend_G","Defend_G","Defend_G","Defend_G","Defend_G+1","Survivor","Neutralize","Endless Agony","Well Laid Plans+1","Poisoned Stab","Corpse Explosion+1","Calculated Gamble+1","Adrenaline+1","Blade Dance","Acrobatics"],"relics":["Ring of the Snake","NeowsBlessing","Golden Egg","Sundial","Golden Idol","Ectoplasm"],"acts_visited":["Exordium","TheCity"],"potions_floor_usage":[16,16],"damage_taken":[{"damage":0.0,"enemies":"Small Slimes","floor":1.0,"turns":1.0},{"damage":0.0,"enemies":"Cultist","floor":3.0,"turns":1.0},{"damage":0,"enemies":"3 Sentries","floor":8,"turns":2},{"damage":1,"enemies":"2 Louse","floor":10,"turns":3},{"damage":0,"enemies":"2 Fungi Beasts","floor":12,"turns":2},{"damage":0,"enemies":"3 Louse","floor":14,"turns":1},{"damage":18,"enemies":"Slime Boss","floor":16,"turns":8},{"damage":6,"enemies":"2 Thieves","floor":18,"turns":3},{"damage":12,"enemies":"Chosen","floor":19,"turns":4},{"damage":0,"enemies":"3 Cultists","floor":21,"turns":2},{"damage":36,"enemies":"Shelled Parasite and Fungi","floor":22,"turns":3}],"seed_played":"1242070211095617852","potions_obtained":[{"floor":2.0,"key":"SmokeBomb"},{"floor":2.0,"key":"Fire Potion"},{"floor":8,"key":"Ancient Potion"},{"floor":10,"key":"Fire Potion"},{"floor":18,"key":"Strength Potion"},{"floor":21,"key":"Dota2Spire:Clarity"}],"is_trial":false,"path_per_floor":["M","?","M","?","?","?","R","E","T","M","$","M","?","M","R","B",null,"M","M","$","M","M"],"character_chosen":"THE_SILENT","items_purchased":["Corpse Explosion"],"campfire_rested":0,"item_purchase_floors":[11],"current_hp_per_floor":[59,59,59,39,28,28,28,28,28,27,27,27,27,27,27,9,47,41,29,29,29,0,0],"gold":114,"neow_bonus":"THREE_ENEMY_KILL","is_daily":false,"chose_seed":false,"campfire_upgraded":2,"win_rate":0.0,"timestamp":1609512040,"path_taken":["M","?","?","?","?","?","R","E","T","M","$","M","?","M","R","BOSS","M","M","$","M","M"],"items_purchased_type":["Card"],"build_version":"2020-12-22","purchased_purges":1,"victory":false,"max_hp_per_floor":[66,66,66,66,66,66,66,66,66,66,66,66,60,60,60,60,60,60,60,60,60,60,60],"card_choices":[{"not_picked":["Deadly Poison","Escape Plan"],"picked":"Endless Agony","floor":1.0},{"not_picked":["Dagger Spray","Flying Knee"],"picked":"Well Laid Plans","floor":3.0},{"not_picked":["Slice","Backflip","Sucker Punch"],"picked":"SKIP","floor":8},{"not_picked":["Slice","Backflip","Sucker Punch"],"picked":"SKIP","floor":8},{"not_picked":["Quick Slash","Slice"],"picked":"Poisoned Stab","floor":10},{"not_picked":["Deflect","Outmaneuver"],"picked":"Calculated Gamble","floor":12},{"not_picked":["Outmaneuver","Hidden Blade","Toxin Wave"],"picked":"SKIP","floor":14},{"not_picked":["Venomology","Corpse Explosion"],"picked":"Adrenaline","floor":16},{"not_picked":["Quick Slash","All Out Attack"],"picked":"Blade Dance","floor":18},{"not_picked":["Skewer","Leg Sweep"],"picked":"Acrobatics","floor":19},{"not_picked":["Backflip","Hidden Blade+1","Blade Dance"],"picked":"SKIP","floor":21}],"player_experience":2156057,"relics_obtained":[{"floor":8,"key":"Golden Egg"},{"floor":9,"key":"Sundial"}],"event_choices":[{"damage_healed":0.0,"max_hp_gain":0.0,"max_hp_loss":0.0,"gold_gain":0.0,"event_name":"The Woman in Blue","player_choice":"Bought 2 Potions","floor":2.0,"gold_loss":0.0,"damage_taken":0.0},{"damage_healed":0.0,"max_hp_gain":0.0,"max_hp_loss":0.0,"gold_gain":0.0,"event_name":"Shining Light","player_choice":"Entered Light","floor":4.0,"gold_loss":0.0,"damage_taken":20.0,"cards_upgraded":["Defend_G","Strike_G"]},{"damage_healed":0.0,"max_hp_gain":0.0,"max_hp_loss":0.0,"gold_gain":75.0,"event_name":"World of Goop","player_choice":"Gather Gold","floor":5.0,"gold_loss":0.0,"damage_taken":11.0},{"damage_healed":0,"gold_gain":0,"player_choice":"Lose Max HP","damage_taken":0,"relics_obtained":["Golden Idol"],"max_hp_gain":0,"max_hp_loss":6,"event_name":"Golden Idol","floor":13,"gold_loss":0}],"is_beta":false,"boss_relics":[{"not_picked":["Fusion Hammer","SacredBark"],"picked":"Ectoplasm"}],"items_purged_floors":[11],"is_endless":false,"potions_floor_spawned":[8,10,18,21],"killed_by":"Shelled Parasite and Fungi","ascension_level":20}}