{"host":"daa8jqyg4gqfaysm","time":1609485062,"event":{"mods":["BaseMod","Colored Powertips","Minty Spire (QoL Compilation)","StSLib"],"gold_per_floor":[111,127,127,39,39,39,53,53,78,122,122,140,161,161,161,257,257,282,332,345,395,408,408,408,123,123,159,159,198,198,221,221,221,221],"floor_reached":33,"playtime":873,"items_purged":["Strike_G"],"score":554,"play_id":"7d9b440f-a840-4ca3-9475-4558d6ea16b1","local_time":"20210101151102","is_ascension_mode":true,"campfire_choices":[{"data":"Skewer","floor":6,"key":"SMITH"},{"floor":8,"key":"REST"},{"floor":11,"key":"REST"},{"data":"Crippling Poison","floor":15,"key":"SMITH"},{"floor":24,"key":"REST"},{"floor":28,"key":"REST"},{"floor":30,"key":"REST"},{"floor":32,"key":"REST"}],"circlet_count":0,"master_deck":["AscendersBane","Strike_G","Strike_G","Strike_G","Defend_G","Defend_G","Defend_G","Defend_G","Defend_G","Survivor","Neutralize","Skewer+1","Deadly Poison","Catalyst+1","Escape Plan","Leg Sweep","Deflect","Crippling Poison+1","A Thousand Cuts","Catalyst+1","PiercingWail","Backflip","Corpse Explosion","Predator","Well Laid Plans","Footwork+1"],"relics":["Ring of the Snake","NeowsBlessing","Golden Idol","Kunai","Runic Dome","Letter Opener","Matryoshka","Orichalcum"],"acts_visited":["Exordium","TheCity"],"potions_floor_usage":[27,27,33,33],"damage_taken":[{"damage":0,"enemies":"Cultist","floor":1,"turns":1},{"damage":0,"enemies":"Jaw Worm","floor":2,"turns":1},{"damage":0,"enemies":"2 Louse","floor":7,"turns":2},{"damage":41,"enemies":"Lagavulin","floor":10,"turns":8},{"damage":0,"enemies":"2 Fungi Beasts","floor":12,"turns":4},{"damage":0,"enemies":"Blue Slaver","floor":13,"turns":4},{"damage":8,"enemies":"Hexaghost","floor":16,"turns":10},{"damage":5,"enemies":"Shell Parasite","floor":18,"turns":4},{"damage":3,"enemies":"2 Thieves","floor":20,"turns":4},{"damage":33,"enemies":"Centurion and Healer","floor":22,"turns":7},{"damage":23,"enemies":"Gremlin Leader","floor":27,"turns":6},{"damage":12,"enemies":"Book of Stabbing","floor":29,"turns":4},{"damage":18,"enemies":"Shelled Parasite and Fungi","floor":31,"turns":5},{"damage":56,"enemies":"Automaton","floor":33,"turns":6}],"seed_played":"1672137256320738500","potions_obtained":[{"floor":2,"key":"FearPotion"},{"floor":7,"key":"LiquidMemories"},{"floor":23,"key":"Fire Potion"},{"floor":27,"key":"Dexterity Potion"},{"floor":29,"key":"Dexterity Potion"}],"is_trial":false,"path_per_floor":["M","M","?","$","?","R","M","R","T","E","R","M","M","?","R","B",null,"M","?","M","?","M","?","R","$","T","E","R","E","R","M","R","B"],"character_chosen":"THE_SILENT","items_purchased":["Catalyst","Corpse Explosion","Predator"],"campfire_rested":6,"item_purchase_floors":[4,25,25],"current_hp_per_floor":[59,59,36,36,29,29,29,48,48,7,26,26,26,26,26,18,54,49,49,46,46,13,13,32,32,32,9,28,16,35,17,36,0,0],"gold":221,"neow_bonus":"THREE_ENEMY_KILL","is_daily":false,"chose_seed":false,"campfire_upgraded":2,"win_rate":0.0,"timestamp":1609485062,"path_taken":["M","?","?","$","?","R","M","R","T","E","R","M","M","?","R","BOSS","M","?","M","?","?","?","R","$","T","E","R","E","R","?","R","BOSS"],"items_purchased_type":["Card","Card","Card"],"build_version":"2020-12-22","purchased_purges":1,"victory":false,"max_hp_per_floor":[66,66,66,66,66,66,66,66,66,66,66,66,66,66,66,66,66,66,66,66,66,66,66,66,66,66,66,66,66,66,66,66,66,66],"card_choices":[{"not_picked":["Flying Knee","Finisher"],"picked":"Skewer","floor":1},{"not_picked":["Bane","Slice"],"picked":"Deadly Poison","floor":2},{"not_picked":["Finisher","Expertise"],"picked":"Escape Plan","floor":7},{"not_picked":["Expertise","Tactician"],"picked":"Leg Sweep","floor":10},{"not_picked":["Outmaneuver","Blade Dance"],"picked":"Deflect","floor":12},{"not_picked":["Quick Slash","Predator"],"picked":"Crippling Poison","floor":13},{"not_picked":["Tools of the Trade","Venomology"],"picked":"A Thousand Cuts","floor":16},{"not_picked":["Backstab","Flechettes"],"picked":"Catalyst+1","floor":18},{"not_picked":["Deadly Poison","Dodge and Roll"],"picked":"PiercingWail","floor":20},{"not_picked":["Cloak And Dagger","Slice"],"picked":"Backflip","floor":22},{"not_picked":["Poisoned Stab","Masterful Stab"],"picked":"Well Laid Plans","floor":27},{"not_picked":["A Thousand Cuts","Dagger Spray"],"picked":"Footwork+1","floor":29},{"not_picked":["PiercingWail","Acrobatics","Flying Knee"],"picked":"SKIP","floor":31}],"player_experience":766231,"relics_obtained":[{"floor":10,"key":"Kunai"},{"floor":26,"key":"Letter Opener"},{"floor":27,"key":"Matryoshka"},{"floor":29,"key":"Orichalcum"}],"event_choices":[{"damage_healed":0,"gold_gain":0,"player_choice":"Take Damage","damage_taken":23,"relics_obtained":["Golden Idol"],"max_hp_gain":0,"max_hp_loss":0,"event_name":"Golden Idol","floor":3,"gold_loss":0},{"cards_removed":["Strike_G"],"damage_healed":0,"gold_gain":0,"player_choice":"Card Removal","damage_taken":7,"max_hp_gain":0,"max_hp_loss":0,"event_name":"Golden Wing","floor":5,"gold_loss":0},{"damage_healed":0,"gold_gain":0,"player_choice":"Grow","damage_taken":0,"max_hp_gain":0,"max_hp_loss":0,"event_name":"Living Wall","floor":14,"gold_loss":0,"cards_upgraded":["Catalyst"]},{"damage_healed":0,"gold_gain":50,"player_choice":"Stole From Cult","damage_taken":0,"max_hp_gain":0,"max_hp_loss":0,"event_name":"Nest","floor":19,"gold_loss":0},{"damage_healed":0,"gold_gain":100,"player_choice":"Bet on Murderer","damage_taken":0,"max_hp_gain":0,"max_hp_loss":0,"event_name":"The Joust","floor":21,"gold_loss":50},{"damage_healed":0,"gold_gain":0,"player_choice":"Got Potions","damage_taken":0,"max_hp_gain":0,"max_hp_loss":0,"event_name":"Lab","floor":23,"gold_loss":0}],"is_beta":false,"boss_relics":[{"not_picked":["Astrolabe","Empty Cage"],"picked":"Runic Dome"}],"items_purged_floors":[25],"is_endless":false,"potions_floor_spawned":[2,7,13,22,27,29],"killed_by":"Automaton","ascension_level":16}}