{"host":"khm4we1ijduz33xh","time":1609494765,"event":{"mods":["AchievementEnabler","BaseMod","Colored Map","Minty Spire (QoL Compilation)","Rare Cards Sparkle","StSLib","SuperFastMode"],"gold_per_floor":[116,129,59,76,52,52,63,63,63,63,63,79,107,124,124,222,222,241,255,255,255,255],"floor_reached":21,"playtime":737,"items_purged":[],"score":199,"play_id":"32e3fd57-63ef-46f9-a9ac-029787b0830b","local_time":"20210101185245","is_ascension_mode":true,"campfire_choices":[{"data":"Spot Weakness","floor":6,"key":"SMITH"},{"data":"True Grit","floor":8,"key":"SMITH"},{"data":"Body Slam","floor":10,"key":"SMITH"},{"data":"Dual Wield","floor":15,"key":"SMITH"}],"circlet_count":0,"master_deck":["Strike_R","Strike_R","Strike_R","Defend_R","Defend_R","Defend_R","Defend_R","Bash","Spot Weakness+1","Inflame","True Grit+1","Body Slam+1","Fire Breathing","Dual Wield+1","Barricade","Intimidate+1","Inflame+1"],"relics":["Burning Blood","NeowsBlessing","Orichalcum","The Courier","Empty Cage"],"acts_visited":["Exordium","TheCity"],"potions_floor_usage":[16,21],"damage_taken":[{"damage":0,"enemies":"2 Louse","floor":1,"turns":1},{"damage":0,"enemies":"Jaw Worm","floor":2,"turns":1},{"damage":0,"enemies":"Cultist","floor":4,"turns":1},{"damage":18,"enemies":"Exordium Wildlife","floor":7,"turns":5},{"damage":8,"enemies":"Red Slaver","floor":12,"turns":3},{"damage":11,"enemies":"3 Sentries","floor":13,"turns":6},{"damage":6,"enemies":"2 Fungi Beasts","floor":14,"turns":3},{"damage":32,"enemies":"Hexaghost","floor":16,"turns":8},{"damage":32,"enemies":"Chosen","floor":18,"turns":7},{"damage":43,"enemies":"Spheric Guardian","floor":19,"turns":6},{"damage":26,"enemies":"Snecko","floor":21,"turns":4}],"seed_played":"6326187696281375295","potions_obtained":[{"floor":1,"key":"BlessingOfTheForge"},{"floor":7,"key":"EssenceOfSteel"},{"floor":12,"key":"AttackPotion"},{"floor":16,"key":"Ancient Potion"},{"floor":18,"key":"DistilledChaos"}],"is_trial":false,"path_per_floor":["M","M","$","M","$","R","M","R","T","R","?","M","E","M","R","B",null,"M","M","?","M"],"character_chosen":"IRONCLAD","items_purchased":["Inflame","True Grit"],"campfire_rested":0,"item_purchase_floors":[3,5],"current_hp_per_floor":[80,80,80,80,80,80,68,68,68,68,68,66,61,61,61,35,80,54,17,17,0,0],"gold":255,"neow_bonus":"THREE_ENEMY_KILL","is_daily":false,"chose_seed":false,"campfire_upgraded":4,"win_rate":0.0,"timestamp":1609494765,"path_taken":["M","M","$","M","$","R","M","R","T","R","?","M","E","M","R","BOSS","M","M","?","M"],"items_purchased_type":["Card","Card"],"build_version":"2020-12-22","purchased_purges":0,"victory":false,"max_hp_per_floor":[80,80,80,80,80,80,80,80,80,80,80,80,80,80,80,80,80,80,80,80,80,80],"card_choices":[{"not_picked":["Thunderclap","Rage"],"picked":"Spot Weakness","floor":1},{"not_picked":["Dropkick","Second Wind","Anger"],"picked":"SKIP","floor":2},{"not_picked":["Intimidate","Battle Trance"],"picked":"Cleave","floor":4},{"not_picked":["Sword Boomerang","Bloodletting"],"picked":"Body Slam","floor":7},{"not_picked":["Headbutt","Power Through"],"picked":"Dual Wield","floor":12},{"not_picked":["Bludgeon","Havoc","Pummel"],"picked":"SKIP","floor":13},{"not_picked":["Evolve","Iron Wave","Bloodletting"],"picked":"SKIP","floor":14},{"not_picked":["Double Tap","Immolate"],"picked":"Barricade","floor":16},{"not_picked":["Blood for Blood","Havoc"],"picked":"Intimidate+1","floor":18},{"not_picked":["Intimidate","Burning Pact"],"picked":"Inflame+1","floor":19}],"player_experience":169516,"relics_obtained":[{"floor":9,"key":"Orichalcum"},{"floor":13,"key":"The Courier"}],"event_choices":[{"damage_healed":0,"gold_gain":0,"cards_transformed":["Cleave"],"player_choice":"Change","damage_taken":0,"max_hp_gain":0,"max_hp_loss":0,"event_name":"Living Wall","floor":11,"gold_loss":0,"cards_obtained":["Fire Breathing"]},{"damage_healed":0,"gold_gain":0,"player_choice":"Ignored","damage_taken":0,"max_hp_gain":0,"max_hp_loss":0,"event_name":"N\u0027loth","floor":20,"gold_loss":0}],"is_beta":false,"boss_relics":[{"not_picked":["Coffee Dripper","Velvet Choker"],"picked":"Empty Cage"}],"items_purged_floors":[],"is_endless":false,"potions_floor_spawned":[1,7,12,16,18],"killed_by":"Snecko","ascension_level":2}}