{"host":"j1eo1fqrqta44853","time":1609487698,"event":{"mods":["Act Like it!","Bartender","BaseMod","CatGirl Mod","Custom Start","Downfall","Elementarium","Gensokyo","GungeonMod","HololiveMod","Hubris","Infinite Spire","KinomotoSakuraMod(????)","Koishi","Lobotomy","LobotomyExtend","Marisa????????","Minty Spire (QoL Compilation)","Pale of the Ancients","Rare Cards Sparkle","Reimu??????","Replay The Spire","SIMod","Shedinja","StSLib","The Alterego","The Jungle","The Marked","The Mystic","The Runesmith","The Senshi","The Vixen","TheBandit","Waifu the Spire","WarShipGirlsR/????R mod","Yakumo Yukari mod"],"gold_per_floor":[116,135,135,151,164,193,193,47,128,128,128,143,143,168,168,273,273,289,42,62,62,12,12,46,46,46,57,68,68,83,103,103,204,254,272,272,292,132,132,132,132,150,223,238,257,451,498,518,518,518,518,518,65,65,65],"floor_reached":54,"playtime":7334,"items_purged":["Strike_Lin:ReiMu"],"score":769,"play_id":"f22b3c15-f138-46eb-b5ca-b52a0b7be048","local_time":"20210101015458","is_ascension_mode":false,"campfire_choices":[{"floor":7,"key":"RECALL"},{"data":"SpreadBorder2:ReiMu","floor":11,"key":"SMITH"},{"data":"OrbThrow:ReiMu","floor":13,"key":"SMITH"},{"data":"NineCharacters:ReiMu","floor":15,"key":"SMITH"},{"data":"KamiRite:ReiMu","floor":23,"key":"SMITH"},{"floor":25,"key":"REST"},{"floor":29,"key":"REST"},{"floor":32,"key":"REST"},{"data":"NineCharacters:ReiMu","floor":40,"key":"SMITH"},{"data":"Conquer:ReiMu","floor":49,"key":"SMITH"},{"data":"AirManeuver:ReiMu","floor":52,"key":"SMITH"}],"circlet_count":0,"master_deck":["Strike_Lin:ReiMu","Strike_Lin:ReiMu","Strike_Lin:ReiMu","Defend_Lin:ReiMu","Defend_Lin:ReiMu","Defend_Lin:ReiMu","Defend_Lin:ReiMu","NB:ReiMu+1","Stagnation:ReiMu+1","OrbThrow:ReiMu+1","Amulet:ReiMu","Meditation:ReiMu","SpreadBorder2:ReiMu+1","SubAcupoint:ReiMu","Dreaming:ReiMu+1","BlastKick2:ReiMu","NineCharacters:ReiMu+1","DependentForm:ReiMu+1","SafetyPray:ReiMu","ForcedLanding:ReiMu","AirStrike:ReiMu","EmergencyTakeOff:ReiMu","OrbThrow:ReiMu","NineCharacters:ReiMu+1","Mountainwind:ReiMu","KamiRite:ReiMu+1","SpringWay:ReiMu","WonderfulDomain:ReiMu+1","Enchanting:ReiMu","SafetyPray:ReiMu+1","PrayRite:ReiMu","Conquer:ReiMu+1","MikOfLucky:ReiMu+1","Gensokyo:DreamlikeParadise","Amulet:ReiMu","AirManeuver:ReiMu+1","Conquer:ReiMu+1","Revelation:ReiMu","NineCharacters:ReiMu"],"relics":["FlyPower:ReiMu","Turnip","DemoMod:WhiteGuonStone","DemoMod:PoisonVial","MealTicket","Bow_fan:ReiMu","Thread and Needle","Tiny House","Toolbox","Mercury Hourglass","infinitespire:Satchel","Whetstone"],"acts_visited":["Exordium","Exordium","Gensokyo:Gensokyoest","TheEnding"],"potions_floor_usage":[6,6,12,12,16,20,20,24,30,31,35,36,48,50,50,54,54,54],"damage_taken":[{"damage":3,"enemies":"2 Louse","floor":1,"turns":4},{"damage":11,"enemies":"Cultist","floor":2,"turns":5},{"damage":0,"enemies":"Jaw Worm","floor":4,"turns":4},{"damage":0,"enemies":"2 Fungi Beasts","floor":5,"turns":4},{"damage":0,"enemies":"3 Sentries","floor":6,"turns":4},{"damage":0,"enemies":"Looter","floor":12,"turns":5},{"damage":9,"enemies":"Lagavulin","floor":14,"turns":10},{"damage":15,"enemies":"Slime Boss","floor":16,"turns":13},{"damage":6,"enemies":"theJungle:GiantWrat","floor":18,"turns":8},{"damage":12,"enemies":"theJungle:MUSHROOMGANG","floor":20,"turns":6},{"damage":18,"enemies":"theJungle:2_Phrogs","floor":24,"turns":7},{"damage":31,"enemies":"theJungle:2_Flameangoes","floor":27,"turns":7},{"damage":0,"enemies":"theJungle:Lyon","floor":28,"turns":5},{"damage":15,"enemies":"theJungle:JungleHuntersEncounter","floor":30,"turns":6},{"damage":1,"enemies":"Snake Plant","floor":31,"turns":6},{"damage":0,"enemies":"theJungle:QueenSpyder","floor":33,"turns":13},{"damage":0,"enemies":"Gensokyo:3_Boulders","floor":35,"turns":9},{"damage":44,"enemies":"Gensokyo:3_Boulders","floor":36,"turns":9},{"damage":19,"enemies":"Gensokyo:3_Bats","floor":37,"turns":8},{"damage":0,"enemies":"Gensokyo:3_Boulders","floor":42,"turns":6},{"damage":5,"enemies":"Gensokyo:Rafflesia","floor":44,"turns":11},{"damage":0,"enemies":"Gensokyo:Sharpion","floor":45,"turns":5},{"damage":3,"enemies":"Gensokyo:4_Bats","floor":48,"turns":4},{"damage":2,"enemies":"Gensokyo:Scarlet_Devils","floor":50,"turns":11},{"damage":70,"enemies":"Shield and Spear","floor":54,"turns":6}],"seed_played":"8080463394039049631","potions_obtained":[{"floor":1,"key":"Guardian:BlockOnCardUsePotion"},{"floor":2,"key":"sneckomod:MuddlingPotion"},{"floor":5,"key":"infinitespire:BlackPotion"},{"floor":6,"key":"SteroidPotion"},{"floor":14,"key":"PinkPotion:ReiMu"},{"floor":18,"key":"AttackPotion"},{"floor":24,"key":"Ancient Potion"},{"floor":28,"key":"LifebloodPotion"},{"floor":30,"key":"SkillPotion"},{"floor":34,"key":"Languid Potion"},{"floor":44,"key":"Strength Potion"},{"floor":45,"key":"SkillPotion"},{"floor":48,"key":"PowerPotion"}],"is_trial":false,"path_per_floor":["M","M","?","M","M","E","R","$","T","?","R","M","R","E","R","B",null,"M","$","M","?","?","R","E","R","T","M","M","R","M","M","R","B",null,"M","?","M","COS","?","R","?","M","T","M","M","?","T","M","R","B",null,"R","$","E"],"character_chosen":"REIMU","items_purchased":["DemoMod:WhiteGuonStone","MealTicket","ForcedLanding:ReiMu","AirStrike:ReiMu","Revelation:ReiMu","Whetstone","NineCharacters:ReiMu","Guardian:BlockOnCardUsePotion"],"campfire_rested":3,"item_purchase_floors":[8,19,19,19,53,53,53,53],"current_hp_per_floor":[62,51,51,51,51,51,51,51,51,51,51,51,51,42,42,27,65,59,59,47,47,47,47,29,48,48,17,17,36,21,20,39,39,70,70,70,51,51,51,51,51,51,51,46,46,46,46,43,43,41,70,70,70,0,0],"gold":65,"neow_bonus":"ONE_RANDOM_RARE_CARD","is_daily":false,"chose_seed":false,"campfire_upgraded":7,"win_rate":0.0,"timestamp":1609487698,"path_taken":["M","M","?","?","M","E","R","$","T","?","R","M","R","E","R","BOSS","M","$","?","?","?","R","E","R","T","M","M","R","M","M","R","BOSS","M","?","?","COS","?","R","?","?","T","M","M","?","?","M","R","BOSS","R","$","E"],"items_purchased_type":["Relic","Relic","Card","Card","Card","Relic","Card","Potion"],"build_version":"2020-12-22","purchased_purges":1,"victory":false,"max_hp_per_floor":[65,65,65,65,65,65,65,65,65,65,65,65,65,65,65,65,65,65,65,65,65,65,65,65,65,65,65,65,65,65,65,65,65,70,70,70,70,70,70,70,70,70,70,70,70,70,70,70,70,70,70,70,70,70,70],"card_choices":[{"not_picked":["Intuition:ReiMu","SubAcupoint:ReiMu"],"picked":"OrbThrow:ReiMu","floor":1},{"not_picked":["SpringWay:ReiMu","SubAcupoint:ReiMu"],"picked":"Amulet:ReiMu","floor":2},{"not_picked":["PayForSelf:ReiMu","Revelation:ReiMu"],"picked":"Meditation:ReiMu","floor":4},{"not_picked":["UniversalSpiritual:ReiMu","EmergencyTakeOff:ReiMu"],"picked":"SpreadBorder2:ReiMu","floor":5},{"not_picked":["DoubleButterfly:ReiMu","WonderfulDomain:ReiMu"],"picked":"SubAcupoint:ReiMu","floor":6},{"not_picked":["NineCharacters:ReiMu","WonderfulDomain:ReiMu"],"picked":"BlastKick2:ReiMu","floor":12},{"not_picked":["EmergencyTakeOff:ReiMu","MikOfLucky:ReiMu"],"picked":"NineCharacters:ReiMu","floor":14},{"not_picked":["SubcavityFantasy:ReiMu","OctopathSalyBorderN:ReiMu"],"picked":"DependentForm:ReiMu","floor":16},{"not_picked":["KamiSacrifice:ReiMu","TightArray:ReiMu"],"picked":"SafetyPray:ReiMu","floor":18},{"not_picked":["Enchanting:ReiMu","Intuition:ReiMu"],"picked":"EmergencyTakeOff:ReiMu","floor":20},{"not_picked":[],"picked":"OrbThrow:ReiMu","floor":22},{"not_picked":[],"picked":"NineCharacters:ReiMu","floor":22},{"not_picked":[],"picked":"Mountainwind:ReiMu","floor":22},{"not_picked":[],"picked":"KamiRite:ReiMu","floor":22},{"not_picked":["UpKicking:ReiMu","PhosphorusFlame:ReiMu"],"picked":"SpringWay:ReiMu","floor":24},{"not_picked":["SubcavityInstant:ReiMu","CareerPray:ReiMu"],"picked":"WonderfulDomain:ReiMu+1","floor":27},{"not_picked":["WonderfulDomain:ReiMu+1","SubAcupoint:ReiMu","ForcedLanding:ReiMu"],"picked":"SKIP","floor":28},{"not_picked":["MountainWay:ReiMu","RainPray2:ReiMu"],"picked":"Enchanting:ReiMu","floor":30},{"not_picked":["ShadowOfCrow2:ReiMu","CareerPray:ReiMu+1"],"picked":"SafetyPray:ReiMu+1","floor":31},{"not_picked":["OctopathSalyBorderN:ReiMu","YinYang:ReiMu"],"picked":"PrayRite:ReiMu","floor":33},{"not_picked":["Enchanting:ReiMu+1","RainPray2:ReiMu"],"picked":"Conquer:ReiMu","floor":34},{"not_picked":["Gathering:ReiMu","KyokaiOfKami:ReiMu"],"picked":"MikOfLucky:ReiMu+1","floor":35},{"not_picked":["Gensokyo:RisingWorld","Gensokyo:UnhurriedMind"],"picked":"Gensokyo:DreamlikeParadise","floor":36},{"not_picked":["TightArray:ReiMu","SpiritualOutbreak2:ReiMu+1","AlertArray:ReiMu+1"],"picked":"SKIP","floor":37},{"not_picked":["SubcavityInstant:ReiMu","CareerPray:ReiMu+1"],"picked":"Amulet:ReiMu","floor":42},{"not_picked":["AlertArray:ReiMu","OrbThrow:ReiMu","SpreadBorder2:ReiMu+1"],"picked":"SKIP","floor":44},{"not_picked":["Amulet:ReiMu+1","EmergencyTakeOff:ReiMu+1"],"picked":"AirManeuver:ReiMu","floor":45},{"not_picked":["SpreadBorder2:ReiMu","AlertArray:ReiMu+1"],"picked":"Conquer:ReiMu","floor":48}],"player_experience":1054588,"relics_obtained":[{"floor":6,"key":"Turnip"},{"floor":14,"key":"DemoMod:PoisonVial"},{"floor":24,"key":"Bow_fan:ReiMu"},{"floor":26,"key":"Thread and Needle"},{"floor":43,"key":"Mercury Hourglass"},{"floor":47,"key":"infinitespire:Satchel"}],"event_choices":[{"damage_healed":0,"gold_gain":0,"player_choice":"Upgraded","damage_taken":0,"max_hp_gain":0,"max_hp_loss":0,"event_name":"Upgrade Shrine","floor":3,"gold_loss":0,"cards_upgraded":["NB:ReiMu"]},{"damage_healed":0,"gold_gain":0,"cards_transformed":["CeremonyResonance:ReiMu"],"player_choice":"Transformed","damage_taken":0,"max_hp_gain":0,"max_hp_loss":0,"event_name":"Transmorgrifier","floor":10,"gold_loss":0,"cards_obtained":["Dreaming:ReiMu"]}],"is_beta":false,"boss_relics":[{"not_picked":["Replay:Drink Me","Hololive_Finger","hubris:TerracottaHorce"]},{"not_picked":["Philosopher\u0027s Stone","Cursed Key"],"picked":"Tiny House"}],"items_purged_floors":[53],"is_endless":false,"potions_floor_spawned":[1,2,5,6,14,18,24,28,30,44,45,48],"killed_by":"Shield and Spear","ascension_level":0}}