{"host":"h4lp0eeso8a0ssq0","time":1609544867,"event":{"mods":["2.2 Compatiblity","AchievementEnabler","BaseMod","CapriCore","Colored Map","Lobotomy","Minty Spire (QoL Compilation)","StSLib","SuperFastMode"],"gold_per_floor":[114,134,134,134,151,177,177,196,196,121,121,131,150,170,170,267,267,281,298,314,332,332,332],"floor_reached":22,"playtime":508,"items_purged":["Defend_R"],"score":217,"play_id":"7a93d92d-97b5-43df-a816-bd08ed4596de","local_time":"20210102084747","is_ascension_mode":false,"campfire_choices":[{"data":"Bash","floor":7.0,"key":"SMITH"},{"data":"Iron Wave","floor":11.0,"key":"SMITH"},{"data":"Warcry","floor":15.0,"key":"SMITH"}],"circlet_count":0,"master_deck":["Strike_R","Strike_R","Strike_R","Strike_R","Strike_R","Defend_R","Bash+1","Iron Wave+1","Twin Strike","Iron Wave+1","Twin Strike","Warcry+1","Sword Boomerang+1","Double Tap","Impervious"],"relics":["Burning Blood","Vajra","Pear","Strawberry","Sozu"],"acts_visited":["Exordium","TheCity"],"potions_floor_usage":[],"damage_taken":[{"damage":5.0,"enemies":"Jaw Worm","floor":1.0,"turns":4.0},{"damage":7.0,"enemies":"Small Slimes","floor":2.0,"turns":3.0},{"damage":0.0,"enemies":"Cultist","floor":5.0,"turns":3.0},{"damage":26.0,"enemies":"3 Sentries","floor":6.0,"turns":9.0},{"damage":10.0,"enemies":"Looter","floor":8.0,"turns":2.0},{"damage":6.0,"enemies":"Large Slime","floor":12.0,"turns":4.0},{"damage":8.0,"enemies":"Exordium Wildlife","floor":13.0,"turns":4.0},{"damage":7.0,"enemies":"Gremlin Gang","floor":14.0,"turns":3.0},{"damage":22.0,"enemies":"Slime Boss","floor":16.0,"turns":9.0},{"damage":5,"enemies":"3 Byrds","floor":18,"turns":5},{"damage":15,"enemies":"Shell Parasite","floor":19,"turns":4},{"damage":25,"enemies":"Sentry and Sphere","floor":20,"turns":5},{"damage":13,"enemies":"Snecko","floor":21,"turns":4}],"seed_played":"7572767980890728884","potions_obtained":[{"floor":6.0,"key":"GamblersBrew"},{"floor":8.0,"key":"Swift Potion"},{"floor":13.0,"key":"ElixirPotion"}],"is_trial":false,"path_per_floor":["M","M","?","?","M","E","R","M","T","$","R","M","M","M","R","B",null,"M","M","M","M","?"],"character_chosen":"IRONCLAD","items_purchased":[],"campfire_rested":0,"item_purchase_floors":[],"current_hp_per_floor":[80,79,61,61,67,57,57,53,60,60,60,60,58,57,57,41,97,97,88,69,62,62,62],"gold":332,"neow_bonus":"THREE_CARDS","is_daily":false,"chose_seed":false,"campfire_upgraded":3,"win_rate":0.0,"timestamp":1609544867,"path_taken":["M","M","?","?","M","E","R","M","T","$","R","M","?","M","R","BOSS","M","M","M","M","?"],"items_purchased_type":[],"build_version":"2020-12-22","purchased_purges":1,"victory":false,"max_hp_per_floor":[80,80,80,80,80,90,90,90,97,97,97,97,97,97,97,97,97,97,97,97,97,97,97],"card_choices":[{"not_picked":["Pummel","Reckless Charge"],"picked":"Iron Wave","floor":0.0},{"not_picked":["Heavy Blade","Anger"],"picked":"Twin Strike","floor":1.0},{"not_picked":["Reckless Charge","Dark Embrace","Havoc"],"picked":"SKIP","floor":2.0},{"not_picked":["Blood for Blood","Heavy Blade","Metallicize"],"picked":"SKIP","floor":5.0},{"not_picked":["Uppercut","Spot Weakness","Clothesline"],"picked":"SKIP","floor":6.0},{"not_picked":["Second Wind","Searing Blow"],"picked":"Iron Wave","floor":8.0},{"not_picked":["Body Slam","Reaper","Iron Wave"],"picked":"SKIP","floor":12.0},{"not_picked":["Clothesline","Hemokinesis"],"picked":"Twin Strike","floor":13.0},{"not_picked":["Body Slam","Flex"],"picked":"Warcry","floor":14.0},{"not_picked":["Sever Soul","Iron Wave","Evolve+1"],"picked":"SKIP","floor":18},{"not_picked":["Shrug It Off","True Grit+1"],"picked":"Sword Boomerang+1","floor":19},{"not_picked":["Bloodletting","Rage","Heavy Blade"],"picked":"SKIP","floor":20},{"not_picked":["Iron Wave","Combust","Pummel"],"picked":"SKIP","floor":21}],"player_experience":15756,"relics_obtained":[{"floor":6.0,"key":"Pear"},{"floor":9.0,"key":"Strawberry"}],"event_choices":[{"damage_healed":0.0,"max_hp_gain":0.0,"max_hp_loss":0.0,"gold_gain":0.0,"event_name":"Scrap Ooze","player_choice":"Success","floor":3.0,"gold_loss":0.0,"damage_taken":18.0,"relics_obtained":["Vajra"]},{"damage_healed":0.0,"max_hp_gain":0.0,"max_hp_loss":0.0,"gold_gain":0.0,"event_name":"Accursed Blacksmith","player_choice":"Forge","floor":4.0,"gold_loss":0.0,"damage_taken":0.0,"cards_upgraded":["Iron Wave"]},{"damage_healed":0,"gold_gain":0,"cards_transformed":["Defend_R","Defend_R"],"player_choice":"Became Test Subject","damage_taken":0,"max_hp_gain":0,"max_hp_loss":0,"event_name":"Drug Dealer","floor":22,"gold_loss":0,"cards_obtained":["Double Tap","Impervious"]}],"is_beta":false,"boss_relics":[{"not_picked":["Coffee Dripper","Tiny House"],"picked":"Sozu"}],"items_purged_floors":[10],"is_endless":false,"potions_floor_spawned":[6,8,13,14,16,19],"ascension_level":0}}