{"host":"v711dtdb46xe9u7l","time":1609519733,"event":{"mods":["BaseMod","Minty Spire (QoL Compilation)","StSLib"],"gold_per_floor":[114,129,144,144,219,249,99,129,129,144,174,174,204,129,129,229,229,244,244,259,259,274,304,304,334,334,364,364,379,394,409,409,509,509,524,524,524,539,164,164,194,194,194,224,74,104,119,134,134,134],"floor_reached":51,"playtime":3134,"items_purged":["Regret"],"score":1098,"play_id":"737128e2-d673-444d-a7c7-37b0d3584367","local_time":"20210101164853","daily_mods":["Shiny","ControlledChaos","Elite Swarm"],"is_ascension_mode":false,"campfire_choices":[{"floor":12,"key":"REST"},{"data":"Burst","floor":15,"key":"SMITH"},{"data":"A Thousand Cuts","floor":24,"key":"SMITH"},{"data":"Noxious Fumes","floor":32,"key":"SMITH"},{"data":"Die Die Die","floor":40,"key":"SMITH"},{"data":"Creative AI","floor":42,"key":"SMITH"},{"data":"Buffer","floor":49,"key":"SMITH"}],"circlet_count":0,"master_deck":["Venomology","Corpse Explosion","Malaise","Phantasmal Killer","Die Die Die","Adrenaline","Envenom","Doppelganger","Burst+1","Tools of the Trade","Night Terror","Unload","After Image","Bullet Time","Storm of Steel","Glass Knife","A Thousand Cuts","Grand Finale","Setup","Footwork","Die Die Die+1","Venomology","Phantasmal Killer","Deflect+1","Ghostly","Ghostly","Ghostly","Ghostly","Ghostly","A Thousand Cuts+1","Leg Sweep","Malaise","Skewer","Noxious Fumes+1","Skewer+1","Masterful Stab+1","Adrenaline","Distraction+1","Accuracy","Blade Dance+1","Die Die Die+1","Creative AI+1","Echo Form","Transmutation","Dodge and Roll+1","EmptyBody+1","Shrug It Off+1","Buffer+1"],"relics":["Ring of the Snake","Frozen Eye","Prayer Wheel","PreservedInsect","Chemical X","Orichalcum","Snake Skull","Strawberry","Pen Nib","Coffee Dripper","Singing Bowl","Happy Flower","White Beast Statue","Question Card","Empty Cage","PrismaticShard","Bronze Scales","Shuriken","Lizard Tail","Potion Belt","Oddly Smooth Stone","Gremlin Horn"],"acts_visited":["Exordium","TheCity","TheBeyond"],"potions_floor_usage":[6,6,6,8,11,11,13,16,16,20,22,23,25,27,30,31,33,35,35,41,41,44,46,46,47,47,48,50,50,50,50],"damage_taken":[{"damage":0,"enemies":"Cultist","floor":1,"turns":4},{"damage":0,"enemies":"Small Slimes","floor":2,"turns":3},{"damage":0,"enemies":"2 Louse","floor":3,"turns":2},{"damage":0,"enemies":"3 Sentries","floor":6,"turns":1},{"damage":22,"enemies":"Lagavulin","floor":8,"turns":4},{"damage":7,"enemies":"Blue Slaver","floor":10,"turns":4},{"damage":0,"enemies":"Gremlin Nob","floor":11,"turns":2},{"damage":3,"enemies":"3 Sentries","floor":13,"turns":3},{"damage":18,"enemies":"Hexaghost","floor":16,"turns":7},{"damage":0,"enemies":"Chosen","floor":18,"turns":5},{"damage":3,"enemies":"3 Byrds","floor":20,"turns":2},{"damage":0,"enemies":"Centurion and Healer","floor":22,"turns":5},{"damage":0,"enemies":"Gremlin Leader","floor":23,"turns":7},{"damage":4,"enemies":"Book of Stabbing","floor":25,"turns":5},{"damage":0,"enemies":"Gremlin Leader","floor":27,"turns":6},{"damage":0,"enemies":"3 Cultists","floor":29,"turns":3},{"damage":0,"enemies":"Snake Plant","floor":30,"turns":4},{"damage":0,"enemies":"Centurion and Healer","floor":31,"turns":4},{"damage":0,"enemies":"Automaton","floor":33,"turns":6},{"damage":1,"enemies":"3 Darklings","floor":35,"turns":4},{"damage":5,"enemies":"3 Shapes","floor":38,"turns":2},{"damage":0,"enemies":"Nemesis","floor":41,"turns":5},{"damage":0,"enemies":"Reptomancer","floor":44,"turns":2},{"damage":0,"enemies":"Giant Head","floor":46,"turns":7},{"damage":0,"enemies":"Spire Growth","floor":47,"turns":3},{"damage":0,"enemies":"Maw","floor":48,"turns":5},{"damage":1,"enemies":"Awakened One","floor":50,"turns":8}],"seed_played":"-2495295926900846280","potions_obtained":[{"floor":2,"key":"Explosive Potion"},{"floor":6,"key":"DuplicationPotion"},{"floor":8,"key":"AttackPotion"},{"floor":11,"key":"GamblersBrew"},{"floor":13,"key":"Fire Potion"},{"floor":22,"key":"FairyPotion"},{"floor":31,"key":"PowerPotion"},{"floor":35,"key":"SkillPotion"},{"floor":41,"key":"SkillPotion"},{"floor":44,"key":"PowerPotion"},{"floor":47,"key":"DistilledChaos"},{"floor":48,"key":"Regen Potion"}],"is_trial":false,"path_per_floor":["M","M","M","?","?","E","$","E","T","M","E","R","E","$","R","B",null,"M","?","M","?","M","E","R","E","T","E","?","M","M","M","R","B",null,"M","?","?","M","$","R","E","R","T","E","$","E","M","M","R","B",null],"character_chosen":"THE_SILENT","items_purchased":["Chemical X","PrismaticShard","Bronze Scales","Die Die Die","Oddly Smooth Stone"],"campfire_rested":1,"item_purchase_floors":[7,39,39,39,45],"current_hp_per_floor":[70,70,70,70,59,59,59,37,37,30,37,60,57,57,57,39,77,77,77,74,38,38,40,40,38,38,38,38,38,40,40,40,42,46,47,47,47,44,44,44,44,44,44,44,44,44,44,44,44,50],"gold":134,"neow_bonus":"","is_daily":true,"chose_seed":false,"campfire_upgraded":6,"win_rate":0.0,"timestamp":1609519733,"path_taken":["M","M","?","?","?","E","?","E","T","?","E","R","E","$","R","BOSS","M","?","?","?","M","E","R","E","T","E","?","M","M","M","R","BOSS","M","?","?","M","$","R","E","R","T","E","$","E","M","?","R","BOSS"],"items_purchased_type":["Relic","Relic","Relic","Card","Relic"],"build_version":"2020-12-22","purchased_purges":1,"victory":true,"max_hp_per_floor":[70,70,70,70,70,70,70,70,70,70,77,77,77,77,77,77,77,77,77,77,38,38,40,40,42,42,42,42,42,44,44,44,46,46,48,48,48,50,50,50,50,50,50,50,50,50,50,50,50,50],"card_choices":[{"not_picked":["Dagger Spray","Underhanded Strike"],"picked":"Setup","floor":1},{"not_picked":["Bouncing Flask","Accuracy","Dodge and Roll"],"picked":"SKIP","floor":2},{"not_picked":["Flechettes","Bane"],"picked":"Footwork","floor":3},{"not_picked":["After Image","Envenom"],"picked":"Die Die Die","floor":6},{"not_picked":["Burst","Unload"],"picked":"Venomology","floor":8},{"not_picked":["Footwork","Dagger Spray","Quick Slash"],"picked":"SKIP","floor":10},{"not_picked":["Dagger Throw","Poisoned Stab","Outmaneuver"],"picked":"SKIP","floor":10},{"not_picked":["Storm of Steel","Envenom"],"picked":"Phantasmal Killer","floor":11},{"not_picked":["Venomology","Storm of Steel"],"picked":"Unload","floor":13},{"not_picked":["Tools of the Trade","Unload"],"picked":"Wraith Form v2","floor":16},{"not_picked":["Blade Dance","Expertise","Reflex"],"picked":"SKIP","floor":18},{"not_picked":["Crippling Poison","Slice","Bane"],"picked":"SKIP","floor":18},{"not_picked":["Acrobatics","All Out Attack"],"picked":"Deflect+1","floor":20},{"not_picked":["Quick Slash","Blade Dance","Bane+1"],"picked":"SKIP","floor":20},{"not_picked":["Calculated Gamble","Predator"],"picked":"A Thousand Cuts","floor":22},{"not_picked":["Acrobatics","Dash"],"picked":"Leg Sweep","floor":22},{"not_picked":["Night Terror","Burst","Envenom"],"picked":"Singing Bowl","floor":23},{"not_picked":["Venomology","Doppelganger","Grand Finale"],"picked":"Singing Bowl","floor":25},{"not_picked":["Corpse Explosion","Envenom"],"picked":"Malaise","floor":27},{"not_picked":["Skewer","Calculated Gamble+1","Cloak And Dagger+1"],"picked":"Noxious Fumes","floor":29},{"not_picked":["Caltrops","Sucker Punch","Prepared"],"picked":"Skewer+1","floor":29},{"not_picked":["Dagger Throw+1","Quick Slash","Backstab","Slice"],"picked":"Singing Bowl","floor":30},{"not_picked":["Poisoned Stab","Eviscerate","Dagger Throw"],"picked":"Masterful Stab+1","floor":30},{"not_picked":["Quick Slash","Underhanded Strike","Bane+1"],"picked":"Adrenaline","floor":31},{"not_picked":["Poisoned Stab+1","Noxious Fumes+1","Dagger Spray"],"picked":"Distraction+1","floor":31},{"not_picked":["Tools of the Trade","Venomology","Wraith Form v2","Glass Knife"],"picked":"Singing Bowl","floor":33},{"not_picked":["Dodge and Roll+1","Slice","Flying Knee+1"],"picked":"Accuracy","floor":35},{"not_picked":["Tools of the Trade","PiercingWail","Eviscerate","Prepared+1"],"picked":"Singing Bowl","floor":35},{"not_picked":["Underhanded Strike","PiercingWail+1","Dagger Spray","Poisoned Stab"],"picked":"Singing Bowl","floor":38},{"not_picked":["Poisoned Stab+1","Dagger Spray+1","Catalyst+1"],"picked":"Blade Dance+1","floor":38},{"not_picked":["Ragnarok","Vault","Judgement"],"picked":"Creative AI","floor":41},{"not_picked":["Impervious","Transmutation","SpiritShield"],"picked":"Echo Form","floor":44},{"not_picked":["Alpha","Blasphemy","Creative AI"],"picked":"Transmutation","floor":46},{"not_picked":["Body Slam","Sword Boomerang","Quick Slash"],"picked":"Dodge and Roll+1","floor":47},{"not_picked":["ThirdEye","Tactician","Dagger Throw+1"],"picked":"EmptyBody+1","floor":47},{"not_picked":["Pommel Strike","Study+1","Static Discharge+1"],"picked":"Shrug It Off+1","floor":48},{"not_picked":["Anger","EmptyFist+1","Reckless Charge"],"picked":"Buffer","floor":48}],"player_experience":278836,"relics_obtained":[{"floor":6,"key":"PreservedInsect"},{"floor":8,"key":"Orichalcum"},{"floor":9,"key":"Snake Skull"},{"floor":11,"key":"Strawberry"},{"floor":13,"key":"Pen Nib"},{"floor":23,"key":"Singing Bowl"},{"floor":25,"key":"Happy Flower"},{"floor":26,"key":"White Beast Statue"},{"floor":27,"key":"Question Card"},{"floor":41,"key":"Shuriken"},{"floor":43,"key":"Lizard Tail"},{"floor":44,"key":"Potion Belt"},{"floor":46,"key":"Gremlin Horn"}],"event_choices":[{"damage_healed":0,"gold_gain":0,"player_choice":"Box","damage_taken":0,"relics_obtained":["Prayer Wheel"],"max_hp_gain":0,"max_hp_loss":0,"event_name":"Big Fish","floor":4,"gold_loss":0,"cards_obtained":["Regret"]},{"damage_healed":0,"gold_gain":75,"player_choice":"Gather Gold","damage_taken":11,"max_hp_gain":0,"max_hp_loss":0,"event_name":"World of Goop","floor":5,"gold_loss":0},{"damage_healed":0,"gold_gain":0,"player_choice":"Bought 0 Potions","damage_taken":0,"max_hp_gain":0,"max_hp_loss":0,"event_name":"The Woman in Blue","floor":19,"gold_loss":0},{"damage_healed":0,"gold_gain":0,"player_choice":"Became a Ghost","damage_taken":0,"max_hp_gain":0,"max_hp_loss":39,"event_name":"Ghosts","floor":21,"gold_loss":0,"cards_obtained":["Ghostly","Ghostly","Ghostly","Ghostly","Ghostly"]},{"damage_healed":0,"gold_gain":0,"player_choice":"Read","damage_taken":0,"max_hp_gain":0,"max_hp_loss":0,"event_name":"The Library","floor":28,"gold_loss":0,"cards_obtained":["Skewer"]},{"cards_removed":["Unload"],"damage_healed":0,"gold_gain":0,"player_choice":"Removed Attack","damage_taken":0,"max_hp_gain":0,"max_hp_loss":0,"event_name":"Falling","floor":36,"gold_loss":0},{"damage_healed":0,"gold_gain":0,"player_choice":"Upgraded","damage_taken":0,"max_hp_gain":0,"max_hp_loss":0,"event_name":"Upgrade Shrine","floor":37,"gold_loss":0,"cards_upgraded":["Die Die Die"]}],"is_beta":false,"boss_relics":[{"not_picked":["Snecko Eye","Velvet Choker"],"picked":"Coffee Dripper"},{"not_picked":["SacredBark","Sozu"],"picked":"Empty Cage"}],"items_purged_floors":[14],"is_endless":false,"potions_floor_spawned":[2,6,8,11,13,18,22,27,29,30,31,33,35,38,41,44,46,47,48],"ascension_level":0}}