{"host":"encxxz8qgyfdg1b3","time":1609487614,"event":{"mods":["A Magickal Journey","Act Like it!","BaseMod","BetterRewards","Colored Map","Colored Powertips","Conspire","Downfall","Duelist Mod","GungeonMod","Hallownest","Hermit","Hero for Fun","Hubris","Hunter ??","Infinite Spire","Jorbs\u0027s Wanderer Trilogy","Koishi","LagranYue(???·?)","Mad Scientist","Marisa????????","Minty Spire (QoL Compilation)","Pale of the Ancients","Quick Restart","Replay The Spire","StSLib","Td1madao Mod","The Animator","The Bladedancer","The Bug Knight","The Construct","The Cursed","The Death Knight","The Disciple","The Elementalist","The Forsaken","The Gatherer","The Hierophant","The Jungle","The Necromancer","The Runesmith","The Senshi","The Servant 0.9.4","TheHero"],"gold_per_floor":[117,137,113,129,143,173,173,173,173,186,186,206,216,227,227,227,227],"floor_reached":16,"playtime":1331,"items_purged":[],"score":106,"play_id":"7c060100-f91d-43fd-81fe-9885b48baeef","local_time":"20210101015334","is_ascension_mode":false,"campfire_choices":[{"floor":8,"key":"REST"},{"floor":15,"key":"REST"}],"circlet_count":0,"master_deck":["DeathKnight:Strike_DeathKnight","DeathKnight:Strike_DeathKnight","DeathKnight:Strike_DeathKnight","DeathKnight:Strike_DeathKnight","DeathKnight:Defend_DeathKnight","DeathKnight:Defend_DeathKnight","DeathKnight:Defend_DeathKnight","DeathKnight:Defend_DeathKnight","DeathKnight:Defend_DeathKnight","DeathKnight:RuneTap","DeathKnight:RuneStrike","DeathKnight:IceboundArmor","DeathKnight:MutagenicPlague","DeathKnight:DeathCoil","DeathKnight:BloodPact","DeathKnight:FrosPresence","DeathKnight:DeathsAdvance","DeathKnight:BludPresence","DeathKnight:DeathStrike","DeathKnight:MindFreeze","DeathKnight:RunicCorruption","DeathKnight:UnholyPresence"],"relics":["DeathKnight:BrokenRuneblade","LagranYue:RandomDrawCardRelic","NeowsBlessing","Orichalcum","Golden Egg"],"acts_visited":["Exordium"],"potions_floor_usage":[6,16],"damage_taken":[{"damage":0,"enemies":"Cultist","floor":1,"turns":1},{"damage":0,"enemies":"2 Louse","floor":2,"turns":2},{"damage":0,"enemies":"infinitespire:Voidling","floor":4,"turns":1},{"damage":15,"enemies":"Looter","floor":5,"turns":3},{"damage":36,"enemies":"3 Sentries","floor":6,"turns":13},{"damage":0,"enemies":"Blue Slaver","floor":10,"turns":6},{"damage":28,"enemies":"Lots of Slimes","floor":12,"turns":5},{"damage":11,"enemies":"Exordium Wildlife","floor":13,"turns":7},{"damage":7,"enemies":"Exordium Thugs","floor":14,"turns":6},{"damage":54,"enemies":"Fading Forest","floor":16,"turns":7}],"seed_played":"1536673388684628012","potions_obtained":[{"floor":5,"key":"AttackPotion"},{"floor":10,"key":"Elixir"},{"floor":13,"key":"Elixir"}],"is_trial":false,"path_per_floor":["M","M","$","M","M","E","?","R","T","M","?","M","M","M","R","B"],"character_chosen":"DEATH_KNIGHT","items_purchased":["DeathKnight:DeathCoil"],"campfire_rested":2,"item_purchase_floors":[3],"current_hp_per_floor":[75,75,75,75,60,24,24,46,46,46,46,25,14,14,36,0,0],"gold":227,"neow_bonus":"THREE_ENEMY_KILL","is_daily":false,"chose_seed":false,"campfire_upgraded":0,"win_rate":0.0,"timestamp":1609487614,"path_taken":["M","M","$","M","M","E","?","R","T","M","?","M","M","M","R","BOSS"],"items_purchased_type":["Card"],"build_version":"2020-12-22","purchased_purges":0,"victory":false,"max_hp_per_floor":[75,75,75,75,75,75,75,75,75,75,75,75,75,75,75,75,75],"card_choices":[{"not_picked":["DeathKnight:HornOfWinter","DeathKnight:ChainsOfIce"],"picked":"DeathKnight:IceboundArmor","floor":1},{"not_picked":["DeathKnight:BloodTap","DeathKnight:DreadStrike"],"picked":"DeathKnight:MutagenicPlague","floor":2},{"not_picked":["DeathKnight:BloodTap","DeathKnight:BloodEchoes"],"picked":"DeathKnight:BloodPact","floor":4},{"not_picked":["DeathKnight:Simulacrum","DeathKnight:WraithWalk"],"picked":"DeathKnight:FrosPresence","floor":5},{"not_picked":["DeathKnight:HornOfWinter","DeathKnight:BloodPact"],"picked":"DeathKnight:DeathsAdvance","floor":6},{"not_picked":["DeathKnight:DeathRune","DeathKnight:FesteringStrike"],"picked":"DeathKnight:DeathStrike","floor":10},{"not_picked":["DeathKnight:FrostStrike","DeathKnight:Obliterate"],"picked":"DeathKnight:MindFreeze","floor":12},{"not_picked":["DeathKnight:Hemostasis","DeathKnight:Lichborne"],"picked":"DeathKnight:RunicCorruption","floor":13},{"not_picked":["DeathKnight:BoneShield","DeathKnight:BladedArmor"],"picked":"DeathKnight:UnholyPresence","floor":14}],"player_experience":165968,"relics_obtained":[{"floor":6,"key":"Orichalcum"},{"floor":9,"key":"Golden Egg"}],"event_choices":[{"cards_removed":["DeathKnight:Strike_DeathKnight"],"damage_healed":0,"gold_gain":0,"player_choice":"Offered Basic","damage_taken":0,"max_hp_gain":0,"max_hp_loss":0,"event_name":"Bonfire Elementals","floor":11,"gold_loss":0}],"is_beta":false,"boss_relics":[],"items_purged_floors":[],"is_endless":false,"potions_floor_spawned":[5,10,13],"killed_by":"Fading Forest","ascension_level":0}}