{"host":"8vqjvqze17j4iyaj","time":1609471401,"event":{"mods":["Act Like it!","BaseMod","Chen","Colored Powertips","Duelist Mod","Elementarium","Gensokyo","GifTheSpireLib","Infinite Spire","Jorbs\u0027s Wanderer Trilogy","Koishi","Marisa????????","Minty Spire (QoL Compilation)","Rare Cards Sparkle","Reimu??????","Remilia??????","Replay The Spire","StSLib","The Animator","The Cursed","The Forsaken","The Servant 0.9.4","Wandering Minibosses"],"gold_per_floor":[115,115,384,57,57,57,57,57,103,119,87,118,118,43,43,143,143,157,157,8,27,27,55,55,83,128,144,156,156,13,47,47,147,147,166,76,76,89,114,142,142,155,155,166,180,194,208,218,218,218,218,218,27,61,61],"floor_reached":56,"playtime":6088,"items_purged":["Strike_Lin:ReiMu"],"score":1285,"play_id":"f13cdb75-6896-42fe-b107-479975380d9f","local_time":"20201231202320","is_ascension_mode":false,"campfire_choices":[{"data":"Clumsy","floor":6.0,"key":"PURGE"},{"floor":8.0,"key":"REST"},{"data":"Strike_Lin:ReiMu","floor":13.0,"key":"PURGE"},{"data":"Mountainwind:ReiMu","floor":15.0,"key":"SMITH"},{"floor":24.0,"key":"REST"},{"floor":29.0,"key":"REST"},{"data":"NB:ReiMu","floor":32.0,"key":"SMITH"},{"floor":41.0,"key":"RECALL"},{"data":"AlertArray:ReiMu","floor":49.0,"key":"SMITH"},{"data":"AirManeuver:ReiMu","floor":52,"key":"SMITH"}],"circlet_count":0,"master_deck":["Strike_Lin:ReiMu","Strike_Lin:ReiMu","Defend_Lin:ReiMu","Defend_Lin:ReiMu+1","Defend_Lin:ReiMu","Defend_Lin:ReiMu","NB:ReiMu+1","Stagnation:ReiMu+1","Crusade:ReiMu+1","CleanRite:ReiMu","AirStrike:ReiMu","Mountainwind:ReiMu+1","CeremonyResonance:ReiMu+1","AirManeuver:ReiMu+1","KyokaiOfKami:ReiMu","PassingAway:ReiMu","PrayRite:ReiMu+1","FantasyMoon:ReiMu","AlertArray:ReiMu+1","Gensokyo:CustomPotion","FantasyMoon:ReiMu","SafetyPray:ReiMu"],"relics":["FlyPower:ReiMu","Peace Pipe","Gensokyo:OccultBall","Medical Kit","Gensokyo:NagashiBinaDoll","SkyOrb:ReiMu","infinitespire:Broken Mirror","ChewingGum","Pet Ghost","Darkstone Periapt","Garlic","Anchor","Guide Book","War Paint","Snecko Eye","ScarletDevilRocket","Replay:Bottled Snecko","ClockworkSouvenir"],"acts_visited":["Gensokyo:Gensokyo","Gensokyo:Gensokyoer","Gensokyo:Gensokyoest","TheEnding"],"potions_floor_usage":[50,50,55,55,55],"damage_taken":[{"damage":9.0,"enemies":"Gensokyo:Gryphon","floor":1.0,"turns":7.0},{"damage":27.0,"enemies":"Gensokyo:3_Fairies","floor":3.0,"turns":5.0},{"damage":1.0,"enemies":"Gensokyo:2_Kodama","floor":10.0,"turns":4.0},{"damage":0.0,"enemies":"Gensokyo:Aya","floor":12.0,"turns":6.0},{"damage":13.0,"enemies":"Gensokyo:Yukari","floor":16.0,"turns":14.0},{"damage":5.0,"enemies":"Gensokyo:AngelMirror","floor":18.0,"turns":3.0},{"damage":2.0,"enemies":"Gensokyo:2_Gloops","floor":21.0,"turns":5.0},{"damage":40.0,"enemies":"Gensokyo:Koishi","floor":23.0,"turns":9.0},{"damage":0.0,"enemies":"Gensokyo:Tenshi","floor":25.0,"turns":3.0},{"damage":0.0,"enemies":"Gensokyo:Wraith","floor":27.0,"turns":4.0},{"damage":2.0,"enemies":"Gensokyo:Chomper_and_Gloop","floor":28.0,"turns":9.0},{"damage":1.0,"enemies":"Gensokyo:Koishi","floor":31.0,"turns":4.0},{"damage":16.0,"enemies":"Gensokyo:Eternal_Rivals","floor":33.0,"turns":13.0},{"damage":0.0,"enemies":"Gensokyo:3_Boulders","floor":35.0,"turns":5.0},{"damage":5.0,"enemies":"Gensokyo:AncientGuardian","floor":38.0,"turns":4.0},{"damage":6.0,"enemies":"Gensokyo:Kasen","floor":40.0,"turns":7.0},{"damage":0.0,"enemies":"Gensokyo:Sharpion","floor":42.0,"turns":2.0},{"damage":0.0,"enemies":"Gensokyo:4_Bats","floor":44.0,"turns":3.0},{"damage":0.0,"enemies":"Gensokyo:3_Boulders","floor":45.0,"turns":3.0},{"damage":3.0,"enemies":"Gensokyo:Rafflesia","floor":46.0,"turns":9.0},{"damage":2.0,"enemies":"Gensokyo:AtlasGolem","floor":47.0,"turns":6.0},{"damage":0.0,"enemies":"Gensokyo:3_Boulders","floor":48.0,"turns":7.0},{"damage":1,"enemies":"Gensokyo:Yuyuko","floor":50,"turns":8},{"damage":2,"enemies":"Shield and Spear","floor":54,"turns":5},{"damage":53,"enemies":"The Heart","floor":55,"turns":12}],"seed_played":"-8896562545658964265","potions_obtained":[{"floor":3.0,"key":"Regen Potion"},{"floor":12.0,"key":"EntropicBrew"},{"floor":16.0,"key":"Swift Potion"},{"floor":18.0,"key":"Fire Potion"},{"floor":23.0,"key":"Ancient Potion"},{"floor":31.0,"key":"Block Potion"},{"floor":42.0,"key":"Strength Potion"},{"floor":44.0,"key":"AttackPotion"},{"floor":45.0,"key":"DistilledChaos"},{"floor":54,"key":"FearPotion"}],"is_trial":false,"path_per_floor":["M","?","M","$","?","R","?","R","T","M","COS","E","R","$","R","B",null,"M","?","$","M","?","E","R","E","T","M","M","R","COS","E","R","B",null,"M","?","?","M","T","E","R","M","T","M","M","M","M","M","R","B",null,"R","$","E","B",null],"character_chosen":"REIMU","items_purchased":["Medical Kit","Crusade:ReiMu","CleanRite:ReiMu","Pet Ghost","ClockworkSouvenir","LiquidFlight:ReiMu"],"campfire_rested":3,"item_purchase_floors":[4,4,4,20,53,53],"current_hp_per_floor":[50,50,23,23,23,23,23,40,40,39,39,53,53,53,53,40,59,54,54,54,52,52,12,29,29,29,29,27,44,44,43,43,27,59,59,59,59,54,54,48,48,48,48,53,53,50,48,48,48,48,59,59,59,57,4],"gold":61,"neow_bonus":"ONE_RARE_RELIC","is_daily":false,"chose_seed":false,"campfire_upgraded":4,"win_rate":0.0,"timestamp":1609471400,"path_taken":["M","?","?","$","?","R","?","R","T","?","COS","E","R","?","R","BOSS","M","?","$","M","?","E","R","E","T","?","M","R","COS","E","R","BOSS","M","?","?","M","?","E","R","M","T","?","?","M","?","M","R","BOSS","R","$","E","BOSS"],"items_purchased_type":["Relic","Card","Card","Relic","Relic","Potion"],"build_version":"2020-12-22","purchased_purges":1,"victory":true,"max_hp_per_floor":[59,59,59,59,59,59,59,59,59,59,59,59,59,59,59,59,59,59,59,59,59,59,59,59,59,59,59,59,59,59,59,59,59,59,59,59,59,59,59,59,59,59,59,59,59,59,59,59,59,59,59,59,59,59,59],"card_choices":[{"not_picked":["DoubleButterfly:ReiMu","Mountainwind:ReiMu"],"picked":"SubAcupoint:ReiMu","floor":1.0},{"not_picked":["Amulet:ReiMu","SpringWay:ReiMu"],"picked":"Meditation:ReiMu","floor":3.0},{"not_picked":["Gathering:ReiMu","WonderfulDomain:ReiMu"],"picked":"AirStrike:ReiMu","floor":10.0},{"not_picked":["TightArray:ReiMu","Intuition:ReiMu"],"picked":"Mountainwind:ReiMu","floor":12.0},{"not_picked":["CleanRite:ReiMu","SubcavityFantasy:ReiMu"],"picked":"CeremonyResonance:ReiMu","floor":16.0},{"not_picked":["Conquer:ReiMu","AlertArray:ReiMu"],"picked":"AirManeuver:ReiMu","floor":18.0},{"not_picked":["OrbThrow:ReiMu+1","LovePray:ReiMu","AlertArray:ReiMu+1"],"picked":"SKIP","floor":21.0},{"not_picked":["OrbThrow:ReiMu","Dreaming:ReiMu"],"picked":"PrayRite:ReiMu","floor":23.0},{"not_picked":["SafetyPray:ReiMu","AirStrike:ReiMu","Free:ReiMu"],"picked":"SKIP","floor":25.0},{"not_picked":["ForcedLanding:ReiMu+1","OrbThrow:ReiMu"],"picked":"FantasyMoon:ReiMu","floor":27.0},{"not_picked":["FoulBorder2:ReiMu+1","SafetyPray:ReiMu"],"picked":"AlertArray:ReiMu","floor":28.0},{"not_picked":["PassingAway:ReiMu","MikOfLucky:ReiMu","RainPray2:ReiMu"],"picked":"SKIP","floor":31.0},{"not_picked":["FoulBorder2:ReiMu+1","YinYangSign:ReiMu+1","ManaGlint:ReiMu"],"picked":"SKIP","floor":35.0},{"not_picked":["Enchanting:ReiMu","AlertArray:ReiMu"],"picked":"FantasyMoon:ReiMu","floor":38.0},{"not_picked":["KamiSacrifice:ReiMu+1","EmergencyTakeOff:ReiMu","SubAcupoint:ReiMu+1"],"picked":"SKIP","floor":40.0},{"not_picked":["SpreadBorder2:ReiMu","OrbThrow:ReiMu+1","Dreaming2:ReiMu"],"picked":"SKIP","floor":42.0},{"not_picked":["Conquer:ReiMu","SubAcupoint:ReiMu","WonderfulDomain:ReiMu"],"picked":"SKIP","floor":44.0},{"not_picked":["RainPray2:ReiMu","Enchanting:ReiMu+1","TightArray:ReiMu"],"picked":"SKIP","floor":45.0},{"not_picked":["OctopathBindingBorder2:ReiMu+1","Intuition:ReiMu+1","FantasyBorder:ReiMu+1"],"picked":"SKIP","floor":46.0},{"not_picked":["Crusade:ReiMu","YinYangSange:ReiMu","SpiritualOutbreak2:ReiMu"],"picked":"SKIP","floor":47.0},{"not_picked":["YinYangSign:ReiMu","AirStrike:ReiMu","BarrageOfMoneybags:ReiMu+1"],"picked":"SKIP","floor":48.0},{"not_picked":["CareerPray:ReiMu","RainPray2:ReiMu"],"picked":"SafetyPray:ReiMu","floor":54}],"player_experience":282379,"relics_obtained":[{"floor":9.0,"key":"SkyOrb:ReiMu"},{"floor":12.0,"key":"infinitespire:Broken Mirror"},{"floor":16.0,"key":"Gensokyo:OccultBall"},{"floor":23.0,"key":"Darkstone Periapt"},{"floor":25.0,"key":"Garlic"},{"floor":26.0,"key":"Anchor"},{"floor":31.0,"key":"War Paint"},{"floor":33.0,"key":"Gensokyo:OccultBall"},{"floor":40.0,"key":"ScarletDevilRocket"},{"floor":43.0,"key":"Replay:Bottled Snecko"},{"floor":46.0,"key":"Gensokyo:OccultBall"},{"floor":47.0,"key":"Gensokyo:OccultBall"},{"floor":54,"key":"Gensokyo:OccultBall"}],"event_choices":[],"is_beta":false,"boss_relics":[{"not_picked":["Empty Cage","Replay:Drink Me"],"picked":"ChewingGum"},{"not_picked":["RedLine:ReiMu","infinitespire:Cupcake"],"picked":"Snecko Eye"}],"items_purged_floors":[14],"is_endless":false,"potions_floor_spawned":[3,12,16,18,23,31,42,44,45,54],"ascension_level":0}}