{"host":"dhxdkxsvr0kfcb1i","time":1609515874,"event":{"mods":["Aspiration","BaseMod","Better Third Choice","Colored Map","Conspire","Downfall","Koishi","Luminous","Magitek Elite","Minty Spire (QoL Compilation)","Prisma Mod","Replay The Spire","Shade Mod","StSLib","The Animator","The Blackbeard","The Construct","The Judge","The Jungle","The Servant 0.9.4"],"gold_per_floor":[99,110,127,127,142,142,195,210,224,55,75,75,110,121,135,135,135,135],"floor_reached":16,"playtime":1228,"items_purged":[],"score":156,"play_id":"71655fa7-77b0-4ec3-a098-7457acb1121e","local_time":"20210101084434","is_ascension_mode":false,"campfire_choices":[{"data":"champ:Execute","floor":1.0,"key":"SMITH"},{"data":"champ:Taunt","floor":6.0,"key":"SMITH"}],"circlet_count":0,"master_deck":["conspire:GhostlyStrike","conspire:GhostlyStrike","conspire:GhostlyStrike","conspire:GhostlyStrike","conspire:GhostlyDefend","conspire:GhostlyDefend","conspire:GhostlyDefend","conspire:GhostlyDefend","champ:Execute+1","champ:Taunt+1","champ:RisingSlash","champ:GladiatorStyle","champ:SkillfulDodge","champ:FalseCounter","champ:Duel","champ:DefensiveShout","champ:CrownThrow","champ:DefensiveStyle","champ:Riposte","champ:Circumvent"],"relics":["champ:ChampionCrown","PreservedInsect","Potion Belt"],"acts_visited":["Exordium"],"potions_floor_usage":[16,16],"damage_taken":[{"damage":5.0,"enemies":"Cultist","floor":2.0,"turns":3.0},{"damage":7.0,"enemies":"conspire:RoseBush","floor":3.0,"turns":3.0},{"damage":13.0,"enemies":"Jaw Worm","floor":5.0,"turns":3.0},{"damage":5.0,"enemies":"Exordium Wildlife","floor":8.0,"turns":3.0},{"damage":12.0,"enemies":"3 Louse","floor":9.0,"turns":6.0},{"damage":5.0,"enemies":"downfall:FleeingMerchant","floor":10.0,"turns":4.0},{"damage":7.0,"enemies":"Large Slime","floor":11.0,"turns":5.0},{"damage":13.0,"enemies":"Replay:BlueRogue","floor":13.0,"turns":5.0},{"damage":9.0,"enemies":"Exordium Thugs","floor":14.0,"turns":4.0},{"damage":6.0,"enemies":"Exordium Wildlife","floor":15.0,"turns":4.0},{"damage":57,"enemies":"downfall:Defect","floor":16,"turns":6}],"seed_played":"-726037487210739487","potions_obtained":[{"floor":3.0,"key":"Energy Potion"},{"floor":5.0,"key":"DistilledChaos"},{"floor":14.0,"key":"sneckomod:MuddlingPotion"}],"is_trial":false,"path_per_floor":["R","M","M","?","M","R","T","M","M","$","M","?","E","M","M","B"],"character_chosen":"THE_CHAMP","items_purchased":["PreservedInsect"],"campfire_rested":0,"item_purchase_floors":[10],"current_hp_per_floor":[99,99,97,97,89,89,89,89,77,77,75,75,67,63,57,0,0,0],"gold":135,"neow_bonus":"TEN_PERCENT_HP_BONUS","is_daily":false,"chose_seed":false,"campfire_upgraded":2,"win_rate":0.0,"timestamp":1609515874,"path_taken":["R","M","M","?","M","R","T","M","?","$","M","?","E","M","M","BOSS"],"items_purchased_type":["Relic"],"build_version":"2020-12-22","purchased_purges":0,"victory":false,"max_hp_per_floor":[99,99,99,99,99,99,99,99,99,99,99,99,99,99,99,99,99,99],"card_choices":[{"not_picked":["champ:Circumvent","champ:EndlessRage"],"picked":"champ:RisingSlash","floor":2.0},{"not_picked":["champ:StanceDance","champ:CrookedStrike"],"picked":"champ:GladiatorStyle","floor":3.0},{"not_picked":["champ:ViciousMockery","champ:FlashCut"],"picked":"champ:SkillfulDodge","floor":5.0},{"not_picked":["champ:FanOfKnives","champ:EnragedBash"],"picked":"champ:FalseCounter","floor":8.0},{"not_picked":["champ:StanceDance","champ:Backstep"],"picked":"champ:Duel","floor":9.0},{"not_picked":["champ:StanceDance","champ:GladiatorsShout"],"picked":"champ:DefensiveShout","floor":10.0},{"not_picked":["champ:GladiatorsShout","champ:GutPunch"],"picked":"champ:CrownThrow","floor":11.0},{"not_picked":["champ:FocusedGladiator","champ:GutPunch"],"picked":"champ:DefensiveStyle","floor":13.0},{"not_picked":["champ:GladiatorsShout","champ:FocusedBerserking"],"picked":"champ:Riposte","floor":14.0},{"not_picked":["champ:RapidStrikes","champ:PerfectedStrike"],"picked":"champ:Circumvent","floor":15.0}],"player_experience":713208,"relics_obtained":[{"floor":13.0,"key":"Potion Belt"}],"event_choices":[{"damage_healed":0.0,"max_hp_gain":0.0,"max_hp_loss":0.0,"gold_gain":0.0,"event_name":"NoteForYourself","player_choice":"Ignored","floor":4.0,"gold_loss":0.0,"damage_taken":0.0},{"damage_healed":0.0,"max_hp_gain":0.0,"max_hp_loss":0.0,"gold_gain":0.0,"event_name":"conspire:LoneGhost","player_choice":"Agree","floor":12.0,"gold_loss":0.0,"damage_taken":0.0}],"is_beta":false,"boss_relics":[],"items_purged_floors":[],"is_endless":false,"potions_floor_spawned":[3,5,14],"killed_by":"downfall:Defect","ascension_level":0}}