{"host":"x4juqxtivqd4pvh0","time":1609462410,"event":{"mods":["AchievementEnabler","BaseMod","Colored Map","Colored Powertips","Googly Eyes","Minty Spire (QoL Compilation)","Rare Cards Sparkle","Shop Mod","SuperFastMode"],"gold_per_floor":[99,99,118,24,24,24,0,0,0,16,16,32,94,169,169,169,169],"floor_reached":16,"playtime":796,"items_purged":[],"score":92,"play_id":"32feabae-6b3c-4bcb-ab36-8817e1ad76ce","local_time":"20210101112330","is_ascension_mode":false,"campfire_choices":[{"data":"Go for the Eyes","floor":6,"key":"SMITH"},{"floor":8,"key":"REST"},{"floor":11,"key":"REST"},{"floor":15,"key":"REST"}],"circlet_count":0,"master_deck":["Strike_B","Strike_B","Strike_B","Strike_B","Defend_B","Defend_B","Defend_B","Defend_B","Zap","Dualcast","Leap","Heatsinks","Go for the Eyes+1","Gash","Blizzard","Ball Lightning","Undo","Go for the Eyes"],"relics":["Cracked Core","NeowsBlessing","MealTicket","Blood Vial"],"acts_visited":["Exordium"],"potions_floor_usage":[13,13,16,16],"damage_taken":[{"damage":0,"enemies":"Cultist","floor":1,"turns":1},{"damage":0,"enemies":"Small Slimes","floor":2,"turns":1},{"damage":0,"enemies":"2 Louse","floor":3,"turns":1},{"damage":15,"enemies":"Exordium Wildlife","floor":5,"turns":4},{"damage":15,"enemies":"Looter","floor":7,"turns":4},{"damage":37,"enemies":"Large Slime","floor":10,"turns":7},{"damage":10,"enemies":"2 Fungi Beasts","floor":12,"turns":3},{"damage":22,"enemies":"Lagavulin Event","floor":13,"turns":7},{"damage":43,"enemies":"Slime Boss","floor":16,"turns":8}],"seed_played":"1057955929752109589","potions_obtained":[{"floor":2,"key":"Explosive Potion"},{"floor":3,"key":"Regen Potion"},{"floor":12,"key":"Block Potion"},{"floor":13,"key":"Explosive Potion"}],"is_trial":false,"path_per_floor":["M","M","M","$","M","R","M","R","T","M","R","M","?","?","R","B"],"character_chosen":"DEFECT","items_purchased":["Gash","Blizzard"],"campfire_rested":3,"item_purchase_floors":[4,4],"current_hp_per_floor":[75,75,75,75,60,60,45,67,67,30,52,42,27,16,38,0,0],"gold":169,"neow_bonus":"THREE_ENEMY_KILL","is_daily":false,"chose_seed":false,"campfire_upgraded":1,"win_rate":0.0,"timestamp":1609462410,"path_taken":["M","?","M","$","M","R","M","R","T","M","R","M","?","?","R","BOSS"],"items_purchased_type":["Card","Card"],"build_version":"2020-12-22","purchased_purges":0,"victory":false,"max_hp_per_floor":[75,75,75,75,75,75,75,75,75,75,75,75,75,75,75,75,75],"card_choices":[{"not_picked":["Leap","Auto Shields","Steam Power"],"picked":"SKIP","floor":1},{"not_picked":["Auto Shields","Steam Power"],"picked":"Leap","floor":1},{"not_picked":["Skim","Static Discharge"],"picked":"Heatsinks","floor":2},{"not_picked":["Coolheaded","Rebound"],"picked":"Go for the Eyes","floor":3},{"not_picked":["Hologram","Redo","Gash"],"picked":"SKIP","floor":5},{"not_picked":["Reprogram","Barrage","Reinforced Body"],"picked":"SKIP","floor":7},{"not_picked":["Go for the Eyes","Barrage"],"picked":"Ball Lightning","floor":10},{"not_picked":["Rebound","Steam Power"],"picked":"Undo","floor":12},{"not_picked":["Static Discharge","Defragment"],"picked":"Go for the Eyes","floor":13}],"player_experience":51983,"relics_obtained":[{"floor":9,"key":"MealTicket"}],"event_choices":[{"damage_healed":0,"gold_gain":30,"player_choice":"Searched \u00273\u0027 times","damage_taken":0,"relics_obtained":["Blood Vial"],"max_hp_gain":0,"max_hp_loss":0,"event_name":"Dead Adventurer","floor":13,"gold_loss":0},{"damage_healed":0,"gold_gain":75,"player_choice":"Gather Gold","damage_taken":11,"max_hp_gain":0,"max_hp_loss":0,"event_name":"World of Goop","floor":14,"gold_loss":0}],"is_beta":false,"boss_relics":[],"items_purged_floors":[],"is_endless":false,"potions_floor_spawned":[2,3,12,13],"killed_by":"Slime Boss","ascension_level":0}}