{"host":"2d1gdrpn8mmx8hh1","time":1609520888,"event":{"mods":["AchievementEnabler","BaseMod","Hermit","Minty Spire (QoL Compilation)","Replay The Spire","StSLib"],"gold_per_floor":[115,133,148,223,148,148,178,53,53,64,78,78,91,104,104,205,205,205,130,30,30,5,5,5],"floor_reached":23,"playtime":1737,"items_purged":["Strike_G","Strike_G"],"score":185,"play_id":"4050240a-7c07-4d5e-8db6-62e70e743850","local_time":"20210101110808","is_ascension_mode":false,"campfire_choices":[{"data":"Poisoned Stab","floor":6,"key":"SMITH"},{"data":"Strike_G","floor":15,"key":"PURGE"}],"circlet_count":0,"master_deck":["Strike_G","Strike_G","Defend_G","Defend_G","Defend_G","Defend_G","Defend_G","Survivor","Neutralize","Acrobatics","Poisoned Stab+1","Blur","Prepared","Footwork","Poisoned Stab","Noxious Fumes","Noxious Fumes","Venomology","Footwork+1","Prepared","Deadly Poison"],"relics":["Philosopher\u0027s Stone","Odd Mushroom","Paper Crane","Ectoplasm"],"acts_visited":["Exordium","TheCity"],"potions_floor_usage":[16,16,16,21,21,21,23,23],"damage_taken":[{"damage":0,"enemies":"2 Louse","floor":1,"turns":4},{"damage":0,"enemies":"Small Slimes","floor":2,"turns":4},{"damage":0,"enemies":"Cultist","floor":3,"turns":3},{"damage":17,"enemies":"The Mushroom Lair","floor":7,"turns":5},{"damage":2,"enemies":"Blue Slaver","floor":10,"turns":4},{"damage":2,"enemies":"Large Slime","floor":11,"turns":6},{"damage":2,"enemies":"Exordium Wildlife","floor":13,"turns":4},{"damage":0,"enemies":"Red Slaver","floor":14,"turns":4},{"damage":5,"enemies":"Slime Boss","floor":16,"turns":8},{"damage":9,"enemies":"Shell Parasite","floor":18,"turns":6},{"damage":22,"enemies":"2 Thieves","floor":19,"turns":5},{"damage":10,"enemies":"3 Cultists","floor":21,"turns":5},{"damage":27,"enemies":"Slavers","floor":23,"turns":2}],"seed_played":"2752627029338942475","potions_obtained":[{"floor":2,"key":"Venom Potion"},{"floor":7,"key":"SkillPotion"},{"floor":13,"key":"Explosive Potion"},{"floor":16,"key":"SteroidPotion"},{"floor":18,"key":"Dexterity Potion"},{"floor":21,"key":"CunningPotion"}],"is_trial":false,"path_per_floor":["M","M","M","?","$","R","?","$","T","M","M","?","M","M","R","B",null,"M","M","$","M","$","E"],"character_chosen":"THE_SILENT","items_purchased":["Footwork","Poisoned Stab","Deadly Poison"],"campfire_rested":0,"item_purchase_floors":[8,8,22],"current_hp_per_floor":[70,70,70,59,59,59,42,42,42,40,38,31,29,29,29,24,70,61,39,39,29,29,2,2],"gold":5,"neow_bonus":"BOSS_RELIC","is_daily":false,"chose_seed":false,"campfire_upgraded":1,"win_rate":0.0,"timestamp":1609520888,"path_taken":["M","M","M","?","$","R","?","$","T","M","M","?","M","M","R","BOSS","M","M","$","M","?","E"],"items_purchased_type":["Card","Card","Card"],"build_version":"2020-12-22","purchased_purges":2,"victory":false,"max_hp_per_floor":[70,70,70,70,70,70,70,70,70,70,70,70,70,70,70,70,70,70,70,70,70,70,70,70],"card_choices":[{"not_picked":["PiercingWail","Deflect"],"picked":"Acrobatics","floor":1},{"not_picked":["Hidden Blade","ReplayTheSpireMod:Tripwire"],"picked":"Poisoned Stab","floor":2},{"not_picked":["Dagger Spray","Dagger Throw"],"picked":"Blur","floor":3},{"not_picked":["All Out Attack","Atom Bomb"],"picked":"Prepared","floor":7},{"not_picked":["Blur","Poisoned Stab"],"picked":"Noxious Fumes","floor":10},{"not_picked":["Blade Dance","ReplayTheSpireMod:The Works","Hidden Blade"],"picked":"SKIP","floor":11},{"not_picked":["Underhanded Strike","Sucker Punch","Malaise"],"picked":"SKIP","floor":13},{"not_picked":["Dagger Spray","Draining Mist"],"picked":"Noxious Fumes","floor":14},{"not_picked":["ReplayTheSpireMod:From All Sides","Bullet Time"],"picked":"Venomology","floor":16},{"not_picked":["Quick Slash","Flying Knee"],"picked":"Footwork+1","floor":18},{"not_picked":["Blade Dance","Quick Slash","Masterful Stab"],"picked":"SKIP","floor":19},{"not_picked":["Underhanded Strike","Deflect"],"picked":"Prepared","floor":21}],"player_experience":13578,"relics_obtained":[{"floor":7,"key":"Odd Mushroom"},{"floor":9,"key":"Paper Crane"}],"event_choices":[{"damage_healed":0,"gold_gain":75,"player_choice":"Gather Gold","damage_taken":11,"max_hp_gain":0,"max_hp_loss":0,"event_name":"World of Goop","floor":4,"gold_loss":0},{"damage_healed":0,"gold_gain":0,"player_choice":"Fought Mushrooms","damage_taken":0,"max_hp_gain":0,"max_hp_loss":0,"event_name":"Mushrooms","floor":7,"gold_loss":0},{"damage_healed":0,"gold_gain":0,"player_choice":"Damaged","damage_taken":7,"max_hp_gain":0,"max_hp_loss":0,"event_name":"Wheel of Change","floor":12,"gold_loss":0}],"is_beta":false,"boss_relics":[{"not_picked":["Snecko Eye","Velvet Choker"],"picked":"Ectoplasm"}],"items_purged_floors":[5,20],"is_endless":false,"potions_floor_spawned":[2,7,13,14,16,18,21],"killed_by":"Slavers","ascension_level":0}}