{"host":"5f8ute538gzudddu","time":1609481903,"event":{"mods":["BaseMod","Highlight Path","Minty Spire (QoL Compilation)","Relic Stats","StSLib"],"gold_per_floor":[113,126,126,138,115,152,164,211,248,286,298,328,415,444,456,542,554,581,211,245,245,245,245,271,271,294,294,105,132,145,159,159,233,233,244,298,318,99,99,99,117,151,151,168,168,182,25,55,55,55,55,55],"floor_reached":51,"playtime":3500,"items_purged":["Study","Prostrate"],"score":1593,"play_id":"662e749b-3b1b-4691-9670-e55300d572a2","local_time":"20201231221823","is_ascension_mode":true,"campfire_choices":[{"data":"Eruption","floor":7.0,"key":"SMITH"},{"floor":11.0,"key":"REST"},{"data":"Blasphemy","floor":15.0,"key":"SMITH"},{"data":"BowlingBash","floor":23.0,"key":"SMITH"},{"data":"MentalFortress","floor":25.0,"key":"SMITH"},{"data":"WaveOfTheHand","floor":27.0,"key":"SMITH"},{"data":"Vault","floor":32.0,"key":"SMITH"},{"data":"Meditate","floor":40.0,"key":"SMITH"},{"floor":49.0,"key":"RECALL"}],"circlet_count":0,"master_deck":["AscendersBane","Eruption+1","Vigilance+1","DeceiveReality","WaveOfTheHand+1","Blasphemy+1","MentalFortress+1","InnerPeace","TalkToTheHand","SashWhip","CutThroughFate","WheelKick","EmptyFist","TalkToTheHand","Vault+1","BowlingBash+1","Sanctity+1","Tantrum","Wallop+1","CutThroughFate","FlurryOfBlows","Meditate+1","Madness","Madness","Injury","DeceiveReality+1"],"relics":["Pandora\u0027s Box","MawBank","Pantograph","Singing Bowl","PreservedInsect","Boot","Sozu","Anchor","Red Mask","Smiling Mask","War Paint","Sling","Orichalcum","VioletLotus","Thread and Needle","Vajra","Darkstone Periapt","ClockworkSouvenir","Lantern"],"acts_visited":["Exordium","TheCity","TheBeyond"],"potions_floor_usage":[51],"damage_taken":[{"damage":6.0,"enemies":"Small Slimes","floor":1.0,"turns":6.0},{"damage":16.0,"enemies":"2 Louse","floor":2.0,"turns":4.0},{"damage":6.0,"enemies":"Lagavulin","floor":6.0,"turns":7.0},{"damage":22.0,"enemies":"Gremlin Nob","floor":8.0,"turns":4.0},{"damage":0.0,"enemies":"Lagavulin","floor":10.0,"turns":4.0},{"damage":5.0,"enemies":"Jaw Worm","floor":12.0,"turns":3.0},{"damage":0.0,"enemies":"Large Slime","floor":14.0,"turns":3.0},{"damage":8.0,"enemies":"Hexaghost","floor":16.0,"turns":9.0},{"damage":0.0,"enemies":"Shell Parasite","floor":18.0,"turns":7.0},{"damage":0.0,"enemies":"Masked Bandits","floor":20.0,"turns":4.0},{"damage":18.0,"enemies":"Slavers","floor":24.0,"turns":4.0},{"damage":5.0,"enemies":"Book of Stabbing","floor":29.0,"turns":3.0},{"damage":0.0,"enemies":"Chosen","floor":30.0,"turns":3.0},{"damage":4.0,"enemies":"Centurion and Healer","floor":31.0,"turns":6.0},{"damage":27.0,"enemies":"Collector","floor":33.0,"turns":6.0},{"damage":0.0,"enemies":"Orb Walker","floor":35.0,"turns":3.0},{"damage":6.0,"enemies":"2 Orb Walkers","floor":36.0,"turns":4.0},{"damage":0.0,"enemies":"3 Darklings","floor":37.0,"turns":5.0},{"damage":0.0,"enemies":"Spire Growth","floor":41.0,"turns":4.0},{"damage":0.0,"enemies":"Reptomancer","floor":42.0,"turns":4.0},{"damage":0.0,"enemies":"Writhing Mass","floor":44.0,"turns":7.0},{"damage":14.0,"enemies":"Transient","floor":46.0,"turns":7.0},{"damage":0.0,"enemies":"Giant Head","floor":48.0,"turns":5.0},{"damage":2.0,"enemies":"Awakened One","floor":50.0,"turns":19.0},{"damage":116,"enemies":"Time Eater","floor":51,"turns":19}],"seed_played":"2500539395027338194","potions_obtained":[{"floor":1.0,"key":"EntropicBrew"},{"floor":10.0,"key":"CultistPotion"},{"floor":16.0,"key":"PowerPotion"}],"is_trial":false,"path_per_floor":["M","M","?","?","?","E","R","E","T","E","R","M","?","M","R","B",null,"M","$","?","?","?","R","E","R","T","R","$","E","M","M","R","B",null,"M","?","M","$","?","R","M","E","T","M","?","M","$","E","R","B","B"],"character_chosen":"WATCHER","items_purchased":["Anchor","BowlingBash","Sanctity","CutThroughFate","Sling","Vajra","ClockworkSouvenir"],"campfire_rested":1,"item_purchase_floors":[19,19,19,28,28,38,47],"current_hp_per_floor":[55,39,21,21,38,32,32,12,12,12,33,28,17,19,19,36,63,65,65,67,67,67,67,49,49,49,49,49,46,48,46,46,46,75,77,71,71,71,56,56,58,60,60,62,68,56,56,56,56,79,0,0],"gold":55,"neow_bonus":"BOSS_RELIC","is_daily":false,"chose_seed":false,"campfire_upgraded":7,"win_rate":0.0,"timestamp":1609481903,"path_taken":["M","M","?","?","?","E","R","E","T","E","R","M","?","?","R","BOSS","M","$","?","?","?","R","E","R","T","R","?","E","M","M","R","BOSS","M","?","M","$","?","R","M","E","T","M","?","M","$","E","R","BOSS","BOSS"],"items_purchased_type":["Relic","Card","Card","Card","Relic","Relic","Relic"],"build_version":"2020-12-22","purchased_purges":2,"victory":false,"max_hp_per_floor":[68,68,68,68,68,68,68,70,70,70,70,70,70,72,72,72,72,74,74,76,76,76,76,76,76,76,76,76,78,80,82,82,84,84,86,86,86,86,86,86,88,90,90,92,98,100,100,100,100,100,100,100],"relic_stats":{"Darkstone Periapt":6,"Singing Bowl":26,"counters":[25,150],"PreservedInsect":304,"War Paint":["Vigilance","Sanctity"],"Orichalcum":[6],"MawBank":192,"Boot":[131],"Smiling Mask":50,"Sozu":6,"Pantograph":96,"Pandora\u0027s Box":["Study","DeceiveReality","WaveOfTheHand","Blasphemy","Prostrate","MentalFortress","InnerPeace","TalkToTheHand"],"VioletLotus":[38],"obtain_stats":[{"Darkstone Periapt":42,"Lantern":48,"Singing Bowl":8,"Vajra":38,"Thread and Needle":36,"PreservedInsect":9,"War Paint":26,"Orichalcum":29,"MawBank":3,"Boot":10,"Smiling Mask":24,"Sling":28,"ClockworkSouvenir":47,"Sozu":17,"Anchor":19,"Pantograph":6,"Pandora\u0027s Box":0,"VioletLotus":34,"Red Mask":20,"PureWater":0},{"Darkstone Periapt":20,"Lantern":23,"Singing Bowl":4,"Vajra":18,"Thread and Needle":17,"PreservedInsect":4,"War Paint":11,"Orichalcum":12,"MawBank":2,"Boot":5,"Smiling Mask":11,"Sling":11,"ClockworkSouvenir":22,"Sozu":8,"Anchor":9,"Pantograph":3,"Pandora\u0027s Box":0,"VioletLotus":15,"Red Mask":10,"PureWater":0},{"Darkstone Periapt":93,"Lantern":112,"Singing Bowl":21,"Vajra":85,"Thread and Needle":80,"PreservedInsect":21,"War Paint":55,"Orichalcum":58,"MawBank":10,"Boot":25,"Smiling Mask":55,"Sling":55,"ClockworkSouvenir":107,"Sozu":40,"Anchor":47,"Pantograph":17,"Pandora\u0027s Box":0,"VioletLotus":73,"Red Mask":51,"PureWater":0}]},"card_choices":[{"not_picked":["MentalFortress","InnerPeace"],"picked":"SashWhip","floor":1.0},{"not_picked":["FlyingSleeves","InnerPeace"],"picked":"CutThroughFate","floor":2.0},{"not_picked":["Nirvana","Establishment"],"picked":"WheelKick","floor":6.0},{"not_picked":["Adaptation","Crescendo","ConjureBlade"],"picked":"Singing Bowl","floor":8.0},{"not_picked":["Crescendo","Alpha"],"picked":"EmptyFist","floor":10.0},{"not_picked":["Study","SashWhip"],"picked":"TalkToTheHand","floor":12.0},{"not_picked":["DeceiveReality","WindmillStrike","ReachHeaven"],"picked":"Singing Bowl","floor":14.0},{"not_picked":["Omniscience","DeusExMachina"],"picked":"Vault","floor":16.0},{"not_picked":["Evaluate","Protect+1","EmptyBody"],"picked":"Singing Bowl","floor":18.0},{"not_picked":["Vengeance","PathToVictory","Nirvana+1"],"picked":"Singing Bowl","floor":20.0},{"not_picked":["BowlingBash","Study"],"picked":"Wallop+1","floor":24.0},{"not_picked":["WreathOfFlame","Brilliance","Indignation+1"],"picked":"Singing Bowl","floor":29.0},{"not_picked":["SashWhip+1","DeceiveReality","Nirvana"],"picked":"Singing Bowl","floor":30.0},{"not_picked":["Prostrate","Evaluate","PathToVictory"],"picked":"Singing Bowl","floor":31.0},{"not_picked":["SpiritShield","DeusExMachina","Ragnarok"],"picked":"Singing Bowl","floor":33.0},{"not_picked":["FlyingSleeves","EmptyBody","LikeWater"],"picked":"Singing Bowl","floor":35.0},{"not_picked":["Perseverance","SandsOfTime"],"picked":"FlurryOfBlows","floor":36.0},{"not_picked":["FearNoEvil+1","ThirdEye"],"picked":"Meditate","floor":37.0},{"not_picked":["Protect","FollowUp","Prostrate"],"picked":"Singing Bowl","floor":41.0},{"not_picked":["Perseverance","SashWhip+1","Consecrate+1"],"picked":"Singing Bowl","floor":42.0},{"not_picked":["EmptyBody","Consecrate+1","ReachHeaven+1"],"picked":"Singing Bowl","floor":44.0},{"not_picked":["FlurryOfBlows","ForeignInfluence","WindmillStrike"],"picked":"Singing Bowl","floor":46.0},{"not_picked":["Devotion","BowlingBash"],"picked":"DeceiveReality+1","floor":48.0}],"player_experience":930633,"relics_obtained":[{"floor":6.0,"key":"Pantograph"},{"floor":8.0,"key":"Singing Bowl"},{"floor":9.0,"key":"PreservedInsect"},{"floor":10.0,"key":"Boot"},{"floor":20.0,"key":"Red Mask"},{"floor":24.0,"key":"Smiling Mask"},{"floor":26.0,"key":"War Paint"},{"floor":29.0,"key":"Orichalcum"},{"floor":36.0,"key":"Thread and Needle"},{"floor":42.0,"key":"Darkstone Periapt"},{"floor":48.0,"key":"Lantern"}],"event_choices":[{"damage_healed":0.0,"max_hp_gain":0.0,"max_hp_loss":0.0,"gold_gain":0.0,"event_name":"Scrap Ooze","player_choice":"Success","floor":3.0,"gold_loss":0.0,"damage_taken":18.0,"relics_obtained":["MawBank"]},{"damage_healed":0.0,"max_hp_gain":0.0,"max_hp_loss":0.0,"gold_gain":0.0,"event_name":"Shining Light","player_choice":"Ignored","floor":4.0,"gold_loss":0.0,"damage_taken":0.0},{"damage_healed":17.0,"max_hp_gain":0.0,"max_hp_loss":0.0,"gold_gain":0.0,"event_name":"The Cleric","player_choice":"Healed","floor":5.0,"gold_loss":35.0,"damage_taken":0.0},{"damage_healed":0.0,"max_hp_gain":0.0,"max_hp_loss":0.0,"gold_gain":75.0,"event_name":"World of Goop","player_choice":"Gather Gold","floor":13.0,"gold_loss":0.0,"damage_taken":11.0},{"damage_healed":0.0,"max_hp_gain":0.0,"max_hp_loss":0.0,"gold_gain":0.0,"event_name":"Masked Bandits","player_choice":"Fought Bandits","floor":20.0,"gold_loss":0.0,"damage_taken":0.0},{"damage_healed":0.0,"max_hp_gain":0.0,"max_hp_loss":0.0,"gold_gain":0.0,"event_name":"The Library","player_choice":"Read","floor":21.0,"gold_loss":0.0,"damage_taken":0.0,"cards_obtained":["Tantrum"]},{"damage_healed":0.0,"max_hp_gain":0.0,"max_hp_loss":0.0,"gold_gain":0.0,"event_name":"Ghosts","player_choice":"Ignored","floor":22.0,"gold_loss":0.0,"damage_taken":0.0},{"damage_healed":0.0,"max_hp_gain":0.0,"max_hp_loss":0.0,"gold_gain":0.0,"event_name":"Mysterious Sphere","player_choice":"Fight","floor":36.0,"gold_loss":0.0,"damage_taken":0.0},{"damage_healed":0.0,"max_hp_gain":0.0,"max_hp_loss":0.0,"gold_gain":0.0,"event_name":"Winding Halls","player_choice":"Embrace Madness","floor":39.0,"gold_loss":0.0,"damage_taken":15.0,"cards_obtained":["Madness","Madness"]},{"damage_healed":0.0,"max_hp_gain":0.0,"max_hp_loss":0.0,"gold_gain":0.0,"event_name":"Match and Keep!","player_choice":"1 cards matched","floor":45.0,"gold_loss":0.0,"damage_taken":0.0,"cards_obtained":["Injury"]}],"is_beta":false,"boss_relics":[{"not_picked":["Astrolabe","Velvet Choker"],"picked":"Sozu"},{"not_picked":["Cursed Key","Fusion Hammer"],"picked":"VioletLotus"}],"items_purged_floors":[19,38],"is_endless":false,"potions_floor_spawned":[1,2,10,16,29,30,36,37,44,48],"killed_by":"Time Eater","ascension_level":20}}