{"host":"aw5aop3hbkunav4s","time":1609484683,"event":{"mods":["2.2 Compatiblity","AchievementEnabler","BaseMod","Colored Map","Curses Come First","Minty Spire (QoL Compilation)","Relic Stats","StSLib","Synergy Search"],"gold_per_floor":[117,117,137,157,157,186,198,226,277,235,38,49,77,90,90,187,187,202,219,234,234,9,9,26,51,51,51,51],"floor_reached":27,"playtime":2438,"items_purged":["Defend_G","Outmaneuver"],"score":389,"play_id":"1dda73d6-90aa-4fed-a736-034a77359677","local_time":"20210101020443","is_ascension_mode":true,"campfire_choices":[{"floor":15.0,"key":"REST"},{"data":"Noxious Fumes","floor":23,"key":"SMITH"}],"circlet_count":0,"master_deck":["Survivor","Neutralize+1","Finisher+1","Terror","PiercingWail","Crippling Poison","Envenom","Well Laid Plans","Poisoned Stab","PiercingWail","Wraith Form v2","Footwork","Caltrops","Leg Sweep","Noxious Fumes+1","Endless Agony","Escape Plan","Escape Plan","Deflect+1","Ghostly","Ghostly","Ghostly","Ghostly","Ghostly","Deflect+1"],"relics":["Empty Cage","Strawberry","Shuriken","PreservedInsect","Whetstone","Pandora\u0027s Box","Happy Flower","Question Card"],"acts_visited":["Exordium","TheCity"],"potions_floor_usage":[20,24,25,27],"damage_taken":[{"damage":0.0,"enemies":"Cultist","floor":1.0,"turns":5.0},{"damage":0.0,"enemies":"Small Slimes","floor":3.0,"turns":3.0},{"damage":0.0,"enemies":"2 Louse","floor":4.0,"turns":2.0},{"damage":21.0,"enemies":"Gremlin Nob","floor":6.0,"turns":4.0},{"damage":4.0,"enemies":"Blue Slaver","floor":7.0,"turns":2.0},{"damage":25.0,"enemies":"Lagavulin","floor":8.0,"turns":6.0},{"damage":10.0,"enemies":"Exordium Thugs","floor":12.0,"turns":4.0},{"damage":0.0,"enemies":"Gremlin Nob","floor":13.0,"turns":2.0},{"damage":0.0,"enemies":"2 Fungi Beasts","floor":14.0,"turns":3.0},{"damage":22.0,"enemies":"The Guardian","floor":16.0,"turns":9.0},{"damage":9.0,"enemies":"Spheric Guardian","floor":18.0,"turns":7.0},{"damage":21,"enemies":"Chosen","floor":19,"turns":7},{"damage":11,"enemies":"Snake Plant","floor":20,"turns":4},{"damage":15,"enemies":"Cultist and Chosen","floor":24,"turns":9},{"damage":6,"enemies":"Slavers","floor":25,"turns":5},{"damage":12,"enemies":"Book of Stabbing","floor":27,"turns":3}],"seed_played":"3621841403446310016","potions_obtained":[{"floor":1.0,"key":"Dexterity Potion"},{"floor":3.0,"key":"Explosive Potion"},{"floor":4.0,"key":"Block Potion"},{"floor":18.0,"key":"AttackPotion"},{"floor":19,"key":"Regen Potion"}],"is_trial":false,"path_per_floor":["M","?","M","M","?","E","M","E","T","?","$","M","E","M","R","B",null,"M","M","M","?","$","R","M","E","T","E"],"character_chosen":"THE_SILENT","items_purchased":["Well Laid Plans","SteroidPotion","GamblersBrew","Dexterity Potion"],"campfire_rested":1,"item_purchase_floors":[11,11,22,22],"current_hp_per_floor":[63,49,49,49,70,56,52,27,27,27,27,17,17,17,40,18,62,53,32,33,33,33,33,18,12,12,0,0],"gold":51,"neow_bonus":"BOSS_RELIC","is_daily":false,"chose_seed":false,"campfire_upgraded":1,"win_rate":0.0,"timestamp":1609484683,"path_taken":["M","?","M","M","?","E","M","E","T","?","?","M","E","M","R","BOSS","M","M","M","?","$","R","M","E","T","E"],"items_purchased_type":["Card","Potion","Potion","Potion"],"build_version":"2020-12-22","purchased_purges":2,"victory":false,"max_hp_per_floor":[70,70,70,70,70,77,77,77,77,77,77,77,77,77,77,77,77,77,77,77,38,38,38,38,38,38,38,38],"relic_stats":{"Happy Flower":[1],"counters":[16,75],"Shuriken":[10],"Pandora\u0027s Box":["Footwork","Caltrops","Leg Sweep","Noxious Fumes","Endless Agony","Escape Plan","Outmaneuver"],"PreservedInsect":102,"Whetstone":["Neutralize","Strike_G"],"Question Card":0,"obtain_stats":[{"Happy Flower":25,"Shuriken":8,"Strawberry":6,"Pandora\u0027s Box":17,"PreservedInsect":9,"Whetstone":13,"Empty Cage":0,"Question Card":26,"Ring of the Snake":0},{"Happy Flower":15,"Shuriken":6,"Strawberry":4,"Pandora\u0027s Box":10,"PreservedInsect":6,"Whetstone":8,"Empty Cage":0,"Question Card":15,"Ring of the Snake":0},{"Happy Flower":72,"Shuriken":22,"Strawberry":14,"Pandora\u0027s Box":40,"PreservedInsect":22,"Whetstone":28,"Empty Cage":0,"Question Card":72,"Ring of the Snake":0}]},"card_choices":[{"not_picked":["Eviscerate","Acrobatics"],"picked":"Finisher","floor":1.0},{"not_picked":["Finisher","Dagger Throw"],"picked":"Terror","floor":3.0},{"not_picked":["Dagger Spray","Endless Agony"],"picked":"PiercingWail","floor":4.0},{"not_picked":["Heel Hook","Outmaneuver","Dodge and Roll"],"picked":"SKIP","floor":6.0},{"not_picked":["Caltrops","Dash"],"picked":"Crippling Poison","floor":7.0},{"not_picked":["Cloak And Dagger","Backflip"],"picked":"Envenom","floor":8.0},{"not_picked":["Concentrate","Predator"],"picked":"Poisoned Stab","floor":12.0},{"not_picked":["After Image","Backflip"],"picked":"PiercingWail","floor":13.0},{"not_picked":["Underhanded Strike","Outmaneuver","Terror"],"picked":"SKIP","floor":14.0},{"not_picked":["Die Die Die","Corpse Explosion"],"picked":"Wraith Form v2","floor":16.0},{"not_picked":["Underhanded Strike","Quick Slash","Finisher"],"picked":"SKIP","floor":18.0},{"not_picked":["Concentrate","Setup"],"picked":"Escape Plan","floor":19},{"not_picked":["Poisoned Stab","Prepared+1"],"picked":"Deflect+1","floor":20},{"not_picked":["Leg Sweep","Eviscerate"],"picked":"Deflect+1","floor":24},{"not_picked":["Dagger Throw","Dash","Dodge and Roll"],"picked":"SKIP","floor":25}],"player_experience":280048,"relics_obtained":[{"floor":6.0,"key":"Strawberry"},{"floor":8.0,"key":"Shuriken"},{"floor":9.0,"key":"PreservedInsect"},{"floor":13.0,"key":"Whetstone"},{"floor":25,"key":"Happy Flower"},{"floor":26,"key":"Question Card"}],"event_choices":[{"damage_healed":0.0,"max_hp_gain":0.0,"max_hp_loss":0.0,"gold_gain":0.0,"event_name":"Shining Light","player_choice":"Entered Light","floor":2.0,"gold_loss":0.0,"damage_taken":14.0,"cards_upgraded":["Finisher","Strike_G"]},{"damage_healed":23.0,"max_hp_gain":0.0,"max_hp_loss":0.0,"gold_gain":0.0,"event_name":"Big Fish","player_choice":"Banana","floor":5.0,"gold_loss":0.0,"damage_taken":0.0},{"damage_healed":0.0,"max_hp_gain":0.0,"max_hp_loss":0.0,"gold_gain":0.0,"event_name":"World of Goop","player_choice":"Left Gold","floor":10.0,"gold_loss":42.0,"damage_taken":0.0},{"damage_healed":0,"gold_gain":0,"player_choice":"Became a Ghost","damage_taken":0,"max_hp_gain":0,"max_hp_loss":39,"event_name":"Ghosts","floor":21,"gold_loss":0,"cards_obtained":["Ghostly","Ghostly","Ghostly","Ghostly","Ghostly"]}],"is_beta":false,"boss_relics":[{"not_picked":["Tiny House","WristBlade"],"picked":"Pandora\u0027s Box"}],"items_purged_floors":[11,22],"is_endless":false,"potions_floor_spawned":[1,3,4,18,19],"killed_by":"Book of Stabbing","ascension_level":6}}