{"host":"khm4we1ijduz33xh","time":1609500950,"event":{"mods":["AchievementEnabler","BaseMod","Colored Map","Minty Spire (QoL Compilation)","Rare Cards Sparkle","StSLib","SuperFastMode"],"gold_per_floor":[117,129,146,146,97,97,107,107,181,202,127,162,162,183,183,307,307,323,73,113,212,235,235,415,107,107,107,120,120,120],"floor_reached":29,"playtime":1132,"items_purged":["Strike_R","Strike_R"],"score":243,"play_id":"2f9b793d-cdbc-41ec-a7fd-7f01a9affe06","local_time":"20210101203550","is_ascension_mode":true,"campfire_choices":[{"data":"True Grit","floor":6.0,"key":"SMITH"},{"data":"Immolate","floor":15.0,"key":"SMITH"},{"data":"Seeing Red","floor":23,"key":"SMITH"},{"data":"Berserk","floor":27,"key":"SMITH"}],"circlet_count":0,"master_deck":["Strike_R+1","Strike_R","Strike_R","Defend_R","Defend_R","Defend_R","Defend_R+1","Bash","Immolate+1","True Grit+1","Shrug It Off","Feel No Pain","Injury","Berserk+1","Headbutt","Impervious","Seeing Red+1","Regret","Offering","Doubt"],"relics":["Burning Blood","Golden Idol","Regal Pillow","Cursed Key","Pen Nib","Red Mask","Juzu Bracelet","Lee\u0027s Waffle","Calipers"],"acts_visited":["Exordium","TheCity"],"potions_floor_usage":[29],"damage_taken":[{"damage":16.0,"enemies":"Jaw Worm","floor":1.0,"turns":4.0},{"damage":0.0,"enemies":"2 Louse","floor":2.0,"turns":1.0},{"damage":7.0,"enemies":"Small Slimes","floor":3.0,"turns":2.0},{"damage":6.0,"enemies":"2 Fungi Beasts","floor":7.0,"turns":2.0},{"damage":0.0,"enemies":"3 Louse","floor":10.0,"turns":2.0},{"damage":38.0,"enemies":"Gremlin Nob","floor":12.0,"turns":5.0},{"damage":6.0,"enemies":"Blue Slaver","floor":14.0,"turns":4.0},{"damage":39.0,"enemies":"Slime Boss","floor":16.0,"turns":8.0},{"damage":31.0,"enemies":"Shell Parasite","floor":18.0,"turns":5.0},{"damage":3,"enemies":"Masked Bandits","floor":20,"turns":2},{"damage":10,"enemies":"Spheric Guardian","floor":28,"turns":4},{"damage":86,"enemies":"Book of Stabbing","floor":29,"turns":8}],"seed_played":"-4798780532717811967","potions_obtained":[{"floor":7.0,"key":"LiquidMemories"},{"floor":10.0,"key":"BlessingOfTheForge"},{"floor":14.0,"key":"LiquidBronze"},{"floor":16.0,"key":"BlessingOfTheForge"},{"floor":20,"key":"BlessingOfTheForge"}],"is_trial":false,"path_per_floor":["M","M","M","?","?","R","M","?","T","M","$","E","?","M","R","B",null,"M","$","?","?","T","R","?","$","T","R","M","E"],"character_chosen":"IRONCLAD","items_purchased":["Pen Nib","Lee\u0027s Waffle","Offering"],"campfire_rested":0,"item_purchase_floors":[19,25,25],"current_hp_per_floor":[70,76,75,59,59,59,59,59,59,65,65,33,59,59,59,26,80,55,55,58,58,58,58,39,87,87,87,83,0,0],"gold":120,"neow_bonus":"ONE_RANDOM_RARE_CARD","is_daily":false,"chose_seed":false,"campfire_upgraded":4,"win_rate":0.0,"timestamp":1609500950,"path_taken":["M","M","M","?","?","R","M","?","T","M","$","E","?","M","R","BOSS","M","$","?","?","?","R","?","$","T","R","M","E"],"items_purchased_type":["Relic","Relic","Card"],"build_version":"2020-12-22","purchased_purges":2,"victory":false,"max_hp_per_floor":[80,80,80,80,80,80,80,80,80,80,80,80,80,80,80,80,80,80,80,80,80,80,80,80,87,87,87,87,87,87],"card_choices":[{"not_picked":["Wild Strike","Rage"],"picked":"True Grit","floor":1.0},{"not_picked":["Cleave","Disarm","Sword Boomerang"],"picked":"SKIP","floor":2.0},{"not_picked":["Dark Embrace","Clash"],"picked":"Shrug It Off","floor":3.0},{"not_picked":["Havoc","Iron Wave"],"picked":"Feel No Pain","floor":7.0},{"not_picked":["Battle Trance","Cleave"],"picked":"Berserk","floor":10.0},{"not_picked":["Twin Strike","Pommel Strike"],"picked":"Headbutt","floor":12.0},{"not_picked":["Iron Wave","Shockwave","Clash"],"picked":"SKIP","floor":14.0},{"not_picked":["Immolate","Exhume"],"picked":"Impervious","floor":16.0},{"not_picked":["Sever Soul","Power Through","Whirlwind+1"],"picked":"SKIP","floor":18.0},{"not_picked":["Headbutt","Pommel Strike"],"picked":"Seeing Red","floor":20},{"not_picked":["Shrug It Off","True Grit","Body Slam"],"picked":"SKIP","floor":28}],"player_experience":174668,"relics_obtained":[{"floor":12.0,"key":"Regal Pillow"},{"floor":20,"key":"Red Mask"},{"floor":22,"key":"Juzu Bracelet"},{"floor":26,"key":"Calipers"}],"event_choices":[{"damage_healed":0.0,"max_hp_gain":0.0,"max_hp_loss":0.0,"gold_gain":0.0,"event_name":"Shining Light","player_choice":"Entered Light","floor":4.0,"gold_loss":0.0,"damage_taken":16.0,"cards_upgraded":["Strike_R","Defend_R"]},{"damage_healed":0.0,"max_hp_gain":0.0,"max_hp_loss":0.0,"gold_gain":0.0,"event_name":"World of Goop","player_choice":"Left Gold","floor":5.0,"gold_loss":49.0,"damage_taken":0.0},{"damage_healed":0.0,"max_hp_gain":0.0,"max_hp_loss":0.0,"gold_gain":0.0,"event_name":"Golden Idol","player_choice":"Take Wound","floor":8.0,"gold_loss":0.0,"damage_taken":0.0,"relics_obtained":["Golden Idol"],"cards_obtained":["Injury"]},{"damage_healed":26.0,"max_hp_gain":0.0,"max_hp_loss":0.0,"gold_gain":0.0,"event_name":"Big Fish","player_choice":"Banana","floor":13.0,"gold_loss":0.0,"damage_taken":0.0},{"damage_healed":0,"gold_gain":0,"player_choice":"Fought Bandits","damage_taken":0,"max_hp_gain":0,"max_hp_loss":0,"event_name":"Masked Bandits","floor":20,"gold_loss":0},{"damage_healed":0,"gold_gain":99,"player_choice":"Stole From Cult","damage_taken":0,"max_hp_gain":0,"max_hp_loss":0,"event_name":"Nest","floor":21,"gold_loss":0},{"damage_healed":0,"gold_gain":180,"player_choice":"GOLD GOLD ","damage_taken":19,"max_hp_gain":0,"max_hp_loss":0,"event_name":"Knowing Skull","floor":24,"potions_obtained":[],"gold_loss":0,"cards_obtained":[]}],"is_beta":false,"boss_relics":[{"not_picked":["Astrolabe","Pandora\u0027s Box"],"picked":"Cursed Key"}],"items_purged_floors":[11,19],"is_endless":false,"potions_floor_spawned":[7,10,14,16,20],"killed_by":"Book of Stabbing","ascension_level":2}}