{"host":"s6mlqkqtr3ey2mm2","time":1609535753,"event":{"mods":["2.2 Compatiblity","AchievementEnabler","Aspiration","Bard","BaseMod","Beaked The Cultist","Better Note","Better Vampires","BetterRewards","Challenge The Spire","Colored Map","Colored Powertips","Conspire","Curses Come First","Downfall","Emptier Cage","Energized Spire","GifTheSpireLib","Halation","Hermit","Hubris","Infinite Spire","Ironclad Rager","Mad Scientist","Marked Mod","Minty Spire (QoL Compilation)","Quick Restart","RatMod","Replay The Spire","Retaliation","Robot Space Explorer","Shade Mod","Somnambulant","Spicy Shops","StSLib","Stuff the Spire","The Blue Laboratory","The Construct","The Druid","The IronCluck","The Marked","The Mystic","The Necromancer","The Poker Player","The Runesmith","The Valiant","The Wild Card","Waifu the Spire","vexMod"],"gold_per_floor":[118,118,32,32,32,62,62,74,74,74,85,100,110,110,110,209,159,159],"floor_reached":17,"playtime":986,"items_purged":[],"score":155,"play_id":"0f291509-ebe1-436e-ba10-c5473f9ae549","local_time":"20210101161553","is_ascension_mode":false,"campfire_choices":[{"data":"RobotSpaceExplorer:Electropulse","floor":7,"key":"SMITH"},{"data":"RobotSpaceExplorer:Exploration","floor":15,"key":"SMITH"}],"circlet_count":0,"master_deck":["RobotSpaceExplorer:Strike","RobotSpaceExplorer:Strike","RobotSpaceExplorer:Strike","RobotSpaceExplorer:Strike","RobotSpaceExplorer:Defend","RobotSpaceExplorer:Defend","RobotSpaceExplorer:Defend","RobotSpaceExplorer:Scan","RobotSpaceExplorer:MiniLasers","RobotSpaceExplorer:ShovelStrike","RobotSpaceExplorer:Electropulse+1","RobotSpaceExplorer:MetalStrike","RobotSpaceExplorer:TurboDodge","RobotSpaceExplorer:Pulsar","RobotSpaceExplorer:SurgingStrike","RobotSpaceExplorer:TrailblazerForm","RobotSpaceExplorer:Strike","RobotSpaceExplorer:GlueSpray"],"relics":["StuffTheSpire:OccultApparatus","halation:SelfBoilingWater","Potion Belt","energizedSpire:HugeHouse"],"acts_visited":["Exordium","TheCity"],"potions_floor_usage":[16,16],"damage_taken":[{"damage":6.0,"enemies":"Jaw Worm","floor":1.0,"turns":3.0},{"damage":47,"enemies":"Gremlin Nob","floor":6,"turns":6},{"damage":0,"enemies":"2 Louse","floor":8,"turns":2},{"damage":0,"enemies":"Small Slimes","floor":11,"turns":4},{"damage":0,"enemies":"3 Louse","floor":12,"turns":1},{"damage":3,"enemies":"Exordium Thugs","floor":13,"turns":3},{"damage":18,"enemies":"Slime Boss","floor":16,"turns":8}],"seed_played":"-1574981870555165787","potions_obtained":[{"floor":1.0,"key":"Strength Potion"},{"floor":11,"key":"BlessingOfTheForge"},{"floor":13,"key":"Energy Potion"}],"is_trial":false,"path_per_floor":["M","?","$","?","?","E","R","M","T","?","M","M","M","?","R","B",null],"character_chosen":"RobotSpaceExplorer","items_purchased":["RobotSpaceExplorer:IronShell"],"campfire_rested":0,"item_purchase_floors":[3],"current_hp_per_floor":[76,76,76,76,81,34,34,34,34,34,34,34,31,31,31,13,82,82],"gold":159,"neow_bonus":"TEN_PERCENT_HP_BONUS","is_daily":false,"chose_seed":false,"campfire_upgraded":2,"win_rate":0.0,"timestamp":1609535753,"path_taken":["M","?","$","?","?","E","R","M","T","?","?","?","?","?","R","BOSS"],"items_purchased_type":["Card"],"build_version":"2020-12-22","purchased_purges":0,"victory":false,"max_hp_per_floor":[82,82,82,82,87,87,87,87,87,87,87,87,87,87,87,87,82,82],"card_choices":[{"not_picked":["RobotSpaceExplorer:GlueShot","RobotSpaceExplorer:ScrapMissile"],"picked":"RobotSpaceExplorer:ShovelStrike","floor":1.0},{"not_picked":["RobotSpaceExplorer:ScrapToss","RobotSpaceExplorer:FranticSearch"],"picked":"RobotSpaceExplorer:Electropulse","floor":6},{"not_picked":["RobotSpaceExplorer:Ammunition","RobotSpaceExplorer:SelfCleaning"],"picked":"RobotSpaceExplorer:MetalStrike","floor":8},{"not_picked":["RobotSpaceExplorer:MiniDrones","RobotSpaceExplorer:ScrapShield"],"picked":"RobotSpaceExplorer:Exploration","floor":11},{"not_picked":["RobotSpaceExplorer:JunkDive","RobotSpaceExplorer:ScrapShield"],"picked":"RobotSpaceExplorer:Pulsar","floor":12},{"not_picked":["RobotSpaceExplorer:Probe","RobotSpaceExplorer:Electropulse"],"picked":"RobotSpaceExplorer:SurgingStrike","floor":13},{"not_picked":["RobotSpaceExplorer:BlastShield","RobotSpaceExplorer:Wormhole"],"picked":"RobotSpaceExplorer:TrailblazerForm","floor":16}],"player_experience":50534,"relics_obtained":[{"floor":9,"key":"halation:SelfBoilingWater"},{"floor":16,"key":"Potion Belt"}],"event_choices":[{"damage_healed":0.0,"max_hp_gain":0.0,"max_hp_loss":0.0,"gold_gain":0.0,"event_name":"Liars Game","player_choice":"Ignored","floor":2.0,"gold_loss":0.0,"damage_taken":0.0},{"damage_healed":0,"gold_gain":0,"player_choice":"Donut","damage_taken":0,"max_hp_gain":5,"max_hp_loss":0,"event_name":"Big Fish","floor":5,"gold_loss":0},{"damage_healed":0,"gold_gain":0,"cards_transformed":["RobotSpaceExplorer:Defend"],"player_choice":"Transformed","damage_taken":0,"max_hp_gain":0,"max_hp_loss":0,"event_name":"Transmorgrifier","floor":10,"gold_loss":0,"cards_obtained":["RobotSpaceExplorer:TurboDodge"]}],"is_beta":false,"boss_relics":[{"not_picked":["hubris:TerracottaHorce","beaked:SacredDeck"],"picked":"energizedSpire:HugeHouse"}],"items_purged_floors":[],"is_endless":false,"potions_floor_spawned":[1,11,13],"ascension_level":0}}