{"host":"uxx7prhn9zlu6i2v","time":1609465563,"event":{"mods":["2.2 Compatiblity","AchievementEnabler","Act Like it!","Bard","BaseMod","Better Altar","Better Match","Better Note","Better Sensory Stone","Better Skull","Better Third Choice","CapriCore","ChefMod","Colored Powertips","Conspire","Faster Ascension Climbing","Gensokyo","GifTheSpireLib","Hermit","Hubris","KomeijiMod","Lobotomy","LobotomyExtend","Marisa????????","Minty Spire (QoL Compilation)","Permanent Neow","Quick Restart","RNG Fix","Rare Cards Sparkle","Reimu??????","Relic Filter","Relic Sorter","Relic Stats","Replay The Spire","Reworked Bosses","Spicy Shops","StSLib","Stuff the Spire","The Blue Laboratory","The Bug Knight","The Immortal","Yakumo Yukari mod","??????REMEMod"],"gold_per_floor":[140,21,41,0,13,40,40,67,67,67,67,86,99,115,115,115,115],"floor_reached":16,"playtime":1161,"items_purged":["WorldDissolvedintheRealm_purple+1"],"score":137,"play_id":"b34cd11d-737c-44d1-be79-d930e79de374","local_time":"20201231194603","is_ascension_mode":false,"campfire_choices":[{"data":"ContainerChange_purple","floor":10,"key":"SMITH"},{"data":"StuffTheSpire:Harmony","floor":15,"key":"SMITH"}],"circlet_count":0,"master_deck":["WorldDissolvedintheRealm_purple+1","AT_purpleEX","AT_purpleEX","AT_purpleEX","AT_purpleEX","Defend_purpleEX","Defend_purpleEX","Defend_purpleEX","Defend_purpleEX","Observe_purple_1","Observe_purple_2","SpiderBud","Line_surface_state_purple","WingOfChimera_purple+1","UniverseFragment","AdvanceAttack_purple","ContainerChange_purple+1","StuffTheSpire:Harmony+1","Line_surface_state_purple","DimensionStaggered_purple","SharpContractionReality_purple","MeatLantern"],"relics":["Boundary_crack","Memoryfragments_purpleEX","REME_ComplimentaryCards","CogitoBucket","RabbitCall","LetterFromLob","Blue Doll","REME_HandOfSuture","Smiling Mask","hubris:CrystalStatue","SkinProphecy"],"acts_visited":["Gensokyo:Gensokyo"],"potions_floor_usage":[],"damage_taken":[{"damage":5,"enemies":"Gensokyo:Gryphon","floor":1,"turns":3},{"damage":6,"enemies":"Gensokyo:3_Fairies","floor":3,"turns":6},{"damage":0,"enemies":"Gensokyo:2_Kodama","floor":5,"turns":4},{"damage":23,"enemies":"Gensokyo:Cirno","floor":6,"turns":6},{"damage":13,"enemies":"Gensokyo:Mamizou","floor":8,"turns":11},{"damage":22,"enemies":"Gensokyo:2_Rabbits","floor":12,"turns":3},{"damage":0,"enemies":"Gensokyo:Kitsune","floor":13,"turns":4},{"damage":0,"enemies":"Gensokyo:3_Kodama","floor":14,"turns":3},{"damage":50,"enemies":"Gensokyo:Reimu","floor":16,"turns":1}],"seed_played":"-9002443839410763397","potions_obtained":[{"floor":3,"key":"Languid Potion"},{"floor":13,"key":"Strength Potion"},{"floor":14,"key":"blueLaboratory:FrostheartPotion"}],"is_trial":false,"path_per_floor":["M","COS","M","$","M","E","?","E","T","R","M","M","M","M","R","B"],"character_chosen":"Youkari","items_purchased":[],"campfire_rested":0,"item_purchase_floors":[],"current_hp_per_floor":[66,66,60,60,61,40,40,34,34,34,51,33,35,34,34,0,0],"gold":115,"neow_bonus":"","is_daily":false,"chose_seed":false,"campfire_upgraded":2,"win_rate":0.0,"timestamp":1609465563,"path_taken":["M","COS","M","$","M","E","?","E","T","R","?","?","M","?","R","BOSS"],"items_purchased_type":[],"build_version":"2020-12-22","purchased_purges":1,"victory":false,"max_hp_per_floor":[70,70,70,70,70,70,70,70,70,70,70,70,72,74,74,76,76],"relic_stats":{"counters":[10,42],"Smiling Mask":0,"obtain_stats":[{"RabbitCall":0,"CogitoBucket":0,"hubris:CrystalStatue":9,"Blue Doll":6,"REME_HandOfSuture":6,"LetterFromLob":1,"Boundary_crack":0,"SkinProphecy":12,"ReplayTheSpireMod:Lightbulb":5,"Smiling Mask":8,"Memoryfragments_purpleEX":0,"REME_ComplimentaryCards":0},{"RabbitCall":0,"CogitoBucket":0,"hubris:CrystalStatue":5,"Blue Doll":4,"REME_HandOfSuture":4,"LetterFromLob":1,"Boundary_crack":0,"SkinProphecy":7,"ReplayTheSpireMod:Lightbulb":3,"Smiling Mask":5,"Memoryfragments_purpleEX":0,"REME_ComplimentaryCards":0},{"RabbitCall":0,"CogitoBucket":0,"hubris:CrystalStatue":30,"Blue Doll":16,"REME_HandOfSuture":19,"LetterFromLob":3,"Boundary_crack":0,"SkinProphecy":34,"ReplayTheSpireMod:Lightbulb":10,"Smiling Mask":30,"Memoryfragments_purpleEX":0,"REME_ComplimentaryCards":0}]},"card_choices":[{"not_picked":["Murderer","Wellcheers"],"picked":"SpiderBud","floor":1},{"not_picked":["MeetDecomposer_purple","ExistenceContinue_purple"],"picked":"Line_surface_state_purple","floor":1},{"not_picked":["SfantasyHide_purple+1","WatchEChange_purple+1"],"picked":"WingOfChimera_purple+1","floor":3},{"not_picked":["OSAHOGD","BeautyBeast"],"picked":"UniverseFragment","floor":3},{"not_picked":["StateDuplicate_purple","MagicEyes_LaplaceDemon_purple"],"picked":"AdvanceAttack_purple","floor":3},{"not_picked":["Wellcheers","OSAHOGD","CherryBlossoms"],"picked":"Singing Bowl","floor":5},{"not_picked":["SharpContractionReality_purple","WorldDissolvedintheRealm_purple"],"picked":"ContainerChange_purple","floor":5},{"not_picked":["Murderer","MeatLantern","CrumblingArmor"],"picked":"Singing Bowl","floor":6},{"not_picked":["OmniscientAndOmnipotent_Monster_purple","WasteWire_Metro_purple","PurpleNeedle_purple"],"picked":"SKIP","floor":6},{"not_picked":["StuffTheSpire:Vigor","StuffTheSpire:Ambrosia"],"picked":"StuffTheSpire:Harmony","floor":7},{"not_picked":["OldLady","Wellcheers","NakedNest"],"picked":"Singing Bowl","floor":8},{"not_picked":["Boundary_ObjectiveBoundary_purple","StateDuplicate_purple"],"picked":"Line_surface_state_purple","floor":8},{"not_picked":["ShyLook","Laetitia","Funeral"],"picked":"Singing Bowl","floor":12},{"not_picked":["Umbrella_purple","MonsterNeedle_purple"],"picked":"DimensionStaggered_purple","floor":12},{"not_picked":["DespairKnight","SingingMachine","VoidDream"],"picked":"Singing Bowl","floor":13},{"not_picked":["ExistenceContinue_purple","Worldmountain_purple"],"picked":"SharpContractionReality_purple","floor":13},{"not_picked":["CrumblingArmor","OldLady","NakedNest"],"picked":"Singing Bowl","floor":14},{"not_picked":["MHz","Woodsman"],"picked":"MeatLantern","floor":14},{"not_picked":["Mirror_WaveAndshot_purple","Line_surface_state_purple","DarkRealmRedLine_purple"],"picked":"SKIP","floor":14}],"player_experience":1422947,"relics_obtained":[{"floor":1,"key":"LetterFromLob"},{"floor":6,"key":"REME_HandOfSuture"},{"floor":8,"key":"Smiling Mask"},{"floor":9,"key":"hubris:CrystalStatue"}],"event_choices":[],"is_beta":false,"boss_relics":[],"items_purged_floors":[4],"is_endless":false,"potions_floor_spawned":[3,13,14],"killed_by":"Gensokyo:Reimu","ascension_level":0}}