{"host":"5dk97cf2ubw2v967","time":1609498875,"event":{"mods":["AlwaysNeverKeys","BaseMod","Better Altar","Better Vampires","Block Reminder","Colored Powertips","Downfall","Googly Eyes","Highlight Path","Minty Spire (QoL Compilation)","Permanent Neow","Potion Indicator Mod","Quick Restart","Relic Filter","Relic Stats","Say the Spire","Spicy Shops","StSLib","Waifu the Spire","everything is the same but u backflip on backflip"],"gold_per_floor":[112,37,54,54,70,70,101,101,101,119,119,138,166,180,180,257,257,277,287,287,287,301,301,92,118,118,118,7,21,35,67,67,141,141,155,167,137,153,153,153],"floor_reached":39,"playtime":2252,"items_purged":["Strike_R","Writhe"],"score":866,"play_id":"0542de5d-bbb3-46a4-b65a-bbc88be4a2cf","local_time":"20210101110115","is_ascension_mode":true,"campfire_choices":[{"data":"expansioncontent:DashGenerateEvil","floor":6,"key":"SMITH"},{"data":"Demon Form","floor":8,"key":"SMITH"},{"data":"Havoc","floor":15,"key":"SMITH"},{"data":"Seeing Red","floor":23,"key":"SMITH"},{"data":"Disarm","floor":27,"key":"SMITH"},{"floor":32,"key":"REST"}],"circlet_count":0,"master_deck":["AscendersBane","Strike_R+1","Strike_R+1","Strike_R+1","Defend_R+1","Defend_R+1","Defend_R+1","Defend_R+1","Bash","expansioncontent:DashGenerateEvil+1","Havoc+1","Iron Wave","Demon Form+1","Seeing Red+1","Twin Strike","Flame Barrier","Disarm+1","Juggernaut","Bludgeon","Shrug It Off","Flame Barrier","Heavy Blade","Decay","expansioncontent:CaCaw","Bludgeon","Demon Form","Shockwave","Heavy Blade+1"],"relics":["Burning Blood","Nunchaku","Ornamental Fan","Sundial","Cursed Key","The Courier","OrangePellets","Pantograph","Mummified Hand","Bottled Flame","SlaversCollar"],"acts_visited":["Exordium","TheCity","TheBeyond"],"potions_floor_usage":[7,13,18,25,29,33,36,36,39],"damage_taken":[{"damage":1,"enemies":"Cultist","floor":1,"turns":3},{"damage":0,"enemies":"Small Slimes","floor":3,"turns":4},{"damage":0,"enemies":"2 Louse","floor":5,"turns":4},{"damage":13,"enemies":"Gremlin Nob","floor":7,"turns":3},{"damage":0,"enemies":"Lots of Slimes","floor":10,"turns":6},{"damage":0,"enemies":"Exordium Thugs","floor":12,"turns":1},{"damage":6,"enemies":"3 Sentries","floor":13,"turns":6},{"damage":0,"enemies":"3 Louse","floor":14,"turns":4},{"damage":15,"enemies":"The Guardian","floor":16,"turns":12},{"damage":1,"enemies":"3 Byrds","floor":18,"turns":4},{"damage":10,"enemies":"2 Thieves","floor":19,"turns":4},{"damage":7,"enemies":"Centurion and Healer","floor":22,"turns":6},{"damage":9,"enemies":"Book of Stabbing","floor":25,"turns":4},{"damage":18,"enemies":"Snake Plant","floor":29,"turns":3},{"damage":20,"enemies":"Sentry and Sphere","floor":30,"turns":6},{"damage":13,"enemies":"Slavers","floor":31,"turns":6},{"damage":30,"enemies":"Champ","floor":33,"turns":8},{"damage":32,"enemies":"3 Shapes","floor":35,"turns":6},{"damage":5,"enemies":"Orb Walker","floor":36,"turns":3},{"damage":24,"enemies":"Jaw Worm Horde","floor":38,"turns":4},{"damage":21,"enemies":"Transient","floor":39,"turns":2}],"seed_played":"-6445286940662602633","potions_obtained":[{"floor":5,"key":"BlessingOfTheForge"},{"floor":10,"key":"ElixirPotion"},{"floor":11,"key":"Block Potion"},{"floor":11,"key":"SteroidPotion"},{"floor":14,"key":"DistilledChaos"},{"floor":19,"key":"Swift Potion"},{"floor":30,"key":"CultistPotion"},{"floor":33,"key":"Swift Potion"},{"floor":35,"key":"Fire Potion"},{"floor":36,"key":"Energy Potion"},{"floor":37,"key":"Guardian:BlockOnCardUsePotion"}],"is_trial":false,"path_per_floor":["M","$","M","?","M","R","E","R","T","M","?","M","E","M","R","B",null,"M","M","?","?","M","R","$","E","T","R","$","M","M","E","R","B",null,"M","M","?","M","M"],"character_chosen":"IRONCLAD","items_purchased":["OrangePellets","expansioncontent:CaCaw"],"campfire_rested":1,"item_purchase_floors":[24,28],"current_hp_per_floor":[68,68,68,61,67,67,60,60,60,66,66,68,68,68,68,59,66,68,64,64,64,63,63,63,60,60,60,60,48,34,27,47,44,62,36,37,37,19,0,0],"gold":153,"neow_bonus":"RANDOM_COLORLESS_2","is_daily":false,"chose_seed":false,"campfire_upgraded":5,"win_rate":0.0,"timestamp":1609498875,"path_taken":["M","$","?","?","M","R","E","R","T","M","?","M","E","M","R","BOSS","M","?","?","?","M","R","?","E","T","R","$","M","?","E","R","BOSS","M","M","?","M","M"],"items_purchased_type":["Relic","Card"],"build_version":"2020-12-22","purchased_purges":2,"victory":false,"max_hp_per_floor":[68,68,68,68,68,68,68,68,68,68,68,68,68,68,68,68,68,68,68,68,68,68,68,68,68,68,68,68,68,68,68,68,68,68,68,68,68,68,68,68],"relic_stats":{"OrangePellets":[2],"Nunchaku":[13],"counters":[21,99],"Ornamental Fan":[52],"Sundial":[10],"Mummified Hand":[28],"Pantograph":21,"Cursed Key":1,"obtain_stats":[{"OrangePellets":24,"SlaversCollar":34,"Nunchaku":7,"Bottled Flame":31,"Ornamental Fan":9,"Sundial":13,"Mummified Hand":26,"Pantograph":25,"The Courier":20,"Cursed Key":17,"Burning Blood":0},{"OrangePellets":12,"SlaversCollar":17,"Nunchaku":4,"Bottled Flame":16,"Ornamental Fan":4,"Sundial":7,"Mummified Hand":13,"Pantograph":13,"The Courier":11,"Cursed Key":9,"Burning Blood":0},{"OrangePellets":57,"SlaversCollar":84,"Nunchaku":14,"Bottled Flame":76,"Ornamental Fan":14,"Sundial":27,"Mummified Hand":61,"Pantograph":61,"The Courier":51,"Cursed Key":43,"Burning Blood":0}],"Burning Blood":96},"card_choices":[{"not_picked":["Secret Weapon","Thinking Ahead"],"picked":"expansioncontent:DashGenerateEvil","floor":0},{"not_picked":["True Grit","Thunderclap"],"picked":"Havoc","floor":1},{"not_picked":["Twin Strike","Anger"],"picked":"Iron Wave","floor":3},{"not_picked":["Rage","Clash"],"picked":"Demon Form","floor":5},{"not_picked":["Spot Weakness","Wild Strike"],"picked":"Seeing Red","floor":7},{"not_picked":["Spot Weakness","Sword Boomerang"],"picked":"Twin Strike","floor":10},{"not_picked":["Heavy Blade","Rupture"],"picked":"Flame Barrier","floor":12},{"not_picked":["Power Through","Armaments"],"picked":"Disarm","floor":13},{"not_picked":["Sword Boomerang","Burning Pact"],"picked":"Juggernaut","floor":14},{"not_picked":["Corruption","Offering"],"picked":"Bludgeon","floor":16},{"not_picked":["Anger","Pommel Strike","True Grit"],"picked":"SKIP","floor":18},{"not_picked":["Twin Strike","True Grit"],"picked":"Shrug It Off","floor":19},{"not_picked":["Infernal Blade","Body Slam"],"picked":"Flame Barrier","floor":22},{"not_picked":["Dual Wield","Iron Wave"],"picked":"Heavy Blade","floor":25},{"not_picked":["Perfected Strike","Second Wind","Headbutt"],"picked":"SKIP","floor":29},{"not_picked":["Cleave+1","Warcry"],"picked":"Bludgeon","floor":30},{"not_picked":["Twin Strike","Iron Wave","Clash"],"picked":"SKIP","floor":31},{"not_picked":["Exhume","Bludgeon"],"picked":"Demon Form","floor":33},{"not_picked":["Rupture","Power Through+1"],"picked":"Shockwave","floor":35},{"not_picked":["Sentinel","Body Slam","Pommel Strike+1"],"picked":"SKIP","floor":36},{"not_picked":["Body Slam+1","Wild Strike"],"picked":"Heavy Blade+1","floor":38}],"player_experience":1271176,"relics_obtained":[{"floor":7,"key":"Nunchaku"},{"floor":9,"key":"Ornamental Fan"},{"floor":13,"key":"Sundial"},{"floor":25,"key":"Pantograph"},{"floor":26,"key":"Mummified Hand"},{"floor":31,"key":"Bottled Flame"}],"event_choices":[{"cards_removed":["Strike_R"],"damage_healed":0,"gold_gain":0,"player_choice":"Card Removal","damage_taken":7,"max_hp_gain":0,"max_hp_loss":0,"event_name":"Golden Wing","floor":4,"gold_loss":0},{"damage_healed":0,"gold_gain":0,"player_choice":"Got Potions","damage_taken":0,"max_hp_gain":0,"max_hp_loss":0,"event_name":"Lab","floor":11,"gold_loss":0},{"damage_healed":0,"gold_gain":0,"player_choice":"Opened","damage_taken":0,"relics_obtained":["The Courier"],"max_hp_gain":0,"max_hp_loss":0,"event_name":"The Mausoleum","floor":20,"gold_loss":0,"cards_obtained":["Writhe"]},{"damage_healed":0,"gold_gain":0,"player_choice":"Simplicity","damage_taken":0,"max_hp_gain":0,"max_hp_loss":0,"event_name":"Back to Basics","floor":21,"gold_loss":0,"cards_upgraded":["Strike_R","Strike_R","Strike_R","Defend_R","Defend_R","Defend_R","Defend_R"]},{"damage_healed":0,"gold_gain":0,"player_choice":"Bought 2 Potions","damage_taken":0,"max_hp_gain":0,"max_hp_loss":0,"event_name":"The Woman in Blue","floor":37,"gold_loss":0}],"is_beta":false,"boss_relics":[{"not_picked":["Black Blood","Snecko Eye"],"picked":"Cursed Key"},{"not_picked":["Runic Cube","Calling Bell"],"picked":"SlaversCollar"}],"items_purged_floors":[2,24],"is_endless":false,"potions_floor_spawned":[5,10,14,16,19,30,33,35,36],"killed_by":"Transient","ascension_level":20}}