{"host":"lts6tz2h67nqtpoe","time":1609533102,"event":{"mods":["AchievementEnabler","BaseMod","Colored Powertips","Downfall","Googly Eyes","Minty Spire (QoL Compilation)","Permanent Neow","Quick Restart","Replay The Spire","StSLib"],"gold_per_floor":[113,113,38,38,52,87,87,122,190,200,200,212,212,224,224,298,298,313,28,43,43,57,57,70,70,97,123,138,138,138,173,173,173,173],"floor_reached":33,"playtime":1530,"items_purged":["Regret"],"score":690,"play_id":"5d963193-bdaf-434d-a0ea-b7ec2439ee0e","local_time":"20210101123142","is_ascension_mode":true,"campfire_choices":[{"floor":7.0,"key":"REST"},{"floor":11.0,"key":"REST"},{"floor":13.0,"key":"REST"},{"floor":15.0,"key":"REST"},{"floor":23.0,"key":"REST"},{"floor":25.0,"key":"REST"},{"floor":30.0,"key":"REST"},{"floor":32.0,"key":"REST"}],"circlet_count":0,"master_deck":["AscendersBane","Strike_G","Strike_G","Strike_G","Strike_G+1","Strike_G","Defend_G","Defend_G+1","Defend_G+1","Defend_G","Defend_G+1","Survivor","Neutralize","Quick Slash","Poisoned Stab","Riddle With Holes","Bane","Slice","Die Die Die","ReplayTheSpireMod:IOU","ReplayTheSpireMod:IOU","Overencumbered","Poisoned Stab+1","Slice+1","Slice+1","Doppelganger","Bane+1","Writhe","Replay:Bag of Tricks"],"relics":["Ring of Chaos","Boot","Simple Rune","War Paint","Ginger","HornCleat","Replay:Ancient Bell","Replay:Baseball","Molten Egg 2","Torii","Garlic","MutagenicStrength","Centennial Puzzle","Bag of Preparation","Question Card","Anchor"],"acts_visited":["Exordium","TheCity"],"potions_floor_usage":[33,33],"damage_taken":[{"damage":8.0,"enemies":"Small Slimes","floor":1.0,"turns":4.0},{"damage":4.0,"enemies":"Cultist","floor":5.0,"turns":5.0},{"damage":31.0,"enemies":"3 Sentries","floor":6.0,"turns":14.0},{"damage":17.0,"enemies":"Replay:BlueRogue","floor":8.0,"turns":7.0},{"damage":4.0,"enemies":"Jaw Worm","floor":10.0,"turns":3.0},{"damage":0.0,"enemies":"2 Fungi Beasts","floor":12.0,"turns":3.0},{"damage":3.0,"enemies":"Looter","floor":14.0,"turns":2.0},{"damage":66.0,"enemies":"Fading Forest","floor":16.0,"turns":13.0},{"damage":23.0,"enemies":"Spheric Guardian","floor":18.0,"turns":6.0},{"damage":1.0,"enemies":"Shell Parasite","floor":20.0,"turns":4.0},{"damage":2.0,"enemies":"Snecko","floor":22.0,"turns":5.0},{"damage":21.0,"enemies":"Centurion and Healer","floor":24.0,"turns":6.0},{"damage":2.0,"enemies":"Replay:Snechameleon","floor":27.0,"turns":5.0},{"damage":2.0,"enemies":"Snake Plant","floor":28.0,"turns":3.0},{"damage":23.0,"enemies":"Slavers","floor":31.0,"turns":5.0},{"damage":85,"enemies":"Champ","floor":33,"turns":7}],"seed_played":"-6558818395662984484","potions_obtained":[{"floor":5.0,"key":"DistilledChaos"},{"floor":6.0,"key":"AttackPotion"},{"floor":12.0,"key":"Poison Potion"},{"floor":18.0,"key":"LifebloodPotion"},{"floor":22.0,"key":"Cursed Concoction"},{"floor":28.0,"key":"Languid Potion"}],"is_trial":false,"path_per_floor":["M","?","$","?","M","E","R","E","T","M","R","M","R","M","R","B",null,"M","$","M","?","M","R","M","R","T","E","M","?","R","E","R","B"],"character_chosen":"THE_SILENT","items_purchased":["Garlic"],"campfire_rested":8,"item_purchase_floors":[19],"current_hp_per_floor":[51,51,51,51,47,16,35,18,18,14,33,33,52,49,66,8,52,29,29,28,28,26,45,24,43,43,41,39,39,58,35,54,0,0],"gold":173,"neow_bonus":"BOSS_RELIC","is_daily":false,"chose_seed":false,"campfire_upgraded":0,"win_rate":0.0,"timestamp":1609533102,"path_taken":["M","?","$","?","M","E","R","E","T","?","R","M","R","M","R","BOSS","M","$","M","?","M","R","M","R","T","E","M","?","R","E","R","BOSS"],"items_purchased_type":["Relic"],"build_version":"2020-12-22","purchased_purges":1,"victory":false,"max_hp_per_floor":[66,66,66,66,66,66,66,66,66,66,66,66,66,66,66,66,66,66,66,66,66,66,66,66,66,66,66,66,66,66,66,66,66,66],"card_choices":[{"not_picked":["Deflect","Deadly Poison"],"picked":"Sucker Punch","floor":1.0},{"not_picked":["Hidden Blade","Noxious Fumes"],"picked":"Quick Slash","floor":5.0},{"not_picked":["Hidden Blade","Toxin Wave"],"picked":"Poisoned Stab","floor":6.0},{"not_picked":["Dash","Slice"],"picked":"Riddle With Holes","floor":8.0},{"not_picked":["Predator","Flying Knee","Outmaneuver"],"picked":"SKIP","floor":10.0},{"not_picked":["Dodge and Roll","Skewer"],"picked":"Bane","floor":12.0},{"not_picked":["Bane","Dagger Spray"],"picked":"Slice","floor":14.0},{"not_picked":["Storm of Steel","Tools of the Trade"],"picked":"Die Die Die","floor":16.0},{"not_picked":["ReplayTheSpireMod:Doomed","Pain"],"picked":"ReplayTheSpireMod:IOU","floor":17.0},{"not_picked":["sneckomod:Bewildered","Normality"],"picked":"ReplayTheSpireMod:IOU","floor":17.0},{"not_picked":["Looming Evil","Replay:Hysterical Blindness"],"picked":"Overencumbered","floor":17.0},{"not_picked":["Cloak And Dagger","Outmaneuver","Dagger Spray+1"],"picked":"SKIP","floor":18.0},{"not_picked":["Crippling Poison","Acrobatics"],"picked":"Poisoned Stab+1","floor":20.0},{"not_picked":["Well Laid Plans","Prepared"],"picked":"Slice+1","floor":22.0},{"not_picked":["Backflip","Skewer+1"],"picked":"Slice+1","floor":24.0},{"not_picked":["Hidden Blade+1","Calculated Gamble"],"picked":"Doppelganger","floor":27.0},{"not_picked":["Skewer+1","ReplayTheSpireMod:The Works"],"picked":"Bane+1","floor":28.0},{"not_picked":["Tactician","Outmaneuver+1","Reflex"],"picked":"Replay:Bag of Tricks","floor":31.0}],"player_experience":303757,"relics_obtained":[{"floor":6.0,"key":"War Paint"},{"floor":8.0,"key":"Ginger"},{"floor":9.0,"key":"HornCleat"},{"floor":26.0,"key":"Centennial Puzzle"},{"floor":27.0,"key":"Bag of Preparation"},{"floor":31.0,"key":"Anchor"}],"event_choices":[{"damage_healed":0.0,"max_hp_gain":0.0,"max_hp_loss":0.0,"gold_gain":0.0,"event_name":"Big Fish","player_choice":"Box","floor":2.0,"gold_loss":0.0,"damage_taken":0.0,"relics_obtained":["Boot"],"cards_obtained":["Regret"]},{"cards_removed":["Sucker Punch"],"damage_healed":0.0,"max_hp_gain":0.0,"max_hp_loss":0.0,"gold_gain":0.0,"event_name":"WeMeetAgain","player_choice":"Gave Card","floor":4.0,"gold_loss":0.0,"damage_taken":0.0,"relics_obtained":["Simple Rune"]},{"damage_healed":0.0,"max_hp_gain":0.0,"max_hp_loss":0.0,"gold_gain":0.0,"event_name":"Drug Dealer","player_choice":"Inject Mutagens","floor":21.0,"gold_loss":0.0,"damage_taken":0.0,"relics_obtained":["MutagenicStrength"]},{"damage_healed":0.0,"max_hp_gain":0.0,"max_hp_loss":0.0,"gold_gain":0.0,"event_name":"The Mausoleum","player_choice":"Opened","floor":29.0,"gold_loss":0.0,"damage_taken":0.0,"relics_obtained":["Question Card"],"cards_obtained":["Writhe"]}],"is_beta":false,"boss_relics":[{"not_picked":["SacredBark","Coffee Dripper"],"picked":"Replay:Ancient Bell"},{"not_picked":["Grinning Jar","Vajra"],"picked":"Replay:Baseball"},{"not_picked":["Replay:Bottled Flurry","Darkstone Periapt"],"picked":"Molten Egg 2"},{"not_picked":["Mango","Basket Of Snakes"],"picked":"Torii"}],"items_purged_floors":[3],"is_endless":false,"potions_floor_spawned":[5,6,12,18,22,28],"killed_by":"Champ","ascension_level":20}}