{"host":"e5u7qs1emxzejr12","time":1609465735,"event":{"mods":["2.2 Compatiblity","Act Like it!","Arknights The Spire","BaseMod","Card Forge","Custom Start","Hermit","Highlight Path","Luminous","Minty Spire (QoL Compilation)","Quick Restart","Reimu£®≤©¿ˆ¡È√Œ£©","Replay The Spire","Shop Mod","StSLib","SuperFastMode","UnlockEverythingMod"],"gold_per_floor":[156,156,186,210,110,209,209,302,357,471,546,660,747,698,698,914,914,965,965,451,451,451,550,550,180,206,308,127,223,271,370,370,607,607,652,670,718,718,718,793,541,622,622,454,538,625,730,817,817,817,817,817,817,537,537,537],"floor_reached":55,"playtime":2766,"items_purged":[],"score":2214,"play_id":"cdb0adbf-f2f7-4752-8987-bc3cd99068c9","local_time":"20210101094855","daily_mods":["Heirloom","Flight","DeadlyEvents","Elite Swarm","Midas"],"is_ascension_mode":true,"campfire_choices":[{"floor":7.0,"key":"REST"},{"floor":15.0,"key":"DIG"},{"floor":24.0,"key":"REST"},{"floor":32.0,"key":"RECALL"},{"floor":49,"key":"REST"},{"floor":53,"key":"REST"}],"circlet_count":0,"master_deck":["AscendersBane","ats:Strike G","ats:Armor Crushing Shot+1","ats:Emotion Absorption+1","ats:Soul Absorption+1","Deep Breath+1","ats:Shadow Assault+1","ats:Soul Rend+1","ats:Healing Strengthening+1","ats:Red Shift+1","ats:Calcification+1","Deep Breath+1","Violence+1","Secret Weapon+1","ats:Demon Strength+1","Madness+1","Madness+1","ats:Healing Drone+1","ats:Durian+1","ats:Composite Medical Shells+1"],"relics":["ats:Sanity","Hammer of Thor","Seething Fire","Anvil of the Gods","Thread and Needle","Calipers","ats:Originium","Whetstone","Mercury Hourglass","CeramicFish","Ornamental Fan","Replay:Arrowhead","Smiling Mask","ats:Rhine Circuitry","Mastiff:ReiMu","Ring of Chaos","Frozen Eye","StrikeDummy","ReplayFunnel","Membership Card","Boot","ats:Spiritual Recovery","ReplayTheSpireMod:TigerMarble","ReplayTheSpireMod:ShopPack","Bottled Lightning","Matryoshka","Omamori","ReplayTheSpireMod:DimensionalGlitch","Simple Rune","Anchor","Kunai","Art of War","White Beast Statue","Molten Egg 2","Lantern","HandDrill","Happy Flower","Frozen Egg 2","Golden Egg","Bag of Marbles","ats:Attack","Blue Doll","War Paint"],"acts_visited":["Exordium","TheCity","TheBeyond","TheEnding"],"potions_floor_usage":[],"damage_taken":[{"damage":6.0,"enemies":"Small Slimes","floor":1.0,"turns":3.0},{"damage":0.0,"enemies":"Cultist","floor":3.0,"turns":3.0},{"damage":8.0,"enemies":"Lagavulin","floor":6.0,"turns":6.0},{"damage":0.0,"enemies":"3 Sentries","floor":8.0,"turns":9.0},{"damage":0.0,"enemies":"Gremlin Nob","floor":10.0,"turns":3.0},{"damage":0.0,"enemies":"3 Sentries","floor":11.0,"turns":7.0},{"damage":2.0,"enemies":"Gremlin Nob","floor":12.0,"turns":3.0},{"damage":4.0,"enemies":"Lagavulin","floor":13.0,"turns":5.0},{"damage":25.0,"enemies":"Slime Boss","floor":16.0,"turns":11.0},{"damage":25.0,"enemies":"3 Byrds","floor":18.0,"turns":5.0},{"damage":44.0,"enemies":"Slavers","floor":23.0,"turns":6.0},{"damage":50.0,"enemies":"Gremlin Leader","floor":27.0,"turns":6.0},{"damage":2.0,"enemies":"Book of Stabbing","floor":29.0,"turns":4.0},{"damage":15.0,"enemies":"Shell Parasite","floor":30.0,"turns":3.0},{"damage":45.0,"enemies":"Slavers","floor":31.0,"turns":4.0},{"damage":17.0,"enemies":"Pondfish","floor":33.0,"turns":11.0},{"damage":1,"enemies":"Orb Walker","floor":35,"turns":3},{"damage":10,"enemies":"3 Darklings","floor":37,"turns":2},{"damage":0,"enemies":"Giant Head","floor":40,"turns":5},{"damage":45,"enemies":"Nemesis","floor":42,"turns":5},{"damage":0,"enemies":"Giant Head","floor":45,"turns":4},{"damage":29,"enemies":"R_Hoarder","floor":46,"turns":6},{"damage":29,"enemies":"Nemesis","floor":47,"turns":3},{"damage":0,"enemies":"Reptomancer","floor":48,"turns":4},{"damage":22,"enemies":"Time Eater","floor":50,"turns":2},{"damage":25,"enemies":"Replay:Hell Engine","floor":51,"turns":4},{"damage":111,"enemies":"Shield and Spear","floor":55,"turns":3}],"seed_played":"5952878468483830208","potions_obtained":[{"floor":2.0,"key":"GrandPatriotsElixir:ReiMu"},{"floor":2.0,"key":"Elixir"},{"floor":12.0,"key":"Elixir"},{"floor":13.0,"key":"Regen Potion"},{"floor":29.0,"key":"ats:Emergency Sanity Potion"},{"floor":45,"key":"Energy Potion"}],"is_trial":true,"path_per_floor":["M","?","M","?","$","E","R","E","T","E","E","E","E","$","R","B",null,"M","?","$","$","?","E","R","$","T","E","$","E","M","E","R","B",null,"M","?","M","$","?","E","$","E","T","$","E","E","E","E","R","B","B",null,"R","$","E"],"character_chosen":"DOCTOR_CLASS","items_purchased":["Deep Breath","ats:Childhood Dance","ats:Healing Strengthening","Frozen Eye","StrikeDummy","Membership Card","ats:Red Shift","Boot","ats:Spiritual Recovery","ReplayTheSpireMod:ShopPack","Bottled Lightning","ats:Healing Drone","Anchor","Kunai","Lantern","HandDrill","ats:Composite Medical Shells+1","ats:Attack","Blue Doll","War Paint"],"campfire_rested":4,"item_purchase_floors":[5,14,20,20,20,25,25,25,25,28,28,41,41,41,44,44,54,54,54,54],"current_hp_per_floor":[59,59,59,36,36,28,49,49,49,49,49,47,47,47,47,34,63,38,38,38,38,38,33,54,54,54,72,72,72,72,66,66,72,72,72,59,72,72,72,72,72,72,72,72,72,72,71,72,72,72,72,72,72,72,0,0],"gold":537,"neow_bonus":"","is_daily":false,"chose_seed":false,"campfire_upgraded":0,"win_rate":0.0,"timestamp":1609465735,"path_taken":["M","?","?","?","?","E","R","E","T","E","?","E","E","$","R","BOSS","M","?","$","$","?","E","R","$","T","E","?","E","M","E","R","BOSS","M","?","?","$","?","E","$","E","T","$","?","E","E","E","R","BOSS","BOSS","R","$","E"],"items_purchased_type":["Card","Card","Card","Relic","Relic","Relic","Card","Relic","Relic","Relic","Relic","Card","Relic","Relic","Relic","Relic","Card","Relic","Relic","Relic"],"build_version":"2020-12-22","purchased_purges":0,"victory":false,"max_hp_per_floor":[72,72,72,72,72,72,72,72,72,72,72,72,72,72,72,72,72,72,72,72,72,72,72,72,72,72,72,72,72,72,72,72,72,72,72,72,72,72,72,72,72,72,72,72,72,72,72,72,72,72,72,72,72,72,72,72],"card_choices":[{"not_picked":["ats:Curse Doll","ats:Explosion Area Strengthen"],"picked":"ats:Leaping Hammer","floor":1.0},{"not_picked":["ats:Neurotoxin","ats:Hammer On"],"picked":"ats:Soul Absorption","floor":3.0},{"not_picked":["ats:Disruption Kick","ats:Nebulous Foxfire","ats:Echo Reverb"],"picked":"SKIP","floor":6.0},{"not_picked":["ats:Disruption Kick","ats:Volcano","ats:True Silver Slash"],"picked":"SKIP","floor":8.0},{"not_picked":["ats:Volcano","ats:Soul Rend"],"picked":"ats:Shadow Assault","floor":10.0},{"not_picked":["ats:Roar Of Ursus","ats:Shadow Assault","ats:True Silver Slash"],"picked":"SKIP","floor":11.0},{"not_picked":["ats:Nebulous Foxfire","ats:Disruption Kick"],"picked":"ats:Soul Rend","floor":12.0},{"not_picked":["ats:Rat Pack","ats:Fractured Body","ats:True Silver Slash"],"picked":"SKIP","floor":13.0},{"not_picked":["ats:Rat Pack","ats:Fractured Body","ats:True Silver Slash"],"picked":"SKIP","floor":13.0},{"not_picked":["ats:Explosion Area Strengthen+1","ats:Childhood Dance","ats:Closed Bolt Burst Fire"],"picked":"SKIP","floor":18.0},{"not_picked":["ats:Dogmatic Field","ats:Volcano"],"picked":"ats:Nebulous Foxfire","floor":23.0},{"not_picked":["ats:Disruption Kick","ats:Rat Pack"],"picked":"ats:Calcification","floor":27.0},{"not_picked":["Enlightenment","PanicButton"],"picked":"Deep Breath","floor":28.0},{"not_picked":["Magnetism","Sadistic Nature"],"picked":"Violence","floor":28.0},{"not_picked":["Jack Of All Trades","Poisoned Strike"],"picked":"Secret Weapon","floor":28.0},{"not_picked":["ats:Durian","ats:Nebulous Foxfire","ats:Echo Reverb"],"picked":"SKIP","floor":29.0},{"not_picked":["ats:Powerful Strike","ats:Childhood Dance"],"picked":"ats:Demon Strength","floor":30.0},{"not_picked":["ats:Wolf Pack","ats:Disruption Kick","ats:True Silver Slash"],"picked":"SKIP","floor":31.0},{"not_picked":["ats:Explosion Area Strengthen","ats:Hammer On","ats:Powerful Strike"],"picked":"SKIP","floor":35},{"not_picked":["ats:Ignite","ats:Flexible Camouflage+1","ats:Powerful Strike"],"picked":"SKIP","floor":37},{"not_picked":["ats:Echo Reverb","ats:Durian","ats:Fractured Body"],"picked":"SKIP","floor":40},{"not_picked":["ats:Soul Rend","ats:Nebulous Foxfire","ats:Rat Pack"],"picked":"SKIP","floor":42},{"not_picked":["ats:Echo Reverb","ats:Wolf Pack+1","ats:Fractured Body"],"picked":"SKIP","floor":45},{"not_picked":["ats:Echo Reverb","ats:Wolf Pack+1","ats:Fractured Body"],"picked":"SKIP","floor":45},{"not_picked":["ats:True Silver Slash+1","ats:Calcification","ats:Shadow Assault+1"],"picked":"SKIP","floor":46},{"not_picked":["ats:Volcano+1","ats:Wolf Pack+1","ats:Nebulous Foxfire"],"picked":"SKIP","floor":47},{"not_picked":["ats:Ambush+1","ats:Soul Rend+1"],"picked":"ats:Durian","floor":48}],"player_experience":41017,"relics_obtained":[{"floor":4.0,"key":"Calipers"},{"floor":6.0,"key":"ats:Originium"},{"floor":6.0,"key":"Whetstone"},{"floor":8.0,"key":"ats:Originium"},{"floor":8.0,"key":"Mercury Hourglass"},{"floor":9.0,"key":"CeramicFish"},{"floor":10.0,"key":"ats:Originium"},{"floor":10.0,"key":"Ornamental Fan"},{"floor":11.0,"key":"Replay:Arrowhead"},{"floor":12.0,"key":"Smiling Mask"},{"floor":13.0,"key":"ats:Rhine Circuitry"},{"floor":15.0,"key":"Mastiff:ReiMu"},{"floor":23.0,"key":"ReplayFunnel"},{"floor":27.0,"key":"ReplayTheSpireMod:TigerMarble"},{"floor":29.0,"key":"Matryoshka"},{"floor":31.0,"key":"Omamori"},{"floor":40,"key":"Simple Rune"},{"floor":42,"key":"Art of War"},{"floor":43,"key":"White Beast Statue"},{"floor":43,"key":"Molten Egg 2"},{"floor":45,"key":"Happy Flower"},{"floor":46,"key":"Frozen Egg 2"},{"floor":47,"key":"Golden Egg"},{"floor":48,"key":"Bag of Marbles"}],"event_choices":[{"damage_healed":0.0,"max_hp_gain":0.0,"max_hp_loss":0.0,"gold_gain":0.0,"event_name":"Lab","player_choice":"Got Potions","floor":2.0,"gold_loss":0.0,"damage_taken":0.0},{"damage_healed":0.0,"max_hp_gain":0.0,"max_hp_loss":0.0,"gold_gain":0.0,"event_name":"Vampires","player_choice":"Ignored","floor":19.0,"gold_loss":0.0,"damage_taken":0.0},{"cards_removed":["ats:Strike S"],"damage_healed":0.0,"max_hp_gain":0.0,"max_hp_loss":0.0,"gold_gain":0.0,"event_name":"Back to Basics","player_choice":"Elegance","floor":22.0,"gold_loss":0.0,"damage_taken":0.0},{"damage_healed":0,"gold_gain":0,"player_choice":"Embrace Madness","damage_taken":13,"max_hp_gain":0,"max_hp_loss":0,"event_name":"Winding Halls","floor":36,"gold_loss":0,"cards_obtained":["Madness","Madness"]},{"damage_healed":0,"gold_gain":0,"player_choice":"Ignored","damage_taken":0,"max_hp_gain":0,"max_hp_loss":0,"event_name":"SecretPortal","floor":39,"gold_loss":0}],"is_beta":false,"boss_relics":[{"not_picked":["Runic Pyramid","Astrolabe"],"picked":"Ring of Chaos"},{"not_picked":["ChewingGum","ats:Sanity Plus"],"picked":"ReplayTheSpireMod:DimensionalGlitch"}],"items_purged_floors":[],"is_endless":false,"potions_floor_spawned":[8,11,12,13,16,18,29,30,31,37,45,46,47,48],"killed_by":"Shield and Spear","ascension_level":20}}