{"host":"480qzmvu0s2e3e6w","time":1609500443,"event":{"mods":["BaseMod","Colored Map","DeckTracker","Minty Spire (QoL Compilation)","StSLib","SuperFastMode"],"gold_per_floor":[112,124,134,59,70,98,98,112,412,97,108,126,136,146,146,251,251,191,206,9,24,24,24,24],"floor_reached":23,"playtime":1955,"items_purged":["Strike_B","Strike_B","Defend_B"],"score":276,"play_id":"e44b65c7-cfcd-452d-b95c-54866d5d8673","local_time":"20210101202723","is_ascension_mode":true,"campfire_choices":[{"data":"Dualcast","floor":7.0,"key":"SMITH"},{"data":"Creative AI","floor":15,"key":"SMITH"}],"circlet_count":0,"master_deck":["Defend_B","Defend_B","Defend_B","Zap","Dualcast+1","Core Surge","White Noise","Auto Shields","Conserve Battery","Genetic Algorithm","Stack","Doom and Gloom","Seek","Finesse","Creative AI+1","Rip and Tear","Redo","Core Surge","Coolheaded","Glacier","Defragment","Lockon","Reboot","Consume","Scrape","All For One"],"relics":["FrozenCore","FossilizedHelix","Old Coin","Membership Card"],"acts_visited":["Exordium","TheCity"],"potions_floor_usage":[23,23],"damage_taken":[{"damage":1.0,"enemies":"Cultist","floor":1.0,"turns":4.0},{"damage":0.0,"enemies":"2 Louse","floor":2.0,"turns":2.0},{"damage":0.0,"enemies":"Small Slimes","floor":3.0,"turns":3.0},{"damage":3.0,"enemies":"Gremlin Gang","floor":5.0,"turns":4.0},{"damage":32.0,"enemies":"Gremlin Nob","floor":6.0,"turns":4.0},{"damage":0.0,"enemies":"Exordium Wildlife","floor":8.0,"turns":4.0},{"damage":0.0,"enemies":"Lots of Slimes","floor":11.0,"turns":1.0},{"damage":0.0,"enemies":"3 Louse","floor":12.0,"turns":3.0},{"damage":0,"enemies":"Red Slaver","floor":13,"turns":3},{"damage":6,"enemies":"2 Fungi Beasts","floor":14,"turns":3},{"damage":12,"enemies":"Slime Boss","floor":16,"turns":8},{"damage":0,"enemies":"2 Thieves","floor":18,"turns":4},{"damage":0,"enemies":"Shell Parasite","floor":19,"turns":8},{"damage":0,"enemies":"Snecko","floor":21,"turns":8},{"damage":63,"enemies":"Gremlin Leader","floor":23,"turns":5}],"seed_played":"-2123582208836747998","potions_obtained":[{"floor":1.0,"key":"SteroidPotion"},{"floor":3.0,"key":"FocusPotion"},{"floor":5.0,"key":"SteroidPotion"},{"floor":8.0,"key":"Strength Potion"},{"floor":14,"key":"Swift Potion"},{"floor":19,"key":"FocusPotion"}],"is_trial":false,"path_per_floor":["M","M","M","$","M","E","R","M","T","$","M","M","M","M","R","B",null,"M","M","$","M","?","E"],"character_chosen":"DEFECT","items_purchased":["Membership Card","Seek","Finesse","Defragment","Lockon","Reboot"],"campfire_rested":0,"item_purchase_floors":[10,10,10,20,20,20],"current_hp_per_floor":[67,67,67,67,64,32,32,32,32,32,32,32,32,26,26,14,60,60,60,60,60,60,0,0],"gold":24,"neow_bonus":"ONE_RANDOM_RARE_CARD","is_daily":false,"chose_seed":false,"campfire_upgraded":2,"win_rate":0.0,"timestamp":1609500443,"path_taken":["M","M","M","?","M","E","R","M","T","$","M","M","M","?","R","BOSS","M","M","$","M","?","E"],"items_purchased_type":["Relic","Card","Card","Card","Card","Card"],"build_version":"2020-12-22","purchased_purges":3,"victory":false,"max_hp_per_floor":[75,75,75,75,75,75,75,75,75,75,75,75,75,75,75,75,75,75,75,75,75,75,75,75],"card_choices":[{"not_picked":["Undo","Compile Driver"],"picked":"White Noise","floor":1.0},{"not_picked":["Tempest","Turbo"],"picked":"Auto Shields","floor":2.0},{"not_picked":["Hologram","White Noise"],"picked":"Conserve Battery","floor":3.0},{"not_picked":["Cold Snap","Beam Cell"],"picked":"Genetic Algorithm","floor":5.0},{"not_picked":["Blizzard","Redo"],"picked":"Stack","floor":6.0},{"not_picked":["Sweeping Beam","Tempest"],"picked":"Doom and Gloom","floor":8.0},{"not_picked":["Gash","Hologram"],"picked":"Creative AI","floor":11.0},{"not_picked":["Storm","Barrage","Rebound"],"picked":"SKIP","floor":12.0},{"not_picked":["Hello World","Stack"],"picked":"Rip and Tear","floor":13},{"not_picked":["Rip and Tear","Stack"],"picked":"Redo","floor":14},{"not_picked":["Creative AI","Machine Learning"],"picked":"Core Surge","floor":16},{"not_picked":["Steam","FTL+1"],"picked":"Coolheaded","floor":18},{"not_picked":["Hologram","Loop"],"picked":"Glacier","floor":19},{"not_picked":["Auto Shields","Gash"],"picked":"Consume","floor":21}],"player_experience":647531,"relics_obtained":[{"floor":6.0,"key":"FossilizedHelix"},{"floor":9.0,"key":"Old Coin"}],"event_choices":[{"damage_healed":0,"gold_gain":0,"cards_transformed":["Strike_B","Strike_B"],"player_choice":"Became Test Subject","damage_taken":0,"max_hp_gain":0,"max_hp_loss":0,"event_name":"Drug Dealer","floor":22,"gold_loss":0,"cards_obtained":["Scrape","All For One"]}],"is_beta":false,"boss_relics":[{"not_picked":["Coffee Dripper","Busted Crown"],"picked":"FrozenCore"}],"items_purged_floors":[4,10,20],"is_endless":false,"potions_floor_spawned":[1,3,5,8,14,19,21],"killed_by":"Gremlin Leader","ascension_level":8}}