{"host":"kh6fvhxn285ncg0o","time":1609477818,"event":{"mods":["Act Like it!","BaseMod","Colored Map","Friendly Minions","Keyboard Shortcuts","Minty Spire (QoL Compilation)","Quick Restart","Relic Stats","StSLib","SuperFastMode"],"gold_per_floor":[368,368,383,403,423,451,451,451,451],"floor_reached":8,"playtime":207,"items_purged":[],"score":116,"play_id":"6c7ea593-6956-4c46-baad-10f95fc2ba3f","local_time":"20210101141018","is_ascension_mode":true,"campfire_choices":[{"floor":7,"key":"REST"}],"circlet_count":0,"master_deck":["AscendersBane","Strike_G","Strike_G","Strike_G","Strike_G","Defend_G","Defend_G","Defend_G","Defend_G","Defend_G","Survivor","Neutralize","Blade Dance","Noxious Fumes","Masterful Stab"],"relics":["Ring of the Snake","HornCleat"],"acts_visited":["Exordium"],"potions_floor_usage":[6,8],"damage_taken":[{"damage":1,"enemies":"Small Slimes","floor":1,"turns":4},{"damage":1,"enemies":"Cultist","floor":3,"turns":3},{"damage":1,"enemies":"2 Louse","floor":4,"turns":4},{"damage":2,"enemies":"Exordium Wildlife","floor":5,"turns":4},{"damage":17,"enemies":"3 Sentries","floor":6,"turns":7},{"damage":43,"enemies":"Gremlin Nob","floor":8,"turns":5}],"seed_played":"-7681500751127337769","potions_obtained":[{"floor":4,"key":"Block Potion"},{"floor":6,"key":"Block Potion"}],"is_trial":false,"path_per_floor":["M","?","M","M","M","E","R","E"],"character_chosen":"THE_SILENT","items_purchased":[],"campfire_rested":1,"item_purchase_floors":[],"current_hp_per_floor":[43,43,42,41,39,22,41,0,0],"gold":451,"neow_bonus":"TWO_FIFTY_GOLD","is_daily":false,"chose_seed":false,"campfire_upgraded":0,"win_rate":0.0,"timestamp":1609477818,"path_taken":["M","?","?","?","M","E","R","E"],"items_purchased_type":[],"build_version":"2020-12-22","purchased_purges":0,"victory":false,"max_hp_per_floor":[66,66,66,66,66,66,66,66,66],"relic_stats":{"counters":[6,27],"obtain_stats":[{"HornCleat":6,"Ring of the Snake":0},{"HornCleat":5,"Ring of the Snake":0},{"HornCleat":22,"Ring of the Snake":0}],"Ring of the Snake":[12]},"card_choices":[{"not_picked":["Dodge and Roll","Riddle With Holes"],"picked":"Blade Dance","floor":1},{"not_picked":["Underhanded Strike","Dash"],"picked":"Noxious Fumes","floor":3},{"not_picked":["Finisher","Slice"],"picked":"Masterful Stab","floor":5},{"not_picked":["Deflect","Heel Hook","Eviscerate"],"picked":"SKIP","floor":6}],"player_experience":3339058,"relics_obtained":[{"floor":6,"key":"HornCleat"}],"event_choices":[{"cards_removed":["Strike_G"],"damage_healed":0,"gold_gain":0,"player_choice":"Offered Basic","damage_taken":0,"max_hp_gain":0,"max_hp_loss":0,"event_name":"Bonfire Elementals","floor":2,"gold_loss":0}],"is_beta":false,"boss_relics":[],"items_purged_floors":[],"is_endless":false,"potions_floor_spawned":[4,6],"killed_by":"Gremlin Nob","ascension_level":20}}