{"host":"mike","time":1609540620,"event":{"mods":["2.2 Compatiblity","AchievementEnabler","BaseMod","Dio Mod","Hermit","Highlight Path","Jorbs\u0027s Wanderer Trilogy","Minty Spire (QoL Compilation)","Random Character Button","Rare Cards Sparkle","Relic Stats","StSLib","The Bladedancer","The Cursed","The Marked"],"gold_per_floor":[40,72,107,107,119,119,164,164,188,223,276,276,276,307,307,432,432,455,106,125,125,101,101,135,135,159,182,182,182],"floor_reached":28,"playtime":1728,"items_purged":["Decay"],"score":269,"play_id":"affdabee-3098-450b-a8da-b5b3340a72fe","local_time":"20210101173700","is_ascension_mode":true,"campfire_choices":[{"data":"theMarked:SoldierOfQuellstein","floor":6,"key":"SMITH"},{"data":"theMarked:EnhanceMovement","floor":8,"key":"SMITH"},{"data":"theMarked:BanishingWave","floor":15,"key":"SMITH"},{"data":"theMarked:ThrowWeapon","floor":23,"key":"SMITH"},{"data":"theMarked:MaelstromOfLightning","floor":25,"key":"SMITH"}],"circlet_count":0,"master_deck":["theMarked:SoldierOfQuellstein+1","HandOfGreed","theMarked:ChainLightning","theMarked:ElectricStrings","theMarked:EnhanceMovement+1","theMarked:ResourceFulStrike","theMarked:BanishingWave+1","theMarked:SuspiciousRaven","theMarked:PowerFlow","theMarked:Polarize","theMarked:ThrowWeapon+1","theMarked:RepellingDischarge","theMarked:ShockingTouch","theMarked:TakeOffHeels","theMarked:Electrocute","theMarked:EnhanceMovement","theMarked:MaelstromOfLightning+1","theMarked:Opportunist","theMarked:TakeCover","theMarked:WardOff","theMarked:Overcharge","theMarked:HeightenedSenses","theMarked:TwofoldDefense"],"relics":["theMarked:ArtifactOfAir","Centennial Puzzle","Vajra","Pen Nib","Golden Idol","Darkstone Periapt","Pandora\u0027s Box","Ornamental Fan","Eternal Feather","PreservedInsect"],"acts_visited":["Exordium","TheCity"],"potions_floor_usage":[16,16],"damage_taken":[{"damage":0,"enemies":"Cultist","floor":1,"turns":4},{"damage":1,"enemies":"Jaw Worm","floor":2,"turns":2},{"damage":0,"enemies":"Small Slimes","floor":3,"turns":3},{"damage":6,"enemies":"Blue Slaver","floor":5,"turns":4},{"damage":20,"enemies":"Gremlin Nob","floor":7,"turns":4},{"damage":0,"enemies":"Looter","floor":10,"turns":2},{"damage":11,"enemies":"3 Sentries","floor":11,"turns":4},{"damage":19,"enemies":"Gremlin Nob","floor":14,"turns":4},{"damage":15,"enemies":"Hexaghost","floor":16,"turns":8},{"damage":25,"enemies":"2 Thieves","floor":18,"turns":3},{"damage":0,"enemies":"Chosen","floor":20,"turns":3},{"damage":13,"enemies":"Gremlin Leader","floor":24,"turns":5},{"damage":26,"enemies":"Snecko","floor":27,"turns":7},{"damage":17,"enemies":"Snake Plant","floor":28,"turns":2}],"seed_played":"4577956868069431448","potions_obtained":[{"floor":1,"key":"Weak Potion"},{"floor":2,"key":"Swift Potion"},{"floor":7,"key":"Ancient Potion"},{"floor":11,"key":"Block Potion"},{"floor":20,"key":"SkillPotion"},{"floor":24,"key":"Block Potion"}],"is_trial":false,"path_per_floor":["M","M","M","?","M","R","E","R","T","M","E","?","?","E","R","B",null,"M","$","M","?","$","R","E","R","T","M","M"],"character_chosen":"THE_DEFAULT","items_purchased":["theMarked:WardOff","Ornamental Fan","theMarked:HeightenedSenses"],"campfire_rested":0,"item_purchase_floors":[19,19,22],"current_hp_per_floor":[70,69,69,69,63,63,43,43,43,43,32,37,37,18,18,3,69,44,44,44,44,44,44,31,43,43,17,0,0],"gold":182,"neow_bonus":"RANDOM_COLORLESS_2","is_daily":false,"chose_seed":false,"campfire_upgraded":5,"win_rate":0.0,"timestamp":1609540620,"path_taken":["M","M","M","?","?","R","E","R","T","M","E","?","?","E","R","BOSS","M","$","M","?","$","R","E","R","T","M","M"],"items_purchased_type":["Card","Relic","Card"],"build_version":"2020-12-18","purchased_purges":1,"victory":false,"max_hp_per_floor":[70,70,70,70,70,70,70,70,70,70,70,75,69,69,69,69,69,69,69,69,69,69,69,69,69,69,69,69,69],"relic_stats":{"Darkstone Periapt":0,"Centennial Puzzle":[21],"counters":[14,55],"Golden Idol":52,"Ornamental Fan":[8],"Pandora\u0027s Box":["theMarked:RepellingDischarge","theMarked:ShockingTouch","theMarked:TakeOffHeels","theMarked:Electrocute","theMarked:EnhanceMovement","theMarked:MaelstromOfLightning","theMarked:Opportunist","theMarked:Overthink","theMarked:TakeCover"],"Eternal Feather":12,"Pen Nib":[5],"PreservedInsect":0,"obtain_stats":[{"Darkstone Periapt":14,"theMarked:ArtifactOfAir":0,"Centennial Puzzle":7,"Golden Idol":13,"Ornamental Fan":19,"Vajra":9,"Pandora\u0027s Box":17,"Eternal Feather":24,"Pen Nib":11,"PreservedInsect":26},{"Darkstone Periapt":8,"theMarked:ArtifactOfAir":0,"Centennial Puzzle":5,"Golden Idol":7,"Ornamental Fan":10,"Vajra":5,"Pandora\u0027s Box":9,"Eternal Feather":12,"Pen Nib":7,"PreservedInsect":12},{"Darkstone Periapt":27,"theMarked:ArtifactOfAir":0,"Centennial Puzzle":17,"Golden Idol":23,"Ornamental Fan":38,"Vajra":17,"Pandora\u0027s Box":35,"Eternal Feather":46,"Pen Nib":23,"PreservedInsect":46}]},"card_choices":[{"not_picked":["Transmutation","The Bomb"],"picked":"HandOfGreed","floor":0},{"not_picked":["theMarked:WastefulDefense","theMarked:TwofoldDefense"],"picked":"theMarked:ChainLightning","floor":1},{"not_picked":["theMarked:Indomitable","theMarked:ChainLightning"],"picked":"theMarked:ElectricStrings","floor":2},{"not_picked":["theMarked:Generate","theMarked:ShockingTouch"],"picked":"theMarked:EnhanceMovement","floor":3},{"not_picked":["theMarked:ChainLightning","theMarked:RepellingDischarge"],"picked":"theMarked:ResourceFulStrike","floor":5},{"not_picked":["theMarked:Aftermath","theMarked:RepellingDischarge"],"picked":"theMarked:BanishingWave","floor":7},{"not_picked":["theMarked:ElectricStrings","theMarked:Aftermath"],"picked":"theMarked:SuspiciousRaven","floor":10},{"not_picked":["theMarked:Seal","theMarked:HeightenedSenses"],"picked":"theMarked:PowerFlow","floor":11},{"not_picked":["theMarked:Indomitable","theMarked:BanishingStrike"],"picked":"theMarked:Polarize","floor":14},{"not_picked":["theMarked:Vacuum","theMarked:SuspiciousRaven"],"picked":"theMarked:ThrowWeapon","floor":16},{"not_picked":["theMarked:ContemptForTheProud","theMarked:LightningStrikesTwice","theMarked:ShockingTouch"],"picked":"SKIP","floor":18},{"not_picked":["theMarked:DeterminationOfTheMarked","theMarked:BanishingStrike+1"],"picked":"theMarked:Overcharge","floor":20},{"not_picked":["theMarked:WastefulDefense","theMarked:ElectricStrings","theMarked:ResourceFulStrike"],"picked":"SKIP","floor":24},{"not_picked":["theMarked:Frustration","theMarked:ChainLightning+1"],"picked":"theMarked:TwofoldDefense","floor":27}],"player_experience":284644,"relics_obtained":[{"floor":7,"key":"Centennial Puzzle"},{"floor":9,"key":"Vajra"},{"floor":11,"key":"Pen Nib"},{"floor":14,"key":"Darkstone Periapt"},{"floor":24,"key":"Eternal Feather"},{"floor":26,"key":"PreservedInsect"}],"event_choices":[{"damage_healed":0,"gold_gain":0,"player_choice":"Cursed","damage_taken":0,"max_hp_gain":0,"max_hp_loss":0,"event_name":"Wheel of Change","floor":4,"gold_loss":0,"cards_obtained":["Decay"]},{"damage_healed":0,"gold_gain":0,"player_choice":"Donut","damage_taken":0,"max_hp_gain":5,"max_hp_loss":0,"event_name":"Big Fish","floor":12,"gold_loss":0},{"damage_healed":0,"gold_gain":0,"player_choice":"Lose Max HP","damage_taken":0,"relics_obtained":["Golden Idol"],"max_hp_gain":0,"max_hp_loss":6,"event_name":"Golden Idol","floor":13,"gold_loss":0},{"cards_removed":["theMarked:Overthink"],"damage_healed":0,"gold_gain":0,"player_choice":"Elegance","damage_taken":0,"max_hp_gain":0,"max_hp_loss":0,"event_name":"Back to Basics","floor":21,"gold_loss":0}],"is_beta":true,"boss_relics":[{"not_picked":["Empty Cage","SacredBark"],"picked":"Pandora\u0027s Box"}],"items_purged_floors":[19],"is_endless":false,"potions_floor_spawned":[1,2,7,11,14,20,24,27],"killed_by":"Snake Plant","ascension_level":1}}