{"host":"mytek2nu1hrzdnew","time":1609523351,"event":{"mods":["Aspiration","BaseMod","Conspire","Evolution","GifTheSpireLib","Gold Saver","Hubris","Minty Spire (QoL Compilation)","Replay The Spire","StSLib","Stuff the Spire","Uncapped"],"gold_per_floor":[707,725,157,157,54,54,92,92,92,116,157,192,212,237,237,356,356,379,52,66,66,79,79,99,47,47,47,85,85,103,127,127,127,127],"floor_reached":33,"playtime":1628,"items_purged":["Strike_B","Strike_B"],"score":277,"play_id":"86048d48-5ddf-4f4c-b485-60fdf4433479","local_time":"20210101124911","is_ascension_mode":false,"campfire_choices":[{"data":"Zap","floor":6,"key":"SMITH"},{"floor":8,"key":"REST"},{"data":"Defragment","floor":15,"key":"SMITH"},{"floor":23,"key":"REST"},{"floor":27,"key":"REST"},{"floor":32,"key":"REST"}],"circlet_count":0,"master_deck":["Strike_B","Defend_B","Defend_B","Defend_B","Defend_B","Zap+1","Dualcast","Tempest","Defragment+1","Echo Form+1","StuffTheSpire:Coldhearted","Static Discharge","Loop","StuffTheSpire:ShieldGenerator+1","Ball Lightning","hubris:DoWhile"],"relics":["Cracked Core","EVO:Axolotl","Potion Belt","PreservedInsect","Chemical X","Golden Idol","hubris:MysteriousPyramids","Orichalcum","aspiration:ChemicalBlood","Akabeko","aspiration:SecretTechniqueScroll","Replay:Frozen Program","Solar Panel","Blood Vial","hubris:Towel"],"acts_visited":["Exordium","TheCity"],"potions_floor_usage":[16,18,20,20,22,28,28,28,28,33,33,33],"damage_taken":[{"damage":0,"enemies":"conspire:RoseBush","floor":1,"turns":4},{"damage":1,"enemies":"Jaw Worm","floor":2,"turns":4},{"damage":12,"enemies":"Gremlin Nob","floor":7,"turns":3},{"damage":0,"enemies":"2 Louse","floor":10,"turns":1},{"damage":16,"enemies":"Lagavulin","floor":11,"turns":4},{"damage":0,"enemies":"conspire:MimicChest","floor":12,"turns":6},{"damage":4,"enemies":"Looter","floor":13,"turns":3},{"damage":0,"enemies":"Large Slime","floor":14,"turns":4},{"damage":21,"enemies":"Slime Boss","floor":16,"turns":8},{"damage":25,"enemies":"conspire:FuzzyDice","floor":18,"turns":5},{"damage":19,"enemies":"2 Thieves","floor":20,"turns":3},{"damage":12,"enemies":"Centurion and Healer","floor":22,"turns":4},{"damage":5,"enemies":"Chosen and Byrds","floor":24,"turns":6},{"damage":22,"enemies":"Slavers","floor":28,"turns":3},{"damage":27,"enemies":"Snake Plant","floor":30,"turns":4},{"damage":10,"enemies":"Centurion and Healer","floor":31,"turns":4},{"damage":47,"enemies":"Automaton","floor":33,"turns":6}],"seed_played":"7542207017657970617","potions_obtained":[{"floor":2,"key":"Energy Potion"},{"floor":10,"key":"Strength Potion"},{"floor":14,"key":"Ancient Potion"},{"floor":18,"key":"Explosive Potion"},{"floor":22,"key":"Swift Potion"},{"floor":30,"key":"Dexterity Potion"}],"is_trial":false,"path_per_floor":["M","M","$","?","$","R","E","R","T","M","E","?","M","M","R","B",null,"M","$","M","?","M","R","M","$","T","R","E","?","M","M","R","B"],"character_chosen":"DEFECT","items_purchased":["Potion Belt","PreservedInsect","Defragment","Chemical X","Echo Form+1","Replay:Frozen Program","Loop","Ball Lightning"],"campfire_rested":4,"item_purchase_floors":[3,3,3,3,5,19,19,25],"current_hp_per_floor":[75,74,74,56,56,56,44,66,66,66,50,50,46,46,46,25,75,50,50,31,25,13,35,30,30,30,52,36,36,15,7,29,0,0],"gold":127,"neow_bonus":"REMOVE_CARD","is_daily":false,"chose_seed":false,"campfire_upgraded":2,"win_rate":0.0,"timestamp":1609523351,"path_taken":["M","M","$","?","?","R","E","R","T","M","E","?","M","M","R","BOSS","M","$","M","?","?","R","M","$","T","R","E","?","M","M","R","BOSS"],"items_purchased_type":["Relic","Relic","Card","Relic","Card","Relic","Card","Card"],"build_version":"2020-12-22","purchased_purges":2,"victory":false,"max_hp_per_floor":[75,75,75,75,75,75,75,75,75,75,75,75,75,75,75,75,75,75,75,75,75,75,75,75,75,75,75,75,75,75,75,75,75,75],"card_choices":[{"not_picked":["Panic Button","Steam","FTL"],"picked":"SKIP","floor":1},{"not_picked":["Lockon","Gash"],"picked":"Tempest","floor":2},{"not_picked":["BootSequence","Cold Snap","StuffTheSpire:EventHorizon"],"picked":"SKIP","floor":7},{"not_picked":["Darkness","Panic Button","StuffTheSpire:LoadUp"],"picked":"SKIP","floor":10},{"not_picked":["Rip and Tear","Gash"],"picked":"StuffTheSpire:Coldhearted","floor":11},{"not_picked":["Streamline","Stack"],"picked":"Static Discharge","floor":13},{"not_picked":["ReplayTheSpireMod:Reroute Power","BasicCrystalCard","Turbo"],"picked":"SKIP","floor":14},{"not_picked":["Redo+1","Panic Button","Undo+1"],"picked":"SKIP","floor":18},{"not_picked":["BasicCrystalCard+1","Steam Power+1","Go for the Eyes"],"picked":"SKIP","floor":20},{"not_picked":["Beam Cell","Stack"],"picked":"StuffTheSpire:ShieldGenerator+1","floor":22},{"not_picked":["Rebound","Conserve Battery+1","Lockon"],"picked":"SKIP","floor":24},{"not_picked":["hubris:Prefetch","Turbo"],"picked":"hubris:DoWhile","floor":28},{"not_picked":["Panic Button","Turbo","Leap"],"picked":"SKIP","floor":30},{"not_picked":["Sunder","Coolheaded","Redo"],"picked":"SKIP","floor":31}],"player_experience":966540,"relics_obtained":[{"floor":7,"key":"hubris:MysteriousPyramids"},{"floor":9,"key":"Orichalcum"},{"floor":11,"key":"aspiration:ChemicalBlood"},{"floor":12,"key":"Akabeko"},{"floor":26,"key":"Solar Panel"},{"floor":28,"key":"Blood Vial"}],"event_choices":[{"damage_healed":0,"gold_gain":0,"player_choice":"Take Damage","damage_taken":18,"relics_obtained":["Golden Idol"],"max_hp_gain":0,"max_hp_loss":0,"event_name":"Golden Idol","floor":4,"gold_loss":0},{"damage_healed":0,"gold_gain":0,"player_choice":"","damage_taken":6,"max_hp_gain":0,"max_hp_loss":0,"event_name":"Knowing Skull","floor":21,"potions_obtained":[],"gold_loss":0,"cards_obtained":[]}],"is_beta":false,"boss_relics":[{"not_picked":["Honey Jar","Runic Pyramid"],"picked":"aspiration:SecretTechniqueScroll"}],"items_purged_floors":[3,19],"is_endless":false,"potions_floor_spawned":[2,10,12,14,18,22,30],"killed_by":"Automaton","ascension_level":0}}