{"host":"sbuumge693uf09ze","time":1609463749,"event":{"mods":["AchievementEnabler","BaseMod","Hermit","Minty Spire (QoL Compilation)","Replay The Spire","StSLib","The Construct","The Cursed","The Disciple","The Servant 0.9.4"],"gold_per_floor":[113,113,113,113,133,169,169,182,182,202,222,243,287,302,302,433,433,451,154,64,64,64],"floor_reached":21,"playtime":2067,"items_purged":[],"score":218,"play_id":"9345fdd6-c80b-47ff-b89e-c848b34af9fa","local_time":"20201231201549","is_ascension_mode":false,"campfire_choices":[{"data":"Eruption","floor":7,"key":"SMITH"},{"data":"Blasphemy","floor":15,"key":"SMITH"}],"circlet_count":0,"master_deck":["Strike_P","Strike_P+1","Strike_P+1","Strike_P","Defend_P","Defend_P","Defend_P","Eruption+1","Vigilance+1","Consecrate","MentalFortress","Swivel","Evaluate","Blasphemy+1","Pray","ClearTheMind","DevaForm","Prostrate+1","Conclude"],"relics":["PureWater","NeowsBlessing","Golden Idol","Quantum Egg","Anchor","Whetstone","SlaversCollar","Gremlin Horn"],"acts_visited":["Exordium","TheCity"],"potions_floor_usage":[16,21,21],"damage_taken":[{"damage":0,"enemies":"Jaw Worm","floor":1,"turns":1},{"damage":0,"enemies":"Small Slimes","floor":5,"turns":1},{"damage":0,"enemies":"Lagavulin","floor":6,"turns":1},{"damage":0,"enemies":"2 Louse","floor":8,"turns":3},{"damage":4,"enemies":"Gremlin Gang","floor":10,"turns":3},{"damage":1,"enemies":"3 Louse","floor":11,"turns":4},{"damage":0,"enemies":"Large Slime","floor":12,"turns":3},{"damage":8,"enemies":"3 Sentries","floor":13,"turns":9},{"damage":0,"enemies":"Exordium Wildlife","floor":14,"turns":4},{"damage":42,"enemies":"Fading Forest","floor":16,"turns":11},{"damage":13,"enemies":"Spheric Guardian","floor":18,"turns":4},{"damage":29,"enemies":"Chosen","floor":21,"turns":8}],"seed_played":"4045969878570680399","potions_obtained":[{"floor":1,"key":"DistilledChaos"},{"floor":6,"key":"GamblersBrew"},{"floor":10,"key":"Fire Potion"},{"floor":11,"key":"PowerPotion"},{"floor":18,"key":"Fire Potion"}],"is_trial":false,"path_per_floor":["M","$","?","?","M","E","R","M","T","M","M","M","E","M","R","B",null,"M","$","?","M"],"character_chosen":"WATCHER","items_purchased":["Prostrate+1","Gremlin Horn"],"campfire_rested":0,"item_purchase_floors":[19,19],"current_hp_per_floor":[72,72,72,54,54,54,54,54,54,50,49,49,41,41,41,9,72,59,59,59,30,30],"gold":64,"neow_bonus":"THREE_ENEMY_KILL","is_daily":false,"chose_seed":false,"campfire_upgraded":2,"win_rate":0.0,"timestamp":1609463749,"path_taken":["M","$","?","?","M","E","R","M","T","M","?","M","E","M","R","BOSS","M","$","?","?"],"items_purchased_type":["Card","Relic"],"build_version":"2020-12-22","purchased_purges":0,"victory":false,"max_hp_per_floor":[72,72,72,72,72,72,72,72,72,72,72,72,72,72,72,72,72,72,72,72,72,72],"card_choices":[{"not_picked":["Collect","FlyingSleeves"],"picked":"Consecrate","floor":1},{"not_picked":["Consecrate","InnerPeace"],"picked":"MentalFortress","floor":5},{"not_picked":["Replay:Vibes","Weave"],"picked":"Swivel","floor":6},{"not_picked":["Replay:Hum","Protect"],"picked":"Evaluate","floor":8},{"not_picked":["WindmillStrike","SashWhip"],"picked":"Blasphemy","floor":10},{"not_picked":["MentalFortress","EmptyFist"],"picked":"Pray","floor":11},{"not_picked":["CrushJoints","Weave"],"picked":"ClearTheMind","floor":12},{"not_picked":["Replay:BluntJabs","PathToVictory","Worship"],"picked":"SKIP","floor":13},{"not_picked":["JustLucky","Weave","CutThroughFate"],"picked":"SKIP","floor":14},{"not_picked":["ConjureBlade","Ragnarok"],"picked":"DevaForm","floor":16},{"not_picked":["FlurryOfBlows","Nirvana+1","Study"],"picked":"SKIP","floor":18},{"not_picked":["FearNoEvil","Halt"],"picked":"Conclude","floor":21}],"player_experience":180253,"relics_obtained":[{"floor":6,"key":"Quantum Egg"},{"floor":9,"key":"Anchor"},{"floor":13,"key":"Whetstone"}],"event_choices":[{"damage_healed":0,"gold_gain":0,"player_choice":"Leave","damage_taken":0,"max_hp_gain":0,"max_hp_loss":0,"event_name":"The Cleric","floor":3,"gold_loss":0},{"damage_healed":0,"gold_gain":0,"player_choice":"Take Damage","damage_taken":18,"relics_obtained":["Golden Idol"],"max_hp_gain":0,"max_hp_loss":0,"event_name":"Golden Idol","floor":4,"gold_loss":0},{"cards_removed":["Defend_P"],"damage_healed":0,"gold_gain":0,"player_choice":"Upgrade and Remove","damage_taken":0,"max_hp_gain":0,"max_hp_loss":0,"event_name":"Designer","floor":20,"gold_loss":90,"cards_upgraded":["Vigilance"]}],"is_beta":false,"boss_relics":[{"not_picked":["Honey Jar","Pandora\u0027s Box"],"picked":"SlaversCollar"}],"items_purged_floors":[],"is_endless":false,"potions_floor_spawned":[1,6,10,11,13,18],"killed_by":"Chosen","ascension_level":0}}