{"host":"oigynbtg272c19pw","time":1609514931,"event":{"mods":["BaseMod","Colored Map","Minty Spire (QoL Compilation)","Relic Stats","StSLib"],"gold_per_floor":[215,18,29,29,29,29,70,70,93,107,121,137,181,181,181,276,276,296,23,41,41,41,41,66,79,133,177,215,215,229,269,269,368,368,389,11,11,36,36,36,76,76,76,91,5,28,72,91,91,91,91],"floor_reached":50,"playtime":2624,"items_purged":["Strike_G","Well Laid Plans"],"score":1300,"play_id":"9c4670f5-c2a7-42c4-9d50-1e405cbf85ae","local_time":"20210101162851","is_ascension_mode":true,"campfire_choices":[{"data":"Corpse Explosion","floor":6.0,"key":"SMITH"},{"floor":8.0,"key":"REST"},{"floor":15.0,"key":"REST"},{"floor":23.0,"key":"REST"},{"data":"Dark Shackles","floor":29.0,"key":"SMITH"},{"data":"Bullet Time","floor":32.0,"key":"SMITH"},{"data":"Caltrops","floor":40.0,"key":"SMITH"},{"data":"Malaise","floor":42.0,"key":"SMITH"},{"floor":49,"key":"RECALL"}],"circlet_count":0,"master_deck":["AscendersBane","Strike_G+1","Defend_G+1","Defend_G+1","Defend_G+1","Defend_G+1","Defend_G+1","Survivor","Neutralize","Blur","Caltrops+1","Calculated Gamble+1","Corpse Explosion+1","Caltrops","Skewer","Phantasmal Killer","Blur","Eviscerate","Malaise+1","Acrobatics","Noxious Fumes","Deadly Poison","Dark Shackles+1","Crippling Poison+1","Storm of Steel","Backflip","Escape Plan","Acrobatics+1","Masterful Stab","Terror","Bullet Time+1","Venomology","Master of Strategy","Violence","Panache","Flechettes+1","Tactician","Outmaneuver+1"],"relics":["Ring of the Snake","TwistedFunnel","Golden Idol","Calipers","HornCleat","Runic Pyramid","Bag of Marbles","Red Mask","Art of War","The Specimen","Philosopher\u0027s Stone","Eternal Feather","Meat on the Bone","PreservedInsect","Bottled Flame"],"acts_visited":["Exordium","TheCity","TheBeyond"],"potions_floor_usage":[47,47,48,50,50],"damage_taken":[{"damage":0.0,"enemies":"Cultist","floor":1.0,"turns":4.0},{"damage":3.0,"enemies":"Jaw Worm","floor":3.0,"turns":4.0},{"damage":45.0,"enemies":"Gremlin Nob","floor":7.0,"turns":5.0},{"damage":4.0,"enemies":"2 Louse","floor":10.0,"turns":3.0},{"damage":0.0,"enemies":"2 Fungi Beasts","floor":11.0,"turns":2.0},{"damage":0.0,"enemies":"Exordium Wildlife","floor":12.0,"turns":2.0},{"damage":20.0,"enemies":"3 Sentries","floor":13.0,"turns":3.0},{"damage":21.0,"enemies":"The Guardian","floor":16.0,"turns":14.0},{"damage":4.0,"enemies":"2 Thieves","floor":18.0,"turns":3.0},{"damage":23.0,"enemies":"Chosen","floor":20.0,"turns":7.0},{"damage":6.0,"enemies":"Snake Plant","floor":24.0,"turns":6.0},{"damage":0.0,"enemies":"Cultist and Chosen","floor":25.0,"turns":4.0},{"damage":0.0,"enemies":"Masked Bandits","floor":27.0,"turns":2.0},{"damage":0.0,"enemies":"Gremlin Leader","floor":28.0,"turns":6.0},{"damage":0.0,"enemies":"Centurion and Healer","floor":30.0,"turns":5.0},{"damage":13.0,"enemies":"Slavers","floor":31.0,"turns":3.0},{"damage":0.0,"enemies":"Collector","floor":33.0,"turns":6.0},{"damage":0.0,"enemies":"Orb Walker","floor":35.0,"turns":4.0},{"damage":0.0,"enemies":"3 Shapes","floor":38.0,"turns":4.0},{"damage":10.0,"enemies":"Reptomancer","floor":41.0,"turns":4.0},{"damage":3.0,"enemies":"Spire Growth","floor":44.0,"turns":5.0},{"damage":8.0,"enemies":"Jaw Worm Horde","floor":46.0,"turns":4.0},{"damage":3,"enemies":"Giant Head","floor":47,"turns":6},{"damage":0,"enemies":"Sphere and 2 Shapes","floor":48,"turns":2},{"damage":62,"enemies":"Time Eater","floor":50,"turns":7}],"seed_played":"579891525639595412","potions_obtained":[{"floor":10.0,"key":"GamblersBrew"},{"floor":12.0,"key":"Energy Potion"},{"floor":13.0,"key":"Fire Potion"},{"floor":16.0,"key":"Explosive Potion"},{"floor":24.0,"key":"AttackPotion"},{"floor":25.0,"key":"Explosive Potion"},{"floor":28.0,"key":"DistilledChaos"},{"floor":30.0,"key":"Regen Potion"},{"floor":33.0,"key":"CunningPotion"},{"floor":41.0,"key":"Weak Potion"},{"floor":46.0,"key":"Poison Potion"},{"floor":47,"key":"Fire Potion"}],"is_trial":false,"path_per_floor":["M","$","M","?","?","R","E","R","T","M","M","M","E","?","R","B",null,"M","$","M","?","?","R","M","M","T","?","E","R","M","E","R","B",null,"M","$","?","M","?","R","E","R","T","M","$","M","E","M","R","B"],"character_chosen":"THE_SILENT","items_purchased":["TwistedFunnel","Caltrops","Noxious Fumes","Deadly Poison","Dark Shackles","Eternal Feather","Tactician"],"campfire_rested":3,"item_purchase_floors":[2,2,19,19,19,36,45],"current_hp_per_floor":[59,59,56,56,56,56,11,29,29,25,25,25,5,5,23,2,46,42,42,19,19,19,37,31,31,31,31,31,31,31,30,30,30,53,53,53,43,57,57,60,50,60,60,57,57,49,46,46,60,0,0],"gold":91,"neow_bonus":"HUNDRED_GOLD","is_daily":false,"chose_seed":false,"campfire_upgraded":5,"win_rate":0.0,"timestamp":1609514931,"path_taken":["M","$","?","?","?","R","E","R","T","M","?","M","E","?","R","BOSS","M","?","M","?","?","R","M","M","T","?","E","R","M","E","R","BOSS","M","$","?","M","?","R","E","R","T","?","$","M","E","M","R","BOSS"],"items_purchased_type":["Relic","Card","Card","Card","Card","Relic","Card"],"build_version":"2020-12-13","purchased_purges":2,"victory":false,"max_hp_per_floor":[66,66,66,60,60,60,60,60,60,60,60,60,60,60,60,60,60,60,60,60,60,60,60,60,60,60,60,60,60,60,60,60,60,60,60,60,60,60,60,60,60,60,60,60,60,60,60,60,60,60,60],"relic_stats":{"counters":[25,115],"Golden Idol":147,"Eternal Feather":27,"PreservedInsect":130,"Art of War":[17],"obtain_stats":[{"TwistedFunnel":2,"Calipers":7,"The Specimen":31,"Golden Idol":4,"Eternal Feather":36,"PreservedInsect":43,"Bottled Flame":47,"HornCleat":13,"Philosopher\u0027s Stone":34,"Bag of Marbles":26,"Red Mask":27,"Art of War":28,"Ring of the Snake":0,"Runic Pyramid":17,"Meat on the Bone":41},{"TwistedFunnel":1,"Calipers":3,"The Specimen":16,"Golden Idol":2,"Eternal Feather":18,"PreservedInsect":20,"Bottled Flame":23,"HornCleat":7,"Philosopher\u0027s Stone":17,"Bag of Marbles":12,"Red Mask":13,"Art of War":14,"Ring of the Snake":0,"Runic Pyramid":8,"Meat on the Bone":20},{"TwistedFunnel":4,"Calipers":13,"The Specimen":73,"Golden Idol":8,"Eternal Feather":83,"PreservedInsect":91,"Bottled Flame":106,"HornCleat":23,"Philosopher\u0027s Stone":79,"Bag of Marbles":57,"Red Mask":59,"Art of War":65,"Ring of the Snake":0,"Runic Pyramid":37,"Meat on the Bone":91}],"Ring of the Snake":[50],"Meat on the Bone":0},"card_choices":[{"not_picked":["Underhanded Strike","Sucker Punch"],"picked":"Blur","floor":1.0},{"not_picked":["Noxious Fumes","Outmaneuver"],"picked":"Calculated Gamble","floor":3.0},{"not_picked":["Dodge and Roll","Expertise"],"picked":"Caltrops","floor":7.0},{"not_picked":["Acrobatics","Blade Dance"],"picked":"Skewer","floor":10.0},{"not_picked":["Outmaneuver","Riddle With Holes"],"picked":"Well Laid Plans","floor":11.0},{"not_picked":["Dagger Throw","Blade Dance"],"picked":"Phantasmal Killer","floor":12.0},{"not_picked":["Dodge and Roll","Prepared"],"picked":"Blur","floor":13.0},{"not_picked":["Tools of the Trade","Night Terror"],"picked":"Malaise","floor":16.0},{"not_picked":["Slice","Quick Slash"],"picked":"Acrobatics","floor":18.0},{"not_picked":["Sucker Punch+1","Finisher+1"],"picked":"Crippling Poison+1","floor":20.0},{"not_picked":["Dagger Throw","Masterful Stab+1","Slice+1"],"picked":"SKIP","floor":24.0},{"not_picked":["Concentrate","Cloak And Dagger"],"picked":"Escape Plan","floor":25.0},{"not_picked":["Dagger Throw","Dodge and Roll"],"picked":"Acrobatics+1","floor":27.0},{"not_picked":["Blade Dance","Deflect"],"picked":"Masterful Stab","floor":28.0},{"not_picked":["Blur","Poisoned Stab"],"picked":"Terror","floor":30.0},{"not_picked":["Underhanded Strike","Predator"],"picked":"Bullet Time","floor":31.0},{"not_picked":["Corpse Explosion","Glass Knife"],"picked":"Venomology","floor":33.0},{"not_picked":["Poisoned Stab","Acrobatics","Dagger Spray"],"picked":"SKIP","floor":35.0},{"not_picked":["Purity","Blind"],"picked":"Master of Strategy","floor":37.0},{"not_picked":["Madness","Dramatic Entrance"],"picked":"Violence","floor":37.0},{"not_picked":["Enlightenment","Finesse"],"picked":"Panache","floor":37.0},{"not_picked":["Quick Slash+1","Heel Hook","Flying Knee"],"picked":"SKIP","floor":38.0},{"not_picked":["Well Laid Plans","Cloak And Dagger","Dagger Throw"],"picked":"SKIP","floor":41.0},{"not_picked":["Cloak And Dagger","Finisher+1"],"picked":"Flechettes+1","floor":44.0},{"not_picked":["Predator","Choke","Venomology"],"picked":"SKIP","floor":46.0},{"not_picked":["Cloak And Dagger","Reflex"],"picked":"Outmaneuver+1","floor":47},{"not_picked":["Quick Slash","Infinite Blades","Underhanded Strike"],"picked":"SKIP","floor":48}],"player_experience":1324269,"relics_obtained":[{"floor":7.0,"key":"Calipers"},{"floor":13.0,"key":"HornCleat"},{"floor":26.0,"key":"Bag of Marbles"},{"floor":27.0,"key":"Red Mask"},{"floor":28.0,"key":"Art of War"},{"floor":31.0,"key":"The Specimen"},{"floor":41.0,"key":"Meat on the Bone"},{"floor":43.0,"key":"PreservedInsect"},{"floor":47,"key":"Bottled Flame"}],"event_choices":[{"damage_healed":0.0,"max_hp_gain":0.0,"max_hp_loss":6.0,"gold_gain":0.0,"event_name":"Golden Idol","player_choice":"Lose Max HP","floor":4.0,"gold_loss":0.0,"damage_taken":0.0,"relics_obtained":["Golden Idol"]},{"damage_healed":0.0,"max_hp_gain":0.0,"max_hp_loss":0.0,"gold_gain":0.0,"event_name":"Match and Keep!","player_choice":"1 cards matched","floor":5.0,"gold_loss":0.0,"damage_taken":0.0,"cards_obtained":["Corpse Explosion"]},{"damage_healed":0.0,"max_hp_gain":0.0,"max_hp_loss":0.0,"gold_gain":0.0,"cards_transformed":["Strike_G"],"event_name":"Transmorgrifier","player_choice":"Transformed","floor":14.0,"gold_loss":0.0,"damage_taken":0.0,"cards_obtained":["Eviscerate"]},{"damage_healed":0.0,"max_hp_gain":0.0,"max_hp_loss":0.0,"gold_gain":0.0,"cards_transformed":["Strike_G","Strike_G"],"event_name":"Drug Dealer","player_choice":"Became Test Subject","floor":21.0,"gold_loss":0.0,"damage_taken":0.0,"cards_obtained":["Storm of Steel","Backflip"]},{"damage_healed":0.0,"max_hp_gain":0.0,"max_hp_loss":0.0,"gold_gain":0.0,"event_name":"Back to Basics","player_choice":"Simplicity","floor":22.0,"gold_loss":0.0,"damage_taken":0.0,"cards_upgraded":["Strike_G","Defend_G","Defend_G","Defend_G","Defend_G","Defend_G"]},{"damage_healed":0.0,"max_hp_gain":0.0,"max_hp_loss":0.0,"gold_gain":0.0,"event_name":"Masked Bandits","player_choice":"Fought Bandits","floor":27.0,"gold_loss":0.0,"damage_taken":0.0},{"damage_healed":0.0,"max_hp_gain":0.0,"max_hp_loss":0.0,"gold_gain":0.0,"event_name":"SensoryStone","player_choice":"Memory 3","floor":37.0,"gold_loss":0.0,"damage_taken":10.0},{"damage_healed":0.0,"max_hp_gain":0.0,"max_hp_loss":0.0,"gold_gain":0.0,"event_name":"Upgrade Shrine","player_choice":"Upgraded","floor":39.0,"gold_loss":0.0,"damage_taken":0.0,"cards_upgraded":["Calculated Gamble"]}],"is_beta":false,"boss_relics":[{"not_picked":["SacredBark","Black Star"],"picked":"Runic Pyramid"},{"not_picked":["Velvet Choker","Pandora\u0027s Box"],"picked":"Philosopher\u0027s Stone"}],"items_purged_floors":[19,36],"is_endless":false,"potions_floor_spawned":[10,12,13,16,24,25,28,30,33,41,46,47],"killed_by":"Time Eater","ascension_level":20}}