{"host":"zhec3g4cvsmevugl","time":1609519871,"event":{"mods":["BaseMod","BetterRewards","Curses Come First","Minty Spire (QoL Compilation)","Relic Stats","Slay-I","StSLib"],"gold_per_floor":[109,126,126,142,107,107,142,160,160,194,205,234,244,244,244,343,343,357,420,487,562,612,612,645,193,216,233,233,76,96,122,122,224,224,238,88,0,50,153,188,88,88,88],"floor_reached":42,"playtime":2809,"items_purged":[],"score":830,"play_id":"00dea42e-e5c8-409c-893b-978d4c1b00bd","local_time":"20210102005111","is_ascension_mode":true,"campfire_choices":[{"data":"The Bomb","floor":6,"key":"SMITH"},{"floor":15,"key":"REST"},{"data":"Demon Form","floor":23,"key":"SMITH"},{"floor":28,"key":"REST"},{"floor":32,"key":"REST"}],"circlet_count":0,"master_deck":["Strike_R","Strike_R","Strike_R","Strike_R","Defend_R","Defend_R","Defend_R+1","Defend_R+1","Cleave","Flex","The Bomb+1","Armaments","Reckless Charge","Offering","Mind Blast","Anger","Wild Strike","Twin Strike","Inflame","Reckless Charge","Iron Wave","Power Through","Demon Form+1","Limit Break+1","Armaments+1","Power Through+1","Sword Boomerang","Metallicize","Immolate","Anger","Heavy Blade","Spot Weakness","Immolate","Dropkick","Juggernaut","Clash+1","Inflame","Flame Barrier+1"],"relics":["Burning Blood","Pen Nib","Boot","Red Skull","War Paint","Happy Flower","Kunai","Oddly Smooth Stone","SsserpentHead","Astrolabe","Ancient Tea Set","Dream Catcher","TungstenRod","Vajra","PreservedInsect","Toy Ornithopter","Anchor","Mark of Pain","HandDrill","Red Mask","Mercury Hourglass","Unceasing Top","Blood Vial","Toolbox"],"acts_visited":["Exordium","TheCity","TheBeyond"],"potions_floor_usage":[8,10,11,11,13,13,16,24,30,31,40],"damage_taken":[{"damage":1,"enemies":"2 Louse","floor":1,"turns":2},{"damage":0,"enemies":"Cultist","floor":2,"turns":3},{"damage":6,"enemies":"Small Slimes","floor":4,"turns":3},{"damage":23,"enemies":"Lagavulin","floor":7,"turns":5},{"damage":0,"enemies":"3 Louse","floor":8,"turns":1},{"damage":9,"enemies":"3 Sentries","floor":10,"turns":5},{"damage":9,"enemies":"Gremlin Gang","floor":11,"turns":5},{"damage":33,"enemies":"Gremlin Nob","floor":12,"turns":4},{"damage":3,"enemies":"Exordium Thugs","floor":13,"turns":2},{"damage":13,"enemies":"Slime Boss","floor":16,"turns":6},{"damage":8,"enemies":"Shell Parasite","floor":18,"turns":4},{"damage":6,"enemies":"Spheric Guardian","floor":19,"turns":2},{"damage":11,"enemies":"3 Cultists","floor":20,"turns":4},{"damage":20,"enemies":"Gremlin Leader","floor":24,"turns":7},{"damage":35,"enemies":"Shelled Parasite and Fungi","floor":27,"turns":4},{"damage":6,"enemies":"Snecko","floor":30,"turns":4},{"damage":11,"enemies":"Book of Stabbing","floor":31,"turns":4},{"damage":33,"enemies":"Champ","floor":33,"turns":8},{"damage":0,"enemies":"Orb Walker","floor":35,"turns":1},{"damage":38,"enemies":"2 Orb Walkers","floor":39,"turns":6},{"damage":34,"enemies":"Nemesis","floor":40,"turns":5},{"damage":33,"enemies":"Giant Head","floor":42,"turns":5}],"seed_played":"6970293246509347131","potions_obtained":[{"floor":1,"key":"Fire Potion"},{"floor":4,"key":"FearPotion"},{"floor":8,"key":"LiquidMemories"},{"floor":10,"key":"Block Potion"},{"floor":12,"key":"EntropicBrew"},{"floor":20,"key":"SkillPotion"},{"floor":30,"key":"PowerPotion"},{"floor":33,"key":"ElixirPotion"},{"floor":35,"key":"LiquidBronze"},{"floor":39,"key":"Explosive Potion"}],"is_trial":false,"path_per_floor":["M","M","?","M","?","R","E","M","T","E","M","E","M","?","R","B",null,"M","M","M","T","?","R","E","$","T","M","R","$","M","E","R","B",null,"M","$","?","T","?","E","$","E"],"character_chosen":"IRONCLAD","items_purchased":["Pen Nib","Boot","Cleave","Flex","The Bomb","Red Skull","TungstenRod","Vajra","Toy Ornithopter","HandDrill","Toolbox"],"campfire_rested":3,"item_purchase_floors":[0,0,0,0,0,0,25,25,29,36,41],"current_hp_per_floor":[55,61,61,61,80,80,63,69,69,66,63,36,39,39,63,56,80,78,78,73,73,73,73,59,59,59,30,54,54,59,59,80,53,80,80,80,80,80,48,25,25,0,0],"gold":88,"neow_bonus":"","is_daily":false,"chose_seed":false,"campfire_upgraded":2,"win_rate":0.0,"timestamp":1609519871,"path_taken":["M","M","?","?","?","R","E","M","T","E","M","E","M","?","R","BOSS","M","?","?","?","?","R","E","$","T","M","R","$","M","E","R","BOSS","M","$","?","?","?","E","?","E"],"items_purchased_type":["Relic","Relic","Card","Card","Card","Relic","Relic","Relic","Relic","Relic","Relic"],"build_version":"2020-12-22","purchased_purges":0,"victory":false,"max_hp_per_floor":[80,80,80,80,80,80,80,80,80,80,80,80,80,80,80,80,80,80,80,80,80,80,80,80,80,80,80,80,80,80,80,80,80,80,80,80,80,80,80,80,80,80,80],"relic_stats":{"Happy Flower":[29],"counters":[94,397],"Astrolabe":["Regret","Limit Break","Armaments"],"Pen Nib":[17],"PreservedInsect":213,"War Paint":["Defend_R","Defend_R"],"Boot":[31],"Burning Blood":524,"Mercury Hourglass":[53],"Blood Vial":22,"SsserpentHead":400,"Dream Catcher":7,"HandDrill":[0],"Kunai":[24],"obtain_stats":[{"CeramicFish":26,"Vajra":6,"Spirit Poop":3,"Boot":0,"Sozu":34,"Blood Vial":10,"Centennial Puzzle":13,"HornCleat":24,"DollysMirror":19,"MealTicket":36,"Fusion Hammer":17,"Necronomicon":22,"HandDrill":36,"Kunai":12,"Pear":9,"Happy Flower":26,"Blue Candle":27,"Astrolabe":17,"Oddly Smooth Stone":36,"Eternal Feather":9,"Pen Nib":4,"Charon\u0027s Ashes":9,"Letter Opener":0,"War Paint":7,"WarpedTongs":28,"Du-Vu Doll":31,"SlaversCollar":17,"Bottled Flame":28,"Bird Faced Urn":6,"MutagenicStrength":25,"Mark of Pain":0,"Black Star":17,"Nloth\u0027s Gift":28,"Unceasing Top":39,"Darkstone Periapt":11,"Lantern":29,"Regal Pillow":8,"Magic Flower":24,"Mango":21,"Bag of Preparation":8,"Ancient Tea Set":3,"Empty Cage":34,"Burning Blood":0,"ClockworkSouvenir":27,"SsserpentHead":14,"Dream Catcher":0,"Matryoshka":25,"Mummified Hand":21,"Toolbox":41,"Tiny Chest":26,"WingedGreaves":23,"Red Mask":37,"InkBottle":10,"Red Skull":12,"Runic Pyramid":17,"Potion Belt":8,"Golden Idol":5,"The Courier":6,"PreservedInsect":22,"Odd Mushroom":10,"Orichalcum":26,"Mercury Hourglass":36,"Peace Pipe":0,"CaptainsWheel":27,"Anchor":31,"Ornamental Fan":14,"Orrery":42,"Turnip":10,"Art of War":21,"Champion Belt":22,"Toy Ornithopter":28,"TungstenRod":25},{"CeramicFish":11,"Vajra":4,"Spirit Poop":38,"Boot":72,"Sozu":50,"Blood Vial":56,"Centennial Puzzle":8,"HornCleat":11,"DollysMirror":46,"MealTicket":66,"Fusion Hammer":59,"Necronomicon":62,"HandDrill":91,"Kunai":18,"Pear":6,"Happy Flower":29,"Blue Candle":12,"Astrolabe":82,"Oddly Smooth Stone":66,"Eternal Feather":17,"Pen Nib":20,"Charon\u0027s Ashes":56,"Letter Opener":52,"War Paint":76,"WarpedTongs":63,"Du-Vu Doll":64,"SlaversCollar":28,"Bottled Flame":48,"Bird Faced Urn":55,"MutagenicStrength":63,"Mark of Pain":19,"Black Star":9,"Nloth\u0027s Gift":30,"Unceasing Top":92,"Darkstone Periapt":41,"Lantern":31,"Regal Pillow":41,"Magic Flower":11,"Mango":29,"Bag of Preparation":23,"Ancient Tea Set":20,"Empty Cage":65,"Burning Blood":0,"ClockworkSouvenir":63,"SsserpentHead":81,"Dream Catcher":14,"Matryoshka":29,"Mummified Hand":29,"Toolbox":93,"Tiny Chest":63,"WingedGreaves":63,"Red Mask":91,"InkBottle":7,"Red Skull":8,"Runic Pyramid":45,"Potion Belt":6,"Golden Idol":16,"The Courier":22,"PreservedInsect":29,"Odd Mushroom":18,"Orichalcum":46,"Mercury Hourglass":35,"Peace Pipe":14,"CaptainsWheel":12,"Anchor":89,"Ornamental Fan":44,"Orrery":69,"Turnip":24,"Art of War":29,"Champion Belt":10,"Toy Ornithopter":12,"TungstenRod":86},{"CeramicFish":51,"Vajra":13,"Spirit Poop":164,"Boot":307,"Sozu":215,"Blood Vial":238,"Centennial Puzzle":33,"HornCleat":51,"DollysMirror":196,"MealTicket":284,"Fusion Hammer":255,"Necronomicon":265,"HandDrill":381,"Kunai":88,"Pear":25,"Happy Flower":122,"Blue Candle":59,"Astrolabe":343,"Oddly Smooth Stone":284,"Eternal Feather":83,"Pen Nib":92,"Charon\u0027s Ashes":238,"Letter Opener":223,"War Paint":320,"WarpedTongs":270,"Du-Vu Doll":273,"SlaversCollar":118,"Bottled Flame":203,"Bird Faced Urn":235,"MutagenicStrength":270,"Mark of Pain":89,"Black Star":40,"Nloth\u0027s Gift":125,"Unceasing Top":387,"Darkstone Periapt":176,"Lantern":128,"Regal Pillow":176,"Magic Flower":51,"Mango":122,"Bag of Preparation":101,"Ancient Tea Set":92,"Empty Cage":281,"Burning Blood":0,"ClockworkSouvenir":270,"SsserpentHead":337,"Dream Catcher":65,"Matryoshka":122,"Mummified Hand":122,"Toolbox":392,"Tiny Chest":270,"WingedGreaves":270,"Red Mask":381,"InkBottle":30,"Red Skull":33,"Runic Pyramid":192,"Potion Belt":25,"Golden Idol":76,"The Courier":97,"PreservedInsect":122,"Odd Mushroom":88,"Orichalcum":196,"Mercury Hourglass":150,"Peace Pipe":65,"CaptainsWheel":59,"Anchor":372,"Ornamental Fan":183,"Orrery":294,"Turnip":104,"Art of War":122,"Champion Belt":45,"Toy Ornithopter":59,"TungstenRod":360}],"TungstenRod":24,"Toy Ornithopter":15,"Unceasing Top":[2]},"card_choices":[{"not_picked":["Entrench","Seeing Red"],"picked":"Armaments","floor":1},{"not_picked":["Cleave","Iron Wave"],"picked":"Reckless Charge","floor":2},{"not_picked":["Whirlwind","Ghostly Armor"],"picked":"Anger","floor":4},{"not_picked":["Intimidate","Iron Wave"],"picked":"Wild Strike","floor":7},{"not_picked":["Body Slam","Whirlwind"],"picked":"Twin Strike","floor":8},{"not_picked":["Clash","Headbutt"],"picked":"Inflame","floor":10},{"not_picked":["Iron Wave","Warcry"],"picked":"Reckless Charge","floor":11},{"not_picked":["Twin Strike","Headbutt"],"picked":"Iron Wave","floor":12},{"not_picked":["Entrench","Brutality"],"picked":"Power Through","floor":13},{"not_picked":["Impervious","Fiend Fire"],"picked":"Demon Form","floor":16},{"not_picked":["Feel No Pain","Perfected Strike+1"],"picked":"Power Through+1","floor":18},{"not_picked":["Body Slam","Headbutt"],"picked":"Sword Boomerang","floor":19},{"not_picked":["Flex","Clothesline"],"picked":"Metallicize","floor":20},{"not_picked":["Battle Trance","Hemokinesis"],"picked":"Immolate","floor":24},{"not_picked":["Body Slam+1","Armaments"],"picked":"Anger","floor":27},{"not_picked":["Clothesline","Feel No Pain"],"picked":"Heavy Blade","floor":28},{"not_picked":["True Grit+1","Evolve"],"picked":"Spot Weakness","floor":30},{"not_picked":["Sword Boomerang","Bloodletting"],"picked":"Immolate","floor":31},{"not_picked":["Headbutt","Havoc"],"picked":"Dropkick","floor":32},{"not_picked":["Feed","Exhume"],"picked":"Juggernaut","floor":33},{"not_picked":["Sword Boomerang+1","Twin Strike+1"],"picked":"Clash+1","floor":35},{"not_picked":["Seeing Red","Rampage+1"],"picked":"Inflame","floor":39},{"not_picked":["Pummel+1","Dual Wield"],"picked":"Flame Barrier+1","floor":40}],"player_experience":200479,"relics_obtained":[{"floor":7,"key":"War Paint"},{"floor":9,"key":"Happy Flower"},{"floor":10,"key":"Kunai"},{"floor":12,"key":"Oddly Smooth Stone"},{"floor":21,"key":"Ancient Tea Set"},{"floor":24,"key":"Dream Catcher"},{"floor":26,"key":"PreservedInsect"},{"floor":31,"key":"Anchor"},{"floor":38,"key":"Mercury Hourglass"},{"floor":39,"key":"Unceasing Top"},{"floor":40,"key":"Blood Vial"}],"event_choices":[{"damage_healed":0,"gold_gain":0,"player_choice":"3 cards matched","damage_taken":0,"max_hp_gain":0,"max_hp_loss":0,"event_name":"Match and Keep!","floor":3,"gold_loss":0,"cards_obtained":["Offering","Pain","Mind Blast"]},{"damage_healed":0,"gold_gain":0,"player_choice":"3 cards matched","damage_taken":0,"max_hp_gain":0,"max_hp_loss":0,"event_name":"Match and Keep!","floor":3,"gold_loss":0,"cards_obtained":["Offering","Pain","Mind Blast"]},{"damage_healed":20,"gold_gain":0,"player_choice":"Healed","damage_taken":0,"max_hp_gain":0,"max_hp_loss":0,"event_name":"The Cleric","floor":5,"gold_loss":35},{"damage_healed":0,"gold_gain":0,"player_choice":"Trade","damage_taken":0,"relics_obtained":["SsserpentHead"],"max_hp_gain":0,"max_hp_loss":0,"event_name":"FaceTrader","floor":14,"gold_loss":0},{"cards_removed":["Regret"],"damage_healed":0,"gold_gain":0,"player_choice":"Elegance","damage_taken":0,"max_hp_gain":0,"max_hp_loss":0,"event_name":"Back to Basics","floor":22,"gold_loss":0},{"damage_healed":0,"gold_gain":0,"player_choice":"Paid","damage_taken":0,"relics_obtained":["Red Mask"],"max_hp_gain":0,"max_hp_loss":0,"event_name":"Tomb of Lord Red Mask","floor":37,"gold_loss":138},{"damage_healed":0,"gold_gain":0,"player_choice":"Fight","damage_taken":0,"max_hp_gain":0,"max_hp_loss":0,"event_name":"Mysterious Sphere","floor":39,"gold_loss":0}],"is_beta":false,"boss_relics":[{"not_picked":["Pandora\u0027s Box","SacredBark"],"picked":"Astrolabe"},{"not_picked":["Coffee Dripper","Empty Cage"],"picked":"Mark of Pain"}],"items_purged_floors":[],"is_endless":false,"potions_floor_spawned":[1,4,8,10,12,20,30,33,35,39],"killed_by":"Giant Head","ascension_level":2}}