{"host":"sc0o2qwpf9j16a4i","time":1609534958,"event":{"mods":["AchievementEnabler","BaseMod","BetterRewards","Block Reminder","Colored Map","Colored Powertips","Custom Start","Highlight Path","Minty Spire (QoL Compilation)","Relic Stats"],"gold_per_floor":[110,185,202,202,254,254,269,289,338,374,374,395,395,434,434,524,524,568,175,219,219,219,219,288,288,288,288,333,371,371,412,412,502,502,545,64,87,138,138,138,187,187,187,187,520,577,621,621,621,651,651],"floor_reached":50,"playtime":1836,"items_purged":["Strike_P"],"score":1440,"play_id":"7cb59eac-e41d-468d-aef1-b3bc516e1763","local_time":"20210101230238","is_ascension_mode":true,"campfire_choices":[{"data":"BattleHymn","floor":6,"key":"SMITH"},{"floor":11,"key":"REST"},{"data":"MentalFortress","floor":15,"key":"SMITH"},{"floor":23,"key":"REST"},{"data":"Vault","floor":25,"key":"SMITH"},{"floor":27,"key":"REST"},{"data":"Wish","floor":30,"key":"SMITH"},{"floor":32,"key":"REST"},{"floor":40,"key":"REST"},{"floor":42,"key":"REST"},{"floor":44,"key":"RECALL"},{"floor":49,"key":"REST"}],"circlet_count":0,"master_deck":["AscendersBane","Defend_P+1","Defend_P","Defend_P+1","Eruption+1","Vigilance+1","MentalFortress+1","FearNoEvil","BattleHymn+1","Halt","Meditate","FlyingSleeves","Wish+1","Crescendo","Vault+1","Prostrate","Devotion","Protect+1","DevaForm","Crescendo+1","Adaptation","Vault+1"],"relics":["PureWater","Blood Vial","Orichalcum","PreservedInsect","War Paint","Bag of Preparation","Lee\u0027s Waffle","Singing Bowl","Vajra","Shovel","Happy Flower","Black Star","Medical Kit","Art of War","Bottled Lightning","Letter Opener","Darkstone Periapt","Calipers","Empty Cage","Anchor","Girya","Question Card","Bronze Scales","Damaru"],"acts_visited":["Exordium","TheCity","TheBeyond"],"potions_floor_usage":[10,16,22,24,38,38],"damage_taken":[{"damage":2,"enemies":"Small Slimes","floor":1,"turns":4},{"damage":10,"enemies":"2 Louse","floor":3,"turns":3},{"damage":0,"enemies":"Jaw Worm","floor":7,"turns":5},{"damage":4,"enemies":"Large Slime","floor":8,"turns":4},{"damage":21,"enemies":"3 Sentries","floor":10,"turns":5},{"damage":0,"enemies":"Lots of Slimes","floor":12,"turns":4},{"damage":0,"enemies":"Lagavulin","floor":14,"turns":3},{"damage":8,"enemies":"The Guardian","floor":16,"turns":9},{"damage":24,"enemies":"Shell Parasite","floor":18,"turns":6},{"damage":15,"enemies":"2 Thieves","floor":20,"turns":5},{"damage":0,"enemies":"Shelled Parasite and Fungi","floor":22,"turns":1},{"damage":8,"enemies":"Gremlin Leader","floor":24,"turns":6},{"damage":2,"enemies":"Centurion and Healer","floor":28,"turns":6},{"damage":12,"enemies":"3 Cultists","floor":29,"turns":6},{"damage":20,"enemies":"Book of Stabbing","floor":31,"turns":5},{"damage":41,"enemies":"Champ","floor":33,"turns":8},{"damage":10,"enemies":"Orb Walker","floor":35,"turns":4},{"damage":0,"enemies":"3 Shapes","floor":37,"turns":4},{"damage":65,"enemies":"Writhing Mass","floor":38,"turns":7},{"damage":0,"enemies":"4 Shapes","floor":41,"turns":7},{"damage":30,"enemies":"Nemesis","floor":46,"turns":7},{"damage":9,"enemies":"Maw","floor":47,"turns":7},{"damage":66,"enemies":"Time Eater","floor":50,"turns":9}],"seed_played":"-5287434648439698429","potions_obtained":[{"floor":3,"key":"PowerPotion"},{"floor":10,"key":"SmokeBomb"},{"floor":12,"key":"DistilledChaos"},{"floor":16,"key":"BottledMiracle"},{"floor":29,"key":"SpeedPotion"},{"floor":33,"key":"SkillPotion"},{"floor":41,"key":"FearPotion"},{"floor":47,"key":"BottledMiracle"}],"is_trial":false,"path_per_floor":["M","?","M","?","T","R","M","M","T","E","R","M","?","E","R","B",null,"M","$","M","?","M","R","E","R","T","R","M","M","R","E","R","B",null,"M","$","M","M","?","R","M","R","T","R","?","E","M","?","R","B"],"character_chosen":"WATCHER","items_purchased":["MentalFortress","Blood Vial","Orichalcum","PreservedInsect","War Paint","Bag of Preparation","Lee\u0027s Waffle","Singing Bowl","Vault","Medical Kit","Anchor","Girya"],"campfire_rested":7,"item_purchase_floors":[0,0,0,0,0,0,0,0,19,19,36,36],"current_hp_per_floor":[73,62,54,54,54,54,56,56,56,37,58,60,39,43,43,37,63,41,41,30,30,32,54,48,48,48,70,72,64,64,48,72,33,68,60,60,64,1,1,25,29,54,54,54,54,28,23,23,49,0,0],"gold":651,"neow_bonus":"","is_daily":false,"chose_seed":false,"campfire_upgraded":4,"win_rate":0.0,"timestamp":1609534958,"path_taken":["M","?","M","?","?","R","M","M","T","E","R","M","?","E","R","BOSS","M","$","M","?","M","R","E","R","T","R","M","M","R","E","R","BOSS","M","$","M","M","?","R","?","R","T","R","?","E","M","?","R","BOSS"],"items_purchased_type":["Card","Relic","Relic","Relic","Relic","Relic","Relic","Relic","Card","Relic","Relic","Relic"],"build_version":"2020-12-22","purchased_purges":1,"victory":false,"max_hp_per_floor":[75,75,75,68,68,68,68,70,70,70,70,70,70,72,72,72,72,72,72,74,74,74,74,74,74,74,74,76,78,78,80,80,80,80,80,80,82,82,82,82,84,84,84,84,84,86,88,88,88,88,88],"relic_stats":{"Darkstone Periapt":0,"Lee\u0027s Waffle":56,"Singing Bowl":20,"Happy Flower":[32],"counters":[66,374],"PreservedInsect":618,"Bag of Preparation":[46],"Letter Opener":[133],"Orichalcum":[288],"War Paint":["Defend_P","Vigilance"],"Medical Kit":[7],"Question Card":3,"Blood Vial":48,"Shovel":0,"Bronze Scales":[290],"Black Star":3,"Art of War":[21],"obtain_stats":[{"Darkstone Periapt":31,"Calipers":31,"Singing Bowl":0,"SacredBark":34,"Vajra":0,"Bag of Preparation":0,"TeardropLocket":39,"Sling":0,"Boot":11,"Ancient Tea Set":26,"Empty Cage":34,"ClockworkSouvenir":0,"Blood Vial":47,"Centennial Puzzle":9,"Lizard Tail":24,"HornCleat":20,"Shovel":10,"DollysMirror":20,"Fusion Hammer":17,"Necronomicon":24,"Kunai":30,"Toxic Egg 2":20,"Potion Belt":7,"Girya":36,"Lee\u0027s Waffle":0,"Pear":38,"Happy Flower":14,"Golden Idol":4,"Dead Branch":37,"Oddly Smooth Stone":7,"Damaru":30,"The Courier":13,"PreservedInsect":26,"Letter Opener":26,"War Paint":9,"Orichalcum":0,"Medical Kit":19,"Question Card":43,"White Beast Statue":10,"Anchor":36,"Busted Crown":34,"Bronze Scales":41,"Snecko Eye":17,"Bag of Marbles":12,"Black Star":17,"Art of War":24,"Bottled Lightning":23,"PureWater":0},{"Darkstone Periapt":58,"Calipers":58,"Singing Bowl":43,"SacredBark":36,"Vajra":19,"Bag of Preparation":43,"TeardropLocket":18,"Sling":19,"Boot":25,"Ancient Tea Set":32,"Empty Cage":59,"ClockworkSouvenir":19,"Blood Vial":41,"Centennial Puzzle":23,"Lizard Tail":32,"HornCleat":8,"Shovel":48,"DollysMirror":29,"Fusion Hammer":28,"Necronomicon":10,"Kunai":13,"Toxic Egg 2":8,"Potion Belt":23,"Girya":60,"Lee\u0027s Waffle":43,"Pear":37,"Happy Flower":50,"Golden Idol":45,"Dead Branch":17,"Oddly Smooth Stone":4,"Damaru":34,"The Courier":5,"PreservedInsect":10,"Letter Opener":55,"War Paint":4,"Orichalcum":19,"Medical Kit":52,"Question Card":63,"White Beast Statue":4,"Anchor":60,"Busted Crown":15,"Bronze Scales":39,"Snecko Eye":7,"Bag of Marbles":5,"Black Star":51,"Art of War":55,"Bottled Lightning":10,"PureWater":0},{"Darkstone Periapt":321,"Calipers":321,"Singing Bowl":249,"SacredBark":174,"Vajra":75,"Bag of Preparation":249,"TeardropLocket":72,"Sling":75,"Boot":97,"Ancient Tea Set":140,"Empty Cage":329,"ClockworkSouvenir":75,"Blood Vial":212,"Centennial Puzzle":89,"Lizard Tail":140,"HornCleat":31,"Shovel":270,"DollysMirror":121,"Fusion Hammer":114,"Necronomicon":38,"Kunai":47,"Toxic Egg 2":31,"Potion Belt":89,"Girya":333,"Lee\u0027s Waffle":249,"Pear":183,"Happy Flower":277,"Golden Idol":256,"Dead Branch":63,"Oddly Smooth Stone":13,"Damaru":155,"The Courier":20,"PreservedInsect":38,"Letter Opener":304,"War Paint":13,"Orichalcum":75,"Medical Kit":292,"Question Card":351,"White Beast Statue":13,"Anchor":333,"Busted Crown":56,"Bronze Scales":196,"Snecko Eye":29,"Bag of Marbles":20,"Black Star":286,"Art of War":304,"Bottled Lightning":38,"PureWater":0}]},"card_choices":[{"not_picked":["Evaluate","Swivel"],"picked":"FearNoEvil","floor":1},{"not_picked":["Consecrate","FlyingSleeves"],"picked":"BattleHymn","floor":3},{"not_picked":["FlyingSleeves","Sanctity"],"picked":"Halt","floor":7},{"not_picked":["Pray","PathToVictory","WreathOfFlame"],"picked":"Singing Bowl","floor":8},{"not_picked":["Evaluate","ReachHeaven"],"picked":"Meditate","floor":10},{"not_picked":["SignatureMove","TalkToTheHand"],"picked":"FlyingSleeves","floor":12},{"not_picked":["CutThroughFate","EmptyBody","Conclude"],"picked":"Singing Bowl","floor":14},{"not_picked":["ConjureBlade","Ragnarok"],"picked":"Wish","floor":16},{"not_picked":["Prostrate","ClearTheMind"],"picked":"Crescendo","floor":18},{"not_picked":["FollowUp","Sanctity","CutThroughFate"],"picked":"Singing Bowl","floor":20},{"not_picked":["SashWhip","SandsOfTime"],"picked":"Protect+1","floor":24},{"not_picked":["ThirdEye+1","EmptyBody","Halt+1"],"picked":"Singing Bowl","floor":28},{"not_picked":["ThirdEye","WreathOfFlame","SashWhip"],"picked":"Singing Bowl","floor":29},{"not_picked":["CutThroughFate","Wireheading","Study+1"],"picked":"Singing Bowl","floor":31},{"not_picked":["MasterReality","Blasphemy"],"picked":"DevaForm","floor":33},{"not_picked":["ThirdEye+1","Conclude"],"picked":"Crescendo+1","floor":35},{"not_picked":["Evaluate","FearNoEvil","FlyingSleeves"],"picked":"Singing Bowl","floor":37},{"not_picked":["CrushJoints","Crescendo"],"picked":"Adaptation","floor":38},{"not_picked":["JustLucky+1","WheelKick","Evaluate"],"picked":"Singing Bowl","floor":41},{"not_picked":["PathToVictory","DevaForm","Wireheading","BowlingBash"],"picked":"Singing Bowl","floor":46},{"not_picked":["Vengeance","CrushJoints","EmptyFist+1","BowlingBash"],"picked":"Singing Bowl","floor":47}],"player_experience":495356,"relics_obtained":[{"floor":9,"key":"Vajra"},{"floor":10,"key":"Shovel"},{"floor":14,"key":"Happy Flower"},{"floor":24,"key":"Art of War"},{"floor":24,"key":"Bottled Lightning"},{"floor":26,"key":"Letter Opener"},{"floor":31,"key":"Darkstone Periapt"},{"floor":31,"key":"Calipers"},{"floor":43,"key":"Question Card"},{"floor":46,"key":"Bronze Scales"},{"floor":46,"key":"Damaru"}],"event_choices":[{"damage_healed":0,"gold_gain":75,"player_choice":"Gather Gold","damage_taken":11,"max_hp_gain":0,"max_hp_loss":0,"event_name":"World of Goop","floor":2,"gold_loss":0},{"damage_healed":0,"gold_gain":0,"player_choice":"Lose Max HP","damage_taken":0,"relics_obtained":["Golden Idol"],"max_hp_gain":0,"max_hp_loss":7,"event_name":"Golden Idol","floor":4,"gold_loss":0},{"damage_healed":0,"gold_gain":0,"player_choice":"Entered Light","damage_taken":21,"max_hp_gain":0,"max_hp_loss":0,"event_name":"Shining Light","floor":13,"gold_loss":0,"cards_upgraded":["Eruption","Defend_P"]},{"damage_healed":0,"gold_gain":0,"cards_transformed":["Strike_P","Strike_P"],"player_choice":"Became Test Subject","damage_taken":0,"max_hp_gain":0,"max_hp_loss":0,"event_name":"Drug Dealer","floor":21,"gold_loss":0,"cards_obtained":["Prostrate","Devotion"]},{"damage_healed":0,"gold_gain":0,"player_choice":"Copied","damage_taken":0,"max_hp_gain":0,"max_hp_loss":0,"event_name":"Duplicator","floor":39,"gold_loss":0,"cards_obtained":["Vault"]},{"damage_healed":0,"gold_gain":333,"player_choice":"Gave Idol","damage_taken":0,"max_hp_gain":0,"max_hp_loss":0,"event_name":"The Moai Head","floor":45,"relics_lost":["Golden Idol"],"gold_loss":0},{"damage_healed":0,"gold_gain":0,"player_choice":"Ignored","damage_taken":0,"max_hp_gain":0,"max_hp_loss":0,"event_name":"Mysterious Sphere","floor":48,"gold_loss":0}],"is_beta":false,"boss_relics":[{"not_picked":["Calling Bell","Runic Dome"],"picked":"Black Star"},{"not_picked":["SacredBark","Tiny House"],"picked":"Empty Cage"}],"items_purged_floors":[19],"is_endless":false,"potions_floor_spawned":[3,10,12,16,20,29,33,41,47],"killed_by":"Time Eater","ascension_level":20}}