{"host":"873t0y8ybyo38pfq","time":1609541815,"event":{"mods":["BaseMod","Bestiary","Colored Map","Colored Powertips","Highlight Path","Minty Spire (QoL Compilation)","Quick Restart","RNG Fix","Rare Cards Sparkle","Relic Stats","StSLib"],"gold_per_floor":[114,124,224,224,4,4,31,306,331,349,349,1,19,50,50,50,50],"floor_reached":16,"playtime":386,"items_purged":[],"score":266,"play_id":"1ae5c24e-51ad-47d3-9ef5-a7af354da604","local_time":"20210101175655","is_ascension_mode":true,"campfire_choices":[{"data":"Zap","floor":6,"key":"SMITH"},{"data":"Hello World","floor":15,"key":"SMITH"}],"circlet_count":0,"master_deck":["AscendersBane","Strike_B","Strike_B","Strike_B","Strike_B","Defend_B","Defend_B","Defend_B","Defend_B","Zap+1","Dualcast","Conserve Battery","Hello World+1","Self Repair","Coolheaded","Master of Strategy","Go for the Eyes","Skim"],"relics":["Cracked Core","NeowsBlessing","Anchor","Omamori","Mummified Hand","Bronze Scales","Golden Idol","Strange Spoon","Bird Faced Urn"],"acts_visited":["Exordium"],"potions_floor_usage":[14],"damage_taken":[{"damage":0,"enemies":"Small Slimes","floor":1,"turns":1},{"damage":0,"enemies":"Jaw Worm","floor":2,"turns":1},{"damage":0,"enemies":"3 Sentries","floor":7,"turns":1},{"damage":0,"enemies":"2 Louse","floor":10,"turns":2},{"damage":12,"enemies":"Large Slime","floor":13,"turns":4},{"damage":28,"enemies":"Gremlin Nob","floor":14,"turns":4},{"damage":43,"enemies":"Hexaghost","floor":16,"turns":9}],"seed_played":"3497335028185255545","potions_obtained":[{"floor":1,"key":"FearPotion"},{"floor":7,"key":"DistilledChaos"},{"floor":14,"key":"Weak Potion"}],"is_trial":false,"path_per_floor":["M","M","?","?","$","R","E","?","T","M","?","$","M","E","R","B"],"character_chosen":"DEFECT","items_purchased":["Omamori","Fire Potion","Master of Strategy","Strange Spoon"],"campfire_rested":0,"item_purchase_floors":[5,5,12,12],"current_hp_per_floor":[64,64,64,64,64,64,64,64,64,71,64,64,59,38,38,0,0],"gold":50,"neow_bonus":"THREE_ENEMY_KILL","is_daily":false,"chose_seed":false,"campfire_upgraded":2,"win_rate":0.0,"timestamp":1609541815,"path_taken":["M","M","?","?","$","R","E","?","T","M","?","?","?","E","R","BOSS"],"items_purchased_type":["Relic","Potion","Card","Relic"],"build_version":"2020-12-22","purchased_purges":0,"victory":false,"max_hp_per_floor":[71,71,71,71,71,71,71,71,71,71,64,64,64,64,64,64,64],"relic_stats":{"Strange Spoon":[1],"counters":[7,22],"Mummified Hand":[7],"Golden Idol":10,"Bronze Scales":[69],"Bird Faced Urn":[4],"obtain_stats":[{"Strange Spoon":12,"Anchor":4,"NeowsBlessing":0,"Mummified Hand":7,"Golden Idol":11,"Bronze Scales":9,"Bird Faced Urn":14,"Omamori":5,"Cracked Core":0},{"Strange Spoon":4,"Anchor":2,"NeowsBlessing":0,"Mummified Hand":3,"Golden Idol":4,"Bronze Scales":3,"Bird Faced Urn":6,"Omamori":2,"Cracked Core":0},{"Strange Spoon":5,"Anchor":2,"NeowsBlessing":0,"Mummified Hand":3,"Golden Idol":5,"Bronze Scales":3,"Bird Faced Urn":13,"Omamori":2,"Cracked Core":0}]},"card_choices":[{"not_picked":["Stack","Reinforced Body"],"picked":"Conserve Battery","floor":1},{"not_picked":["Go for the Eyes","Beam Cell"],"picked":"Hello World","floor":2},{"not_picked":["Hologram","FTL"],"picked":"Self Repair","floor":7},{"not_picked":["Chill","Go for the Eyes"],"picked":"Coolheaded","floor":10},{"not_picked":["Coolheaded","Lockon"],"picked":"Go for the Eyes","floor":13},{"not_picked":["Rebound","Compile Driver"],"picked":"Skim","floor":14}],"player_experience":1477344,"relics_obtained":[{"floor":7,"key":"Mummified Hand"},{"floor":9,"key":"Bronze Scales"},{"floor":14,"key":"Bird Faced Urn"}],"event_choices":[{"damage_healed":0,"gold_gain":100,"player_choice":"Gold","damage_taken":0,"max_hp_gain":0,"max_hp_loss":0,"event_name":"Wheel of Change","floor":3,"gold_loss":0},{"damage_healed":0,"gold_gain":0,"player_choice":"Gave Potion","damage_taken":0,"relics_obtained":["Anchor"],"max_hp_gain":0,"max_hp_loss":0,"event_name":"WeMeetAgain","floor":4,"gold_loss":0},{"damage_healed":0,"gold_gain":275,"player_choice":"Desecrate","damage_taken":0,"max_hp_gain":0,"max_hp_loss":0,"event_name":"Golden Shrine","floor":8,"gold_loss":0,"cards_obtained":["Regret"]},{"damage_healed":0,"gold_gain":0,"player_choice":"Lose Max HP","damage_taken":0,"relics_obtained":["Golden Idol"],"max_hp_gain":0,"max_hp_loss":7,"event_name":"Golden Idol","floor":11,"gold_loss":0}],"is_beta":false,"boss_relics":[],"items_purged_floors":[],"is_endless":false,"potions_floor_spawned":[1,7,14],"killed_by":"Hexaghost","ascension_level":20}}