{"host":"qxeepl7ydvsgmfdb","time":1609504930,"event":{"mods":["AchievementEnabler","BaseMod","Colored Powertips","Minty Spire (QoL Compilation)","Quick Restart","slay the spire mod where everything is the same but ironclad has a cowboy hat"],"gold_per_floor":[115,115,115,115,128,128,128,171,251,251,275,356,83,118,118,243,243,263,263,287,287,308,308,308],"floor_reached":23,"playtime":588,"items_purged":[],"score":244,"play_id":"40b0f197-9fba-419d-8826-b274b46e8fbd","local_time":"20210101074210","is_ascension_mode":true,"campfire_choices":[{"data":"Zap","floor":6,"key":"SMITH"},{"data":"Dualcast","floor":10,"key":"SMITH"},{"floor":15,"key":"REST"}],"circlet_count":0,"master_deck":["Strike_B","Strike_B","Strike_B+1","Defend_B+1","Defend_B","Defend_B","Defend_B","Zap+1","Dualcast+1","Chill","BootSequence","Defragment","Redo","White Noise","Ball Lightning"],"relics":["Cracked Core","NeowsBlessing","Ancient Tea Set","Golden Idol","Juzu Bracelet","InkBottle","Lantern","Regal Pillow","Happy Flower","Nuclear Battery","SsserpentHead"],"acts_visited":["Exordium","TheCity"],"potions_floor_usage":[1,16,16,22,22,22],"damage_taken":[{"damage":0,"enemies":"Cultist","floor":1,"turns":1},{"damage":0,"enemies":"2 Louse","floor":5,"turns":1},{"damage":0,"enemies":"Lagavulin","floor":8,"turns":1},{"damage":0,"enemies":"Jaw Worm","floor":11,"turns":2},{"damage":29,"enemies":"Gremlin Nob","floor":12,"turns":4},{"damage":7,"enemies":"Gremlin Nob","floor":14,"turns":4},{"damage":16,"enemies":"Slime Boss","floor":16,"turns":7},{"damage":21,"enemies":"Shell Parasite","floor":18,"turns":5},{"damage":19,"enemies":"Spheric Guardian","floor":20,"turns":6},{"damage":9,"enemies":"Snake Plant","floor":22,"turns":3},{"damage":26,"enemies":"Gremlin Leader","floor":23,"turns":3}],"seed_played":"-1374171290115909849","potions_obtained":[{"floor":1,"key":"Fruit Juice"},{"floor":11,"key":"GamblersBrew"},{"floor":14,"key":"SkillPotion"},{"floor":16,"key":"AttackPotion"},{"floor":18,"key":"Swift Potion"},{"floor":20,"key":"Fire Potion"},{"floor":22,"key":"SpeedPotion"}],"is_trial":false,"path_per_floor":["M","?","?","?","M","R","?","E","T","R","M","?","$","E","R","B",null,"M","?","M","?","M","E"],"character_chosen":"DEFECT","items_purchased":["Defragment","Regal Pillow","Redo"],"campfire_rested":1,"item_purchase_floors":[13,13,13],"current_hp_per_floor":[80,64,57,50,50,50,50,50,50,50,50,21,21,14,51,35,74,53,53,34,34,25,0,0],"gold":308,"neow_bonus":"THREE_ENEMY_KILL","is_daily":false,"chose_seed":false,"campfire_upgraded":2,"win_rate":0.0,"timestamp":1609504930,"path_taken":["M","?","?","?","M","R","?","E","T","R","M","?","$","E","R","BOSS","M","?","M","?","M","E"],"items_purchased_type":["Card","Relic","Card"],"build_version":"2020-12-22","purchased_purges":0,"victory":false,"max_hp_per_floor":[80,80,80,80,80,80,74,74,74,74,74,74,74,74,74,74,74,74,74,74,74,74,74,74],"card_choices":[{"not_picked":["Skim","Barrage","Steam"],"picked":"SKIP","floor":1},{"not_picked":["Beam Cell","Turbo","Multi-Cast"],"picked":"SKIP","floor":5},{"not_picked":["Rip and Tear","Gash","Go for the Eyes"],"picked":"SKIP","floor":8},{"not_picked":["Go for the Eyes","Recycle"],"picked":"Chill","floor":11},{"not_picked":["Storm","Hologram"],"picked":"BootSequence","floor":12},{"not_picked":["Blizzard","Redo"],"picked":"White Noise","floor":14},{"not_picked":["Skim+1","Undo","Stack+1"],"picked":"SKIP","floor":18},{"not_picked":["Steam","Rebound","Storm"],"picked":"SKIP","floor":20},{"not_picked":["Gash","Barrage"],"picked":"Ball Lightning","floor":22}],"player_experience":346586,"relics_obtained":[{"floor":8,"key":"Juzu Bracelet"},{"floor":9,"key":"InkBottle"},{"floor":12,"key":"Lantern"},{"floor":14,"key":"Happy Flower"}],"event_choices":[{"damage_healed":0,"gold_gain":0,"player_choice":"Entered Light","damage_taken":16,"max_hp_gain":0,"max_hp_loss":0,"event_name":"Shining Light","floor":2,"gold_loss":0,"cards_upgraded":["Strike_B","Defend_B"]},{"damage_healed":0,"gold_gain":0,"player_choice":"Success","damage_taken":7,"relics_obtained":["Ancient Tea Set"],"max_hp_gain":0,"max_hp_loss":0,"event_name":"Scrap Ooze","floor":3,"gold_loss":0},{"cards_removed":["Strike_B"],"damage_healed":0,"gold_gain":0,"player_choice":"Card Removal","damage_taken":7,"max_hp_gain":0,"max_hp_loss":0,"event_name":"Golden Wing","floor":4,"gold_loss":0},{"damage_healed":0,"gold_gain":0,"player_choice":"Lose Max HP","damage_taken":0,"relics_obtained":["Golden Idol"],"max_hp_gain":0,"max_hp_loss":6,"event_name":"Golden Idol","floor":7,"gold_loss":0},{"damage_healed":0,"gold_gain":0,"player_choice":"Searched \u00272\u0027 times","damage_taken":0,"max_hp_gain":0,"max_hp_loss":0,"event_name":"Dead Adventurer","floor":12,"gold_loss":0},{"damage_healed":0,"gold_gain":0,"player_choice":"Ignored","damage_taken":0,"max_hp_gain":0,"max_hp_loss":0,"event_name":"Vampires","floor":19,"gold_loss":0},{"damage_healed":0,"gold_gain":0,"player_choice":"Trade","damage_taken":0,"relics_obtained":["SsserpentHead"],"max_hp_gain":0,"max_hp_loss":0,"event_name":"FaceTrader","floor":21,"gold_loss":0}],"is_beta":false,"boss_relics":[{"not_picked":["Tiny House","Calling Bell"],"picked":"Nuclear Battery"}],"items_purged_floors":[],"is_endless":false,"potions_floor_spawned":[1,11,14,16,18,20,22],"killed_by":"Gremlin Leader","ascension_level":2}}