{"host":"u2zgzag0koeblr9v","time":1609461133,"event":{"mods":["AchievementEnabler","BaseMod","Colored Map","Key Reminder","Minty Spire (QoL Compilation)"],"gold_per_floor":[112,112,132,132,132,167,180,198,198,225,206,218,36,47,47,47,47],"floor_reached":16,"playtime":704,"items_purged":[],"score":171,"play_id":"b6464fe2-ab2b-47a2-bc7b-e79c4d0f0fac","local_time":"20201231193213","is_ascension_mode":true,"campfire_choices":[{"data":"TalkToTheHand","floor":15,"key":"SMITH"}],"circlet_count":0,"master_deck":["AscendersBane","Strike_P","Strike_P","Strike_P","Strike_P","Defend_P","Defend_P","Defend_P","Defend_P","Eruption","Vigilance","Meditate","FlurryOfBlows","Consecrate","TalkToTheHand+1","CarveReality","WheelKick","Crescendo"],"relics":["Cursed Key","Mummified Hand","Yang","InkBottle","MawBank","Medical Kit"],"acts_visited":["Exordium"],"potions_floor_usage":[],"damage_taken":[{"damage":3,"enemies":"Jaw Worm","floor":1,"turns":3},{"damage":6,"enemies":"Small Slimes","floor":3,"turns":4},{"damage":52,"enemies":"3 Sentries","floor":6,"turns":15},{"damage":0,"enemies":"Cultist","floor":7,"turns":2},{"damage":0,"enemies":"2 Fungi Beasts","floor":8,"turns":3},{"damage":4,"enemies":"Lagavulin","floor":10,"turns":10},{"damage":0,"enemies":"Large Slime","floor":14,"turns":3},{"damage":3,"enemies":"The Guardian","floor":16,"turns":3}],"seed_played":"1346165186350026754","potions_obtained":[{"floor":1,"key":"LiquidBronze"},{"floor":6,"key":"SpeedPotion"},{"floor":10,"key":"LiquidMemories"}],"is_trial":false,"path_per_floor":["M","?","M","?","$","E","M","M","T","E","?","?","$","M","R","B"],"character_chosen":"WATCHER","items_purchased":["Medical Kit","WheelKick"],"campfire_rested":0,"item_purchase_floors":[13,13],"current_hp_per_floor":[62,67,61,58,58,6,6,6,6,2,2,2,2,2,2,0,0],"gold":47,"neow_bonus":"BOSS_RELIC","is_daily":false,"chose_seed":false,"campfire_upgraded":1,"win_rate":0.0,"timestamp":1609461133,"path_taken":["M","?","M","?","?","E","?","M","T","E","?","?","$","M","R","BOSS"],"items_purchased_type":["Relic","Card"],"build_version":"2020-12-22","purchased_purges":0,"victory":false,"max_hp_per_floor":[72,77,77,77,77,77,77,77,77,77,77,77,77,77,77,77,77],"card_choices":[{"not_picked":["ForeignInfluence","FlurryOfBlows"],"picked":"Meditate","floor":1},{"not_picked":["WaveOfTheHand","ThirdEye"],"picked":"FlurryOfBlows","floor":3},{"not_picked":["Wireheading","EmptyBody"],"picked":"Consecrate","floor":6},{"not_picked":["FollowUp","Protect"],"picked":"TalkToTheHand","floor":7},{"not_picked":["Wireheading","Conclude","CrushJoints"],"picked":"SKIP","floor":8},{"not_picked":["Conclude","Swivel"],"picked":"CarveReality","floor":10},{"not_picked":["Prostrate","MentalFortress"],"picked":"Crescendo","floor":14}],"player_experience":379399,"relics_obtained":[{"floor":6,"key":"Yang"},{"floor":9,"key":"InkBottle"},{"floor":10,"key":"MawBank"}],"event_choices":[{"damage_healed":0,"gold_gain":0,"player_choice":"Donut","damage_taken":0,"max_hp_gain":5,"max_hp_loss":0,"event_name":"Big Fish","floor":2,"gold_loss":0},{"damage_healed":0,"gold_gain":0,"player_choice":"Success","damage_taken":3,"relics_obtained":["Mummified Hand"],"max_hp_gain":0,"max_hp_loss":0,"event_name":"Scrap Ooze","floor":4,"gold_loss":0},{"damage_healed":0,"gold_gain":0,"player_choice":"Left Gold","damage_taken":0,"max_hp_gain":0,"max_hp_loss":0,"event_name":"World of Goop","floor":11,"gold_loss":31},{"cards_removed":["Doubt"],"damage_healed":0,"gold_gain":0,"player_choice":"Removed Curses","damage_taken":0,"max_hp_gain":0,"max_hp_loss":0,"event_name":"Fountain of Cleansing","floor":12,"gold_loss":0}],"is_beta":false,"boss_relics":[],"items_purged_floors":[],"is_endless":false,"potions_floor_spawned":[1,6,10,14],"killed_by":"The Guardian","ascension_level":11}}