{"host":"51qmnr9isyv85d0p","time":1609505602,"event":{"mods":["AchievementEnabler","BaseMod","Colored Map","Colored Powertips","Curses Come First","Downfall","Minty Spire (QoL Compilation)","Relic Stats","StSLib","TestMod","vexMod"],"gold_per_floor":[99,999,999,1016,1031,1058,1058,1083,1100,1133,1155,150,150,9417,9433,9433,9433,9433],"floor_reached":16,"playtime":932,"items_purged":["champ:Defend","champ:Strike"],"score":146,"play_id":"e765a70d-3701-4e8e-9c74-f0679f9e5769","local_time":"20210101205322","is_ascension_mode":true,"campfire_choices":[{"data":"champ:Taunt","floor":1,"key":"SMITH"},{"data":"champ:Devastate","floor":13,"key":"SMITH"}],"circlet_count":0,"master_deck":["champ:Strike","champ:Strike","champ:Strike","champ:Defend","champ:Defend","champ:Defend","champ:Execute+1","champ:Taunt+1","champ:RageSigil","champ:FaceSlap","champ:Devastate+1","champ:CalledShot+1","champ:Encircle","champ:Encircle","champ:Encircle","champ:Control+1","champ:StanceDance+1"],"relics":["champ:ChampionCrown","testmod-TestBox","testmod-SaigiyounoYou","White Beast Statue","testmod-InfectionSource","testmod-Antiphasic","MawBank","Frozen Egg 2","WingedGreaves","DollysMirror","Toxic Egg 2","testmod-IndustrialRevolution"],"acts_visited":["Exordium"],"potions_floor_usage":[10,10,10,14,15,16,16,16],"damage_taken":[{"damage":5,"enemies":"2 Louse","floor":2,"turns":3},{"damage":11,"enemies":"Cultist","floor":4,"turns":3},{"damage":12,"enemies":"Small Slimes","floor":5,"turns":4},{"damage":83,"enemies":"Lagavulin","floor":6,"turns":7},{"damage":30,"enemies":"Gremlin Nob","floor":8,"turns":4},{"damage":22,"enemies":"Red Slaver","floor":9,"turns":3},{"damage":20,"enemies":"Lagavulin","floor":10,"turns":5},{"damage":15,"enemies":"Blue Slaver","floor":11,"turns":5},{"damage":10,"enemies":"downfall:FleeingMerchant","floor":12,"turns":4},{"damage":10,"enemies":"downfall:FleeingMerchant","floor":14,"turns":4},{"damage":16,"enemies":"2 Fungi Beasts","floor":15,"turns":3},{"damage":89,"enemies":"downfall:Ironclad","floor":16,"turns":3}],"seed_played":"-6193323150030541402","potions_obtained":[{"floor":4,"key":"Energy Potion"},{"floor":8,"key":"Swift Potion"},{"floor":9,"key":"PowerPotion"},{"floor":10,"key":"BlessingOfTheForge"},{"floor":11,"key":"Weak Potion"},{"floor":12,"key":"champ:TechniquePotion"},{"floor":14,"key":"Fire Potion"},{"floor":15,"key":"Guardian:BlockOnCardUsePotion"}],"is_trial":false,"path_per_floor":["R","M","?","M","M","E","T","E","M","E","M","$","R","$","M","B"],"character_chosen":"THE_CHAMP","items_purchased":["Frozen Egg 2","WingedGreaves","champ:CalledShot+1","champ:Encircle","EssenceOfSteel","DollysMirror","champ:Encircle","Toxic Egg 2","testmod-IndustrialRevolution","champ:Control+1"],"campfire_rested":0,"item_purchase_floors":[12,12,12,12,12,12,14,14,14,14],"current_hp_per_floor":[99,99,99,95,99,48,48,44,40,39,37,39,39,47,52,0,0,0],"gold":9433,"neow_bonus":"TEN_PERCENT_HP_BONUS","is_daily":false,"chose_seed":false,"campfire_upgraded":2,"win_rate":0.0,"timestamp":1609505602,"path_taken":["R","M","?","?","M","E","T","E","M","E","M","$","R","?","M","BOSS"],"items_purchased_type":["Relic","Relic","Card","Card","Potion","Relic","Card","Relic","Relic","Card"],"build_version":"2020-12-22","purchased_purges":2,"victory":false,"max_hp_per_floor":[99,99,99,99,99,99,99,99,99,99,99,99,99,99,99,104,104,104],"relic_stats":{"counters":[12,48],"MawBank":24,"obtain_stats":[{"testmod-Antiphasic":8,"testmod-TestBox":0,"DollysMirror":12,"champ:ChampionCrown":0,"WingedGreaves":12,"testmod-InfectionSource":7,"Frozen Egg 2":12,"Toxic Egg 2":14,"testmod-SaigiyounoYou":0,"MawBank":10,"testmod-IndustrialRevolution":14,"White Beast Statue":6},{"testmod-Antiphasic":5,"testmod-TestBox":0,"DollysMirror":9,"champ:ChampionCrown":0,"WingedGreaves":9,"testmod-InfectionSource":4,"Frozen Egg 2":9,"Toxic Egg 2":10,"testmod-SaigiyounoYou":0,"MawBank":7,"testmod-IndustrialRevolution":10,"White Beast Statue":4},{"testmod-Antiphasic":21,"testmod-TestBox":0,"DollysMirror":38,"champ:ChampionCrown":0,"WingedGreaves":38,"testmod-InfectionSource":17,"Frozen Egg 2":38,"Toxic Egg 2":42,"testmod-SaigiyounoYou":0,"MawBank":29,"testmod-IndustrialRevolution":42,"White Beast Statue":17}]},"card_choices":[{"not_picked":["champ:BerserkersShout","champ:PerfectedStrike"],"picked":"champ:RageSigil","floor":2},{"not_picked":["champ:DeathBlow","champ:SwordSigil","champ:GladiatorStyle"],"picked":"SKIP","floor":4},{"not_picked":["champ:BerserkersShout","champ:Haymaker","champ:BringItOn"],"picked":"SKIP","floor":5},{"not_picked":["champ:IronFortress","champ:ShieldSlam","champ:ShieldSigil"],"picked":"SKIP","floor":6},{"not_picked":["champ:Balance","champ:Circumvent","champ:SkillfulDodge"],"picked":"SKIP","floor":8},{"not_picked":["champ:Circumvent","champ:ShieldThrow"],"picked":"champ:FaceSlap","floor":9},{"not_picked":["champ:Riposte","champ:GutPunch"],"picked":"champ:Devastate","floor":10},{"not_picked":["champ:CrookedStrike","champ:DefensiveShout","champ:Lariat"],"picked":"SKIP","floor":11},{"not_picked":["champ:PerfectedStrike","champ:Backstep","champ:RageSigil"],"picked":"SKIP","floor":12},{"not_picked":["champ:FlashCut","champ:Backstep","champ:Riposte"],"picked":"SKIP","floor":14},{"not_picked":["champ:HeartStrike","champ:GladiatorsShout+1"],"picked":"champ:StanceDance+1","floor":15}],"player_experience":63549,"relics_obtained":[{"floor":6,"key":"White Beast Statue"},{"floor":7,"key":"testmod-InfectionSource"},{"floor":8,"key":"testmod-Antiphasic"},{"floor":10,"key":"MawBank"}],"event_choices":[{"damage_healed":0,"gold_gain":0,"player_choice":"Upgraded","damage_taken":0,"max_hp_gain":0,"max_hp_loss":0,"event_name":"Upgrade Shrine","floor":3,"gold_loss":0,"cards_upgraded":["champ:Execute"]}],"is_beta":false,"boss_relics":[],"items_purged_floors":[12,14],"is_endless":false,"potions_floor_spawned":[4,8,9,10,11,12,14,15],"killed_by":"downfall:Ironclad","ascension_level":4}}