{"host":"52m1o8iwwagurbjs","time":1609518418,"event":{"mods":["AchievementEnabler","BaseMod","Bestiary","Colored Powertips","GifTheSpireLib","Minty Spire (QoL Compilation)","Quick Restart","RNG Fix","Relic Stats","StSLib"],"gold_per_floor":[119,134,41,41,54,94,94,109,109,109,50,65,105,129,129,222,222,238,217,217,232,232,232,248,248,271,271,370,260,274,274,274],"floor_reached":31,"playtime":1420,"items_purged":["Strike_R"],"score":408,"play_id":"293adbb6-fc87-49b5-9b52-3d635ef9d47d","local_time":"20210101112658","is_ascension_mode":true,"campfire_choices":[{"data":"Flame Barrier","floor":7,"key":"SMITH"},{"data":"True Grit","floor":10,"key":"SMITH"},{"data":"Feel No Pain","floor":15,"key":"SMITH"},{"data":"True Grit","floor":23,"key":"SMITH"},{"floor":25,"key":"REST"}],"circlet_count":0,"master_deck":["AscendersBane","Strike_R","Strike_R","Strike_R","Defend_R","Defend_R","Defend_R","Defend_R","Bash","True Grit+1","Flame Barrier+1","Shockwave","Uppercut","Headbutt","True Grit+1","Disarm","Burning Pact","Feel No Pain+1","Fiend Fire","Shrug It Off","Second Wind+1","Battle Trance+1","Feel No Pain","Sentinel","Dark Embrace","Juggernaut"],"relics":["Burning Blood","Golden Idol","Bronze Scales","Sundial","Blue Candle","Oddly Smooth Stone","Runic Cube","Juzu Bracelet"],"acts_visited":["Exordium","TheCity"],"potions_floor_usage":[8,12,12,16,19,24,30],"damage_taken":[{"damage":0,"enemies":"Small Slimes","floor":1,"turns":3},{"damage":0,"enemies":"2 Louse","floor":2,"turns":5},{"damage":4,"enemies":"Cultist","floor":5,"turns":4},{"damage":39,"enemies":"Gremlin Nob","floor":6,"turns":5},{"damage":1,"enemies":"Exordium Thugs","floor":8,"turns":5},{"damage":16,"enemies":"Lots of Slimes","floor":12,"turns":5},{"damage":18,"enemies":"Lagavulin","floor":13,"turns":10},{"damage":0,"enemies":"Large Slime","floor":14,"turns":6},{"damage":52,"enemies":"Slime Boss","floor":16,"turns":19},{"damage":2,"enemies":"Shell Parasite","floor":18,"turns":10},{"damage":47,"enemies":"2 Thieves","floor":19,"turns":5},{"damage":13,"enemies":"Snecko","floor":21,"turns":8},{"damage":19,"enemies":"Shelled Parasite and Fungi","floor":24,"turns":6},{"damage":24,"enemies":"Centurion and Healer","floor":30,"turns":9},{"damage":21,"enemies":"3 Cultists","floor":31,"turns":4}],"seed_played":"-8386453238278868103","potions_obtained":[{"floor":6,"key":"SkillPotion"},{"floor":8,"key":"EntropicBrew"},{"floor":13,"key":"HeartOfIron"},{"floor":16,"key":"BloodPotion"},{"floor":21,"key":"HeartOfIron"},{"floor":24,"key":"DistilledChaos"}],"is_trial":false,"path_per_floor":["M","M","$","?","M","E","R","M","T","R","?","M","E","M","R","B",null,"M","M","?","M","?","R","M","R","T","?","?","$","M","M"],"character_chosen":"IRONCLAD","items_purchased":["Uppercut","Headbutt","Dark Embrace"],"campfire_rested":1,"item_purchase_floors":[3,3,29],"current_hp_per_floor":[78,80,80,74,74,41,41,46,46,46,46,36,24,30,30,16,60,64,37,37,30,30,30,17,39,39,39,39,39,21,0,0],"gold":274,"neow_bonus":"THREE_CARDS","is_daily":false,"chose_seed":false,"campfire_upgraded":4,"win_rate":0.0,"timestamp":1609518418,"path_taken":["M","M","$","?","M","E","R","M","T","R","?","M","E","M","R","BOSS","M","M","?","M","?","R","M","R","T","?","?","$","M","M"],"items_purchased_type":["Card","Card","Card"],"build_version":"2020-12-22","purchased_purges":1,"victory":false,"max_hp_per_floor":[80,80,80,74,74,74,74,74,74,74,74,74,74,74,74,74,74,74,74,74,74,74,74,74,74,74,74,74,74,74,74,74],"relic_stats":{"counters":[15,104],"Golden Idol":66,"Sundial":[18],"Bronze Scales":[209],"Blue Candle":[4],"Juzu Bracelet":0,"obtain_stats":[{"Golden Idol":4,"Sundial":9,"Bronze Scales":6,"Blue Candle":11,"Oddly Smooth Stone":13,"Juzu Bracelet":26,"Burning Blood":0,"Runic Cube":17},{"Golden Idol":2,"Sundial":5,"Bronze Scales":4,"Blue Candle":5,"Oddly Smooth Stone":7,"Juzu Bracelet":13,"Burning Blood":0,"Runic Cube":9},{"Golden Idol":8,"Sundial":22,"Bronze Scales":17,"Blue Candle":22,"Oddly Smooth Stone":37,"Juzu Bracelet":91,"Burning Blood":0,"Runic Cube":62}],"Burning Blood":78,"Runic Cube":[20]},"card_choices":[{"not_picked":["Flex","Shrug It Off"],"picked":"True Grit","floor":0.0},{"not_picked":["Thunderclap","Body Slam"],"picked":"Flame Barrier","floor":1},{"not_picked":["Body Slam","Headbutt"],"picked":"Shockwave","floor":2},{"not_picked":["Headbutt","Searing Blow"],"picked":"True Grit","floor":5},{"not_picked":["Rampage","Whirlwind"],"picked":"Disarm","floor":6},{"not_picked":["Clothesline","Searing Blow"],"picked":"Burning Pact","floor":8},{"not_picked":["Entrench","Uppercut"],"picked":"Feel No Pain","floor":12},{"not_picked":["Wild Strike","Flex","Infernal Blade"],"picked":"SKIP","floor":13},{"not_picked":["Sever Soul","Searing Blow","Combust"],"picked":"SKIP","floor":14},{"not_picked":["Brutality","Bludgeon"],"picked":"Fiend Fire","floor":16},{"not_picked":["Fire Breathing","Wild Strike"],"picked":"Shrug It Off","floor":18},{"not_picked":["Cleave","Pummel+1"],"picked":"Second Wind+1","floor":19},{"not_picked":["Shrug It Off","Spot Weakness+1"],"picked":"Battle Trance+1","floor":21},{"not_picked":["Seeing Red","Anger"],"picked":"Sentinel","floor":24},{"not_picked":["Rampage","Dark Embrace"],"picked":"Juggernaut","floor":30}],"player_experience":1084262,"relics_obtained":[{"floor":6,"key":"Bronze Scales"},{"floor":9,"key":"Sundial"},{"floor":13,"key":"Oddly Smooth Stone"},{"floor":26,"key":"Juzu Bracelet"}],"event_choices":[{"damage_healed":0,"gold_gain":0,"player_choice":"Lose Max HP","damage_taken":0,"relics_obtained":["Golden Idol"],"max_hp_gain":0,"max_hp_loss":6,"event_name":"Golden Idol","floor":4,"gold_loss":0},{"damage_healed":0,"gold_gain":0,"player_choice":"Paid Gold","damage_taken":0,"relics_obtained":["Blue Candle"],"max_hp_gain":0,"max_hp_loss":0,"event_name":"WeMeetAgain","floor":11,"gold_loss":59},{"cards_removed":["Strike_R"],"damage_healed":0,"gold_gain":0,"player_choice":"Offered Basic","damage_taken":0,"max_hp_gain":0,"max_hp_loss":0,"event_name":"Bonfire Elementals","floor":20,"gold_loss":0},{"damage_healed":0,"gold_gain":0,"player_choice":"Read","damage_taken":0,"max_hp_gain":0,"max_hp_loss":0,"event_name":"The Library","floor":22,"gold_loss":0,"cards_obtained":["Feel No Pain"]},{"damage_healed":0,"gold_gain":0,"player_choice":"Ignored","damage_taken":0,"max_hp_gain":0,"max_hp_loss":0,"event_name":"Vampires","floor":27,"gold_loss":0},{"damage_healed":0,"gold_gain":99,"player_choice":"Stole From Cult","damage_taken":0,"max_hp_gain":0,"max_hp_loss":0,"event_name":"Nest","floor":28,"gold_loss":0}],"is_beta":false,"boss_relics":[{"not_picked":["Calling Bell","Velvet Choker"],"picked":"Runic Cube"}],"items_purged_floors":[29],"is_endless":false,"potions_floor_spawned":[6,8,13,16,21,24],"killed_by":"3 Cultists","ascension_level":13}}