{"host":"2no1vwhhkhf0ohz3","time":1609504701,"event":{"mods":["AchievementEnabler","BaseMod","Colored Map","DeckTracker","Keyboard Shortcuts","Minty Spire (QoL Compilation)","Relic Stats","SuperFastMode"],"gold_per_floor":[113,128,141,158,174,174,205,205,205,175,175,216,239,280,280,411,411,427,451,294,294,294],"floor_reached":21,"playtime":403,"items_purged":[],"score":281,"play_id":"24361cec-9507-4413-b900-39cbaa161e4f","local_time":"20210101213821","is_ascension_mode":true,"campfire_choices":[{"data":"Perfected Strike","floor":6.0,"key":"SMITH"},{"data":"Evolve","floor":11.0,"key":"SMITH"},{"data":"Bash","floor":15.0,"key":"SMITH"}],"circlet_count":0,"master_deck":["Strike_R","Strike_R","Strike_R","Strike_R","Strike_R","Defend_R","Defend_R","Defend_R","Defend_R","Bash+1","Inflame","Shrug It Off","Perfected Strike+1","Shrug It Off","Shrug It Off","Evolve+1","Wild Strike","Spot Weakness","Demon Form","Shockwave+1","Flame Barrier+1","Perfected Strike+1"],"relics":["Burning Blood","NeowsBlessing","White Beast Statue","Golden Idol","Pear","Blood Vial","Calipers","SlaversCollar","DollysMirror"],"acts_visited":["Exordium","TheCity"],"potions_floor_usage":[19,21],"damage_taken":[{"damage":0.0,"enemies":"Cultist","floor":1.0,"turns":1.0},{"damage":0.0,"enemies":"Small Slimes","floor":2.0,"turns":1.0},{"damage":0.0,"enemies":"Jaw Worm","floor":3.0,"turns":1.0},{"damage":6.0,"enemies":"Large Slime","floor":4.0,"turns":3.0},{"damage":20.0,"enemies":"3 Louse","floor":5.0,"turns":4.0},{"damage":16.0,"enemies":"Gremlin Nob","floor":7.0,"turns":3.0},{"damage":20.0,"enemies":"3 Sentries","floor":12.0,"turns":8.0},{"damage":13.0,"enemies":"Blue Slaver","floor":13.0,"turns":2.0},{"damage":16.0,"enemies":"Gremlin Nob","floor":14.0,"turns":3.0},{"damage":39.0,"enemies":"Hexaghost","floor":16.0,"turns":9.0},{"damage":34,"enemies":"Spheric Guardian","floor":18,"turns":5},{"damage":39,"enemies":"Shell Parasite","floor":19,"turns":7},{"damage":21,"enemies":"Cultist and Chosen","floor":21,"turns":4}],"seed_played":"2989822528670484954","potions_obtained":[{"floor":1.0,"key":"Block Potion"},{"floor":3.0,"key":"EssenceOfSteel"},{"floor":5.0,"key":"LiquidMemories"},{"floor":10.0,"key":"HeartOfIron"},{"floor":10.0,"key":"Fruit Juice"},{"floor":12.0,"key":"SpeedPotion"},{"floor":13.0,"key":"Swift Potion"},{"floor":14.0,"key":"Fire Potion"},{"floor":16.0,"key":"BlessingOfTheForge"},{"floor":18,"key":"BlessingOfTheForge"},{"floor":19,"key":"Weak Potion"}],"is_trial":false,"path_per_floor":["M","M","M","M","M","R","E","?","T","?","R","E","M","E","R","B",null,"M","M","$","M"],"character_chosen":"IRONCLAD","items_purchased":["DollysMirror"],"campfire_rested":0,"item_purchase_floors":[20],"current_hp_per_floor":[78,80,80,80,66,66,56,56,66,66,66,57,52,44,44,13,70,44,13,13,0,0],"gold":294,"neow_bonus":"THREE_ENEMY_KILL","is_daily":false,"chose_seed":false,"campfire_upgraded":3,"win_rate":0.0,"timestamp":1609504701,"path_taken":["M","M","M","M","M","R","E","?","T","?","R","E","M","E","R","BOSS","M","M","$","?"],"items_purchased_type":["Relic"],"build_version":"2020-12-22","purchased_purges":0,"victory":false,"max_hp_per_floor":[80,80,80,80,80,80,80,74,84,84,84,89,89,89,89,89,89,89,89,89,89,89],"relic_stats":{"Blood Vial":12,"counters":[13,51],"Golden Idol":55,"obtain_stats":[{"Blood Vial":12,"SlaversCollar":17,"Pear":9,"Calipers":14,"NeowsBlessing":0,"Golden Idol":8,"DollysMirror":20,"Burning Blood":0,"White Beast Statue":7},{"Blood Vial":7,"SlaversCollar":10,"Pear":6,"Calipers":9,"NeowsBlessing":0,"Golden Idol":6,"DollysMirror":12,"Burning Blood":0,"White Beast Statue":6},{"Blood Vial":21,"SlaversCollar":35,"Pear":13,"Calipers":26,"NeowsBlessing":0,"Golden Idol":13,"DollysMirror":47,"Burning Blood":0,"White Beast Statue":13}],"Burning Blood":62},"card_choices":[{"not_picked":["Entrench","Blood for Blood"],"picked":"Inflame","floor":1.0},{"not_picked":["Twin Strike","Inflame"],"picked":"Shrug It Off","floor":2.0},{"not_picked":["Twin Strike","Power Through"],"picked":"Perfected Strike","floor":3.0},{"not_picked":["Thunderclap","Havoc"],"picked":"Shrug It Off","floor":4.0},{"not_picked":["Clash","Blood for Blood"],"picked":"Shrug It Off","floor":5.0},{"not_picked":["Spot Weakness","Warcry"],"picked":"Evolve","floor":7.0},{"not_picked":["Inflame","Sword Boomerang"],"picked":"Wild Strike","floor":12.0},{"not_picked":["Headbutt","Bludgeon","Havoc"],"picked":"SKIP","floor":13.0},{"not_picked":["Warcry","Hemokinesis"],"picked":"Spot Weakness","floor":14.0},{"not_picked":["Impervious","Exhume"],"picked":"Demon Form","floor":16.0},{"not_picked":["Sword Boomerang","Pommel Strike"],"picked":"Shockwave+1","floor":18},{"not_picked":["Shrug It Off","Disarm+1"],"picked":"Flame Barrier+1","floor":19}],"player_experience":279643,"relics_obtained":[{"floor":7.0,"key":"White Beast Statue"},{"floor":9.0,"key":"Pear"},{"floor":12.0,"key":"Blood Vial"},{"floor":14.0,"key":"Calipers"}],"event_choices":[{"damage_healed":0.0,"max_hp_gain":0.0,"max_hp_loss":6.0,"gold_gain":0.0,"event_name":"Golden Idol","player_choice":"Lose Max HP","floor":8.0,"gold_loss":0.0,"damage_taken":0.0,"relics_obtained":["Golden Idol"]},{"damage_healed":0.0,"max_hp_gain":0.0,"max_hp_loss":0.0,"gold_gain":0.0,"event_name":"The Woman in Blue","player_choice":"Bought 2 Potions","floor":10.0,"gold_loss":0.0,"damage_taken":0.0}],"is_beta":false,"boss_relics":[{"not_picked":["Calling Bell","Cursed Key"],"picked":"SlaversCollar"}],"items_purged_floors":[],"is_endless":false,"potions_floor_spawned":[1,3,5,12,13,14,16,18,19],"killed_by":"Cultist and Chosen","ascension_level":8}}