{"host":"wl9at99caqxndrn4","time":1609487952,"event":{"mods":["BaseMod","BetterRewards","Colored Map","Colored Powertips","Downfall","Googly Eyes","Hermit","Lobotomy","Marisa（霧雨　魔理沙）","Minty Spire (QoL Compilation)","Quick Restart","Rare Cards Sparkle","Remilia（蕾米莉亚）","Shop Mod","StSLib","The Animator","The Construct","The Cursed","The Disciple","The Hierophant","The Necromancer","The Poker Player","The Runesmith"],"gold_per_floor":[118,132,132,148,148,174,174,174,174,205,221,235,249,314,314,415,415,432,465,481,481,481,481,175,205,205,205,230,230,249,249,249,348,348,360,407,0,222,235,235,248,273,299,299,299,299,117,170,170,170,170,170,23,48,48,48],"floor_reached":55,"playtime":15674,"items_purged":["construct:Construct_Overclock","construct:Forcefield"],"score":764,"play_id":"4bf751ec-8e62-4679-9699-d061d63bd037","local_time":"20210101155912","is_ascension_mode":false,"campfire_choices":[{"data":"1","floor":8,"key":"LIFT"},{"floor":15,"key":"REST"},{"data":"2","floor":23,"key":"LIFT"},{"floor":29,"key":"REST"},{"floor":32,"key":"REST"},{"data":"3","floor":40,"key":"LIFT"},{"floor":45,"key":"RECALL"},{"floor":49,"key":"REST"},{"floor":52,"key":"REST"}],"circlet_count":0,"master_deck":["construct:Strike_Gold","construct:Strike_Gold","construct:Strike_Gold","construct:Strike_Gold+1","construct:Defend_Gold","construct:Defend_Gold","construct:Defend_Gold","construct:Defend_Gold","construct:AttackMode+1","Discovery","construct:Chainstrike","construct:Zapper","construct:OmegaCannon","construct:PointDefense","construct:SiegeForm","construct:Versatility","construct:HammerDown","construct:SuppressiveFire+1","construct:Versatility+1","construct:Accumulate","construct:ElectricArmor","construct:LaserCore","construct:AttackMode+1","construct:ChargeShot+1","construct:PowerUp","expansioncontent:CaCaw","construct:Reserves","construct:ScopeCore+1","construct:ForceCore+1","Mayhem","construct:OmegaCannon+1","construct:Boost+1"],"relics":["construct:Cogwheel","Thread and Needle","Girya","Bird Faced Urn","Boot","Centennial Puzzle","Fusion Hammer","Red Mask","construct:MasterCore","Anchor","Eternal Feather","Ornamental Fan","construct:ClawGrip","WingedGreaves","Bronze Scales","Dream Catcher","Gremlin Horn","CatCart","Pen Nib","Nunchaku"],"acts_visited":["Exordium","TheCity","TheBeyond","TheEnding"],"potions_floor_usage":[16,25,33,48,50,50],"damage_taken":[{"damage":0,"enemies":"Jaw Worm","floor":1,"turns":1},{"damage":0,"enemies":"Small Slimes","floor":2,"turns":3},{"damage":0,"enemies":"2 Louse","floor":4,"turns":3},{"damage":17,"enemies":"Lagavulin","floor":6,"turns":6},{"damage":19,"enemies":"3 Sentries","floor":10,"turns":6},{"damage":12,"enemies":"Blue Slaver","floor":11,"turns":3},{"damage":3,"enemies":"2 Fungi Beasts","floor":12,"turns":4},{"damage":7,"enemies":"Looter","floor":13,"turns":3},{"damage":19,"enemies":"Gremlin Nob","floor":14,"turns":4},{"damage":28,"enemies":"Hexaghost","floor":16,"turns":7},{"damage":1,"enemies":"Spheric Guardian","floor":18,"turns":3},{"damage":3,"enemies":"Masked Bandits","floor":19,"turns":5},{"damage":22,"enemies":"Shell Parasite","floor":20,"turns":5},{"damage":16,"enemies":"Slavers","floor":25,"turns":4},{"damage":23,"enemies":"Gremlin Leader","floor":28,"turns":4},{"damage":19,"enemies":"Snecko","floor":30,"turns":4},{"damage":39,"enemies":"Automaton","floor":33,"turns":5},{"damage":12,"enemies":"Orb Walker","floor":35,"turns":3},{"damage":32,"enemies":"2 Orb Walkers","floor":36,"turns":4},{"damage":5,"enemies":"3 Shapes","floor":39,"turns":4},{"damage":1,"enemies":"Maw","floor":41,"turns":4},{"damage":9,"enemies":"Giant Head","floor":42,"turns":5},{"damage":15,"enemies":"Orin","floor":48,"turns":6},{"damage":82,"enemies":"Donu and Deca","floor":50,"turns":7},{"damage":84,"enemies":"Shield and Spear","floor":54,"turns":4},{"damage":85,"enemies":"The Heart","floor":55,"turns":3}],"seed_played":"-4994856391710656880","potions_obtained":[{"floor":1,"key":"BlessingOfTheForge"},{"floor":10,"key":"Dexterity Potion"},{"floor":11,"key":"SpeedPotion"},{"floor":13,"key":"AttackPotion"},{"floor":14,"key":"LiquidMemories"},{"floor":18,"key":"SmokeBomb"},{"floor":20,"key":"Guardian:BlockOnCardUsePotion"},{"floor":25,"key":"Swift Potion"},{"floor":30,"key":"ColorlessPotion"},{"floor":33,"key":"Fire Potion"},{"floor":42,"key":"Explosive Potion"}],"is_trial":false,"path_per_floor":["M","M","?","M","?","E","?","R","T","E","M","M","M","?","R","B",null,"M","?","M","?","?","R","$","E","T","?","E","R","M","?","R","B",null,"M","?","$","?","M","R","M","E","T","?","R","?","$","?","R","B",null,"R","$","E","B"],"character_chosen":"THE_CONSTRUCT_MOD","items_purchased":["construct:MasterCore","construct:LaserCore","Bronze Scales","Dream Catcher","Mayhem","Pen Nib"],"campfire_rested":5,"item_purchase_floors":[24,24,37,37,47,53],"current_hp_per_floor":[85,85,82,82,82,65,48,48,48,35,29,32,29,18,43,25,85,85,82,64,64,48,48,48,34,34,34,15,57,42,30,72,41,90,78,52,52,52,55,70,77,78,78,78,90,85,85,74,85,13,85,85,85,5,0,0],"gold":48,"neow_bonus":"RANDOM_COLORLESS","is_daily":false,"chose_seed":false,"campfire_upgraded":0,"win_rate":0.0,"timestamp":1609487952,"path_taken":["M","M","?","M","?","E","?","R","T","E","?","M","M","?","R","BOSS","M","?","M","?","?","R","?","E","T","?","E","R","?","?","R","BOSS","M","?","$","?","M","R","M","E","T","?","R","?","$","?","R","BOSS","R","$","E","BOSS"],"items_purchased_type":["Relic","Card","Relic","Relic","Card","Relic"],"build_version":"2020-12-22","purchased_purges":2,"victory":false,"max_hp_per_floor":[85,85,85,85,85,85,85,85,85,85,85,85,85,85,85,85,85,85,85,85,85,90,90,90,90,90,90,90,90,90,90,90,90,90,90,90,90,90,90,90,90,90,90,90,90,85,85,85,85,85,85,85,85,85,85,85],"card_choices":[{"not_picked":["expansioncontent:GoopSpray","expansioncontent:DonusPower"],"picked":"Discovery","floor":0},{"not_picked":["construct:Backfire","construct:Electrocute"],"picked":"construct:Chainstrike","floor":1},{"not_picked":["construct:SweepLaser","construct:Versatility"],"picked":"construct:Forcefield","floor":2},{"not_picked":["construct:SaveState","construct:ScrapCannon"],"picked":"construct:Construct_Overclock","floor":4},{"not_picked":["construct:ShiftStrike","construct:Reinforce"],"picked":"construct:Zapper","floor":6},{"not_picked":["construct:ScrapCannon","construct:Versatility"],"picked":"construct:OmegaCannon","floor":10},{"not_picked":["construct:ScopeCore","construct:FlakBarrage"],"picked":"construct:PointDefense","floor":11},{"not_picked":["construct:ReactiveShield","construct:SaveState"],"picked":"construct:SiegeForm","floor":12},{"not_picked":["construct:SweepLaser","construct:SaveState","construct:Autoturret"],"picked":"SKIP","floor":13},{"not_picked":["construct:SaveState","construct:ModeShift"],"picked":"construct:Versatility","floor":14},{"not_picked":["construct:ShieldGenerator","construct:MassProduction"],"picked":"construct:HammerDown","floor":16},{"not_picked":["construct:FlameCore","construct:ClusterMines"],"picked":"construct:SuppressiveFire+1","floor":18},{"not_picked":["construct:FocusedBeam","construct:HeavyBolt"],"picked":"construct:Versatility+1","floor":19},{"not_picked":["construct:ScrapCannon+1","construct:ModeShift","construct:Construct_Overclock"],"picked":"SKIP","floor":20},{"not_picked":["construct:Anticipate","construct:Backfire","construct:FocusedBeam"],"picked":"SKIP","floor":25},{"not_picked":["construct:Dampening","construct:Bunker"],"picked":"construct:ChargeShot+1","floor":28},{"not_picked":["construct:SweepLaser","construct:Anticipate"],"picked":"construct:PowerUp","floor":30},{"not_picked":["construct:GatlingGun","construct:ShieldGenerator"],"picked":"construct:Reserves","floor":33},{"not_picked":["construct:FierceBash+1","construct:SyphonStrike+1"],"picked":"construct:ScopeCore+1","floor":35},{"not_picked":["construct:VentSteam+1","construct:Forcefield+1","construct:HeavyBolt+1"],"picked":"SKIP","floor":39},{"not_picked":["construct:VentSteam+1","construct:SaveState+1","construct:Autoturret"],"picked":"SKIP","floor":41},{"not_picked":["construct:FierceBash+1","construct:GuardCore"],"picked":"construct:ForceCore+1","floor":42},{"not_picked":["construct:ScrapCannon","construct:ClusterMines"],"picked":"construct:OmegaCannon+1","floor":48},{"not_picked":["construct:Autoturret+1","construct:ScrapCannon"],"picked":"construct:Boost+1","floor":54}],"player_experience":119466,"relics_obtained":[{"floor":6,"key":"Girya"},{"floor":9,"key":"Bird Faced Urn"},{"floor":10,"key":"Boot"},{"floor":14,"key":"Centennial Puzzle"},{"floor":19,"key":"Red Mask"},{"floor":25,"key":"Anchor"},{"floor":26,"key":"Eternal Feather"},{"floor":28,"key":"Ornamental Fan"},{"floor":36,"key":"WingedGreaves"},{"floor":42,"key":"Gremlin Horn"},{"floor":48,"key":"CatCart"},{"floor":54,"key":"Nunchaku"}],"event_choices":[{"damage_healed":0,"gold_gain":0,"player_choice":"Success","damage_taken":3,"relics_obtained":["Thread and Needle"],"max_hp_gain":0,"max_hp_loss":0,"event_name":"Scrap Ooze","floor":3,"gold_loss":0},{"damage_healed":0,"gold_gain":0,"player_choice":"Ignored","damage_taken":0,"max_hp_gain":0,"max_hp_loss":0,"event_name":"Golden Wing","floor":5,"gold_loss":0},{"damage_healed":0,"gold_gain":0,"player_choice":"Entered Light","damage_taken":17,"max_hp_gain":0,"max_hp_loss":0,"event_name":"Shining Light","floor":7,"gold_loss":0,"cards_upgraded":["construct:AttackMode","construct:Strike_Gold"]},{"damage_healed":0,"gold_gain":0,"player_choice":"Searched \u00271\u0027 times","damage_taken":0,"max_hp_gain":0,"max_hp_loss":0,"event_name":"Dead Adventurer","floor":14,"gold_loss":0},{"damage_healed":0,"gold_gain":0,"player_choice":"Fought Bandits","damage_taken":0,"max_hp_gain":0,"max_hp_loss":0,"event_name":"Masked Bandits","floor":19,"gold_loss":0},{"damage_healed":0,"gold_gain":0,"cards_transformed":["construct:Defend_Gold","construct:DefenseMode"],"player_choice":"Became Test Subject","damage_taken":0,"max_hp_gain":0,"max_hp_loss":0,"event_name":"Drug Dealer","floor":21,"gold_loss":0,"cards_obtained":["construct:Accumulate","construct:ElectricArmor"]},{"damage_healed":0,"gold_gain":0,"player_choice":"Shed Blood","damage_taken":21,"max_hp_gain":5,"max_hp_loss":0,"event_name":"Forgotten Altar","floor":22,"gold_loss":0},{"damage_healed":0,"gold_gain":0,"player_choice":"Copied","damage_taken":0,"max_hp_gain":0,"max_hp_loss":0,"event_name":"Duplicator","floor":27,"gold_loss":0,"cards_obtained":["construct:AttackMode"]},{"damage_healed":0,"gold_gain":0,"player_choice":"CARD ","damage_taken":12,"max_hp_gain":0,"max_hp_loss":0,"event_name":"Knowing Skull","floor":31,"potions_obtained":[],"gold_loss":0,"cards_obtained":["expansioncontent:CaCaw"]},{"damage_healed":0,"gold_gain":0,"player_choice":"Fight","damage_taken":0,"max_hp_gain":0,"max_hp_loss":0,"event_name":"Mysterious Sphere","floor":36,"gold_loss":0},{"damage_healed":0,"gold_gain":222,"player_choice":"Wore Mask","damage_taken":0,"max_hp_gain":0,"max_hp_loss":0,"event_name":"Tomb of Lord Red Mask","floor":38,"gold_loss":0},{"cards_removed":["construct:Strike_Gold"],"damage_healed":0,"gold_gain":0,"player_choice":"Removed Attack","damage_taken":0,"max_hp_gain":0,"max_hp_loss":0,"event_name":"Falling","floor":44,"gold_loss":0},{"damage_healed":0,"gold_gain":0,"player_choice":"Max HP","damage_taken":0,"max_hp_gain":0,"max_hp_loss":5,"event_name":"Winding Halls","floor":46,"gold_loss":0},{"damage_healed":0,"gold_gain":0,"player_choice":"Fight","damage_taken":0,"max_hp_gain":0,"max_hp_loss":0,"event_name":"OrinTheCat","floor":48,"gold_loss":0}],"is_beta":false,"boss_relics":[{"not_picked":["Coffee Dripper","Runesmith:UraniumAnvil"],"picked":"Fusion Hammer"},{"not_picked":["Philosopher\u0027s Stone","Black Star"],"picked":"construct:ClawGrip"}],"items_purged_floors":[24,37],"is_endless":false,"potions_floor_spawned":[1,10,11,12,13,14,18,20,25,30,33,35,41,42],"killed_by":"The Heart","ascension_level":0}}