{"host":"6ilae7ewjeys3uzr","time":1609480077,"event":{"mods":["AchievementEnabler","BaseMod","Hermit","Marisa????????","Minty Spire (QoL Compilation)","Quick Restart","Replay The Spire","StSLib","The Cursed","The Servant 0.9.4"],"gold_per_floor":[119,119,130,130,143,171,191,191,217,237,272,289,301,355,355,355,355],"floor_reached":16,"playtime":595,"items_purged":[],"score":114,"play_id":"5f4be6ca-0a1a-411c-866b-9c0d595ee70c","local_time":"20210101064757","is_ascension_mode":false,"campfire_choices":[{"floor":8,"key":"REST"},{"floor":15,"key":"REST"}],"circlet_count":0,"master_deck":["Strike_MRS","Strike_MRS","Strike_MRS","Strike_MRS+1","Defend_MRS","Defend_MRS","Defend_MRS","Defend_MRS+1","MasterSpark+1","UpSweep","StarBarrage","NonDirectionalLaser","DC","AsteroidBelt","LuminesStrike","GravityBeat","DC","ChargingUp"],"relics":["MiniHakkero","Replay:Wax Seal","Smiling Mask","Juzu Bracelet"],"acts_visited":["Exordium"],"potions_floor_usage":[5,6,6,11,11,16,16],"damage_taken":[{"damage":8,"enemies":"Small Slimes","floor":1,"turns":3},{"damage":0,"enemies":"2 Louse","floor":3,"turns":2},{"damage":11,"enemies":"Jaw Worm","floor":5,"turns":2},{"damage":13,"enemies":"3 Sentries","floor":6,"turns":6},{"damage":10,"enemies":"Looter","floor":7,"turns":3},{"damage":0,"enemies":"Large Slime","floor":10,"turns":3},{"damage":33,"enemies":"Lagavulin","floor":11,"turns":9},{"damage":10,"enemies":"Exordium Wildlife","floor":12,"turns":2},{"damage":2,"enemies":"Looter","floor":13,"turns":2},{"damage":42,"enemies":"Fading Forest","floor":16,"turns":7}],"seed_played":"7982275957729580179","potions_obtained":[{"floor":0,"key":"FearPotion"},{"floor":0,"key":"Block Potion"},{"floor":0,"key":"Doom Potion"},{"floor":3,"key":"SkillPotion"},{"floor":6,"key":"Fruit Juice"},{"floor":10,"key":"Dexterity Potion"},{"floor":11,"key":"LifebloodPotion"},{"floor":13,"key":"Swift Potion"}],"is_trial":false,"path_per_floor":["M","?","M","?","M","E","M","R","T","M","E","M","M","T","R","B"],"character_chosen":"MARISA","items_purchased":[],"campfire_rested":2,"item_purchase_floors":[],"current_hp_per_floor":[67,52,52,52,41,33,23,47,47,47,14,4,2,2,26,0,0],"gold":355,"neow_bonus":"THREE_SMALL_POTIONS","is_daily":false,"chose_seed":false,"campfire_upgraded":0,"win_rate":0.0,"timestamp":1609480077,"path_taken":["M","?","M","?","M","E","M","R","T","M","E","M","M","?","R","BOSS"],"items_purchased_type":[],"build_version":"2020-12-22","purchased_purges":0,"victory":false,"max_hp_per_floor":[75,75,75,75,75,80,80,80,80,80,80,80,80,80,80,80,80],"card_choices":[{"not_picked":["MilkyWay","EarthLightRay"],"picked":"StarBarrage","floor":1},{"not_picked":["OrrerysSun","SporeBomb"],"picked":"NonDirectionalLaser","floor":3},{"not_picked":["EarthLightRay","DeepEcoloBomb"],"picked":"DC","floor":5},{"not_picked":["MilkyWay","MysteriousBeam"],"picked":"AsteroidBelt","floor":6},{"not_picked":["CasketOfStar","ShootingEcho"],"picked":"LuminesStrike","floor":7},{"not_picked":["WitchOfGreed","UnstableBomb"],"picked":"GravityBeat","floor":10},{"not_picked":["SuperPerseids","UnstableBomb","MysteriousBeam"],"picked":"SKIP","floor":11},{"not_picked":["PulseMagic","LuminesStrike"],"picked":"DC","floor":12},{"not_picked":["MysteriousBeam","ShootingEcho"],"picked":"ChargingUp","floor":13}],"player_experience":231758,"relics_obtained":[{"floor":6,"key":"Replay:Wax Seal"},{"floor":11,"key":"Smiling Mask"},{"floor":14,"key":"Juzu Bracelet"}],"event_choices":[{"damage_healed":0,"gold_gain":0,"player_choice":"Entered Light","damage_taken":15,"max_hp_gain":0,"max_hp_loss":0,"event_name":"Shining Light","floor":2,"gold_loss":0,"cards_upgraded":["Strike_MRS","Defend_MRS"]},{"damage_healed":0,"gold_gain":0,"player_choice":"Grow","damage_taken":0,"max_hp_gain":0,"max_hp_loss":0,"event_name":"Living Wall","floor":4,"gold_loss":0,"cards_upgraded":["MasterSpark"]}],"is_beta":false,"boss_relics":[],"items_purged_floors":[],"is_endless":false,"potions_floor_spawned":[3,6,10,11,13],"killed_by":"Fading Forest","ascension_level":0}}