{"host":"ssbj2e5691x5ub3h","time":1609470790,"event":{"mods":["BaseMod","Duelist Mod","Minty Spire (QoL Compilation)","StSLib"],"gold_per_floor":[144,144,219,219,236,268,268,303,381,381,395,420,420,420,420,510,510,510,425,425,425,425,425,425,425,425,425,425,425,425,425,425,425,425,425,425,425,425,425,425,425,72,72,72,72,72,72,0,0,0],"floor_reached":51,"playtime":3358,"items_purged":[],"score":1854,"play_id":"00edc4c2-31a5-47d7-8125-851cb7132e77","local_time":"20210101011310","is_ascension_mode":true,"campfire_choices":[{"data":"theDuelist:BeastTalwar","floor":7,"key":"SMITH"},{"data":"theDuelist:SuperSolarNutrient","floor":15,"key":"SMITH"},{"data":"theDuelist:IceQueen","floor":24,"key":"SMITH"},{"data":"theDuelist:Lajinn","floor":27,"key":"SMITH"},{"data":"theDuelist:Mountain","floor":32,"key":"PURGE"},{"data":"theDuelist:CallGrave","floor":41,"key":"SMITH"},{"data":"theDuelist:Lajinn","floor":45,"key":"SMITH"},{"data":"theDuelist:HappyLover","floor":47,"key":"SMITH"},{"floor":49,"key":"REST"}],"circlet_count":0,"master_deck":["theDuelist:Nameless:Power:AllyJustice","AscendersBane","theDuelist:AlphaMagnet","theDuelist:DarkSparks","theDuelist:Lajinn+1","theDuelist:SuperSolarNutrient","theDuelist:SuperSolarNutrient+1","theDuelist:IceQueen+1","theDuelist:Nameless:Greed:GracefulCharity","theDuelist:CastleWalls+1","theDuelist:IrisEarthMother","theDuelist:RainbowDragon","theDuelist:RainbowKuribohBasic+1","theDuelist:Hayate","theDuelist:BeastTalwar+1","theDuelist:KamionTimelord","theDuelist:CallGrave+1","theDuelist:RainbowNeos+1","theDuelist:HappyLover+1","theDuelist:Lajinn+1","theDuelist:Eva","theDuelist:RainbowKuriboh","theDuelist:RainbowFlower","theDuelist:Sparks","theDuelist:DunamesDarkWitch+1","theDuelist:TributeDoomed","theDuelist:RainbowDragon","theDuelist:BeastTalwar","theDuelist:Eva"],"relics":["theDuelist:MillenniumPuzzle","theDuelist:CardPoolRelic","theDuelist:CardPoolBasicRelic","theDuelist:BoosterPackPoolRelic","theDuelist:CardPoolAddRelic","theDuelist:CardPoolMinusRelic","theDuelist:CardPoolSaveRelic","theDuelist:CardPoolOptionsRelic","Smiling Mask","Juzu Bracelet","theDuelist:MillenniumRod","Bottled Flame","Tingsha","Golden Idol","Ectoplasm","Mango","Turnip","Peace Pipe","Champion Belt","Blood Vial","Oddly Smooth Stone","Happy Flower","Busted Crown","theDuelist:MillenniumPeriapt","WingedGreaves","theDuelist:ResummonBranch","theDuelist:MetronomeRelicB","Charon\u0027s Ashes","Art of War","Red Mask"],"acts_visited":["Exordium","TheCity","TheBeyond"],"potions_floor_usage":[8,16,16,22,29,44],"damage_taken":[{"damage":0,"enemies":"Jaw Worm","floor":1,"turns":4},{"damage":0,"enemies":"Small Slimes","floor":5,"turns":2},{"damage":0,"enemies":"3 Sentries","floor":6,"turns":6},{"damage":8,"enemies":"Lagavulin","floor":8,"turns":6},{"damage":0,"enemies":"2 Louse","floor":11,"turns":2},{"damage":0,"enemies":"3 Sentries","floor":12,"turns":4},{"damage":3,"enemies":"Hexaghost","floor":16,"turns":7},{"damage":0,"enemies":"Shell Parasite","floor":18,"turns":2},{"damage":2,"enemies":"3 Byrds","floor":21,"turns":3},{"damage":34,"enemies":"3 Byrds","floor":22,"turns":6},{"damage":0,"enemies":"Slavers","floor":23,"turns":5},{"damage":0,"enemies":"Centurion and Healer","floor":25,"turns":4},{"damage":0,"enemies":"Sentry and Sphere","floor":28,"turns":3},{"damage":0,"enemies":"Book of Stabbing","floor":29,"turns":2},{"damage":5,"enemies":"Shelled Parasite and Fungi","floor":31,"turns":3},{"damage":15,"enemies":"Champ","floor":33,"turns":10},{"damage":0,"enemies":"Orb Walker","floor":35,"turns":2},{"damage":0,"enemies":"3 Darklings","floor":39,"turns":3},{"damage":0,"enemies":"Giant Head","floor":40,"turns":5},{"damage":37,"enemies":"Nemesis","floor":44,"turns":5},{"damage":21,"enemies":"Reptomancer","floor":46,"turns":3},{"damage":0,"enemies":"Time Eater","floor":50,"turns":9}],"seed_played":"-5868418620794095898","potions_obtained":[{"floor":6,"key":"theDuelist:FireBottle"},{"floor":8,"key":"Block Potion"},{"floor":12,"key":"FearPotion"},{"floor":18,"key":"BlessingOfTheForge"},{"floor":23,"key":"BloodPotion"},{"floor":28,"key":"BlessingOfTheForge"},{"floor":33,"key":"Weak Potion"},{"floor":36,"key":"Regen Potion"}],"is_trial":false,"path_per_floor":["M","?","?","?","M","E","R","E","T","?","M","E","?","?","R","B",null,"M","?","?","M","?","E","R","M","T","R","M","E","?","M","R","B",null,"M","?","?","?","M","E","R","$","T","E","R","E","R","?","R","B",null],"character_chosen":"THE_DUELIST","items_purchased":["theDuelist:ResummonBranch","theDuelist:Lajinn"],"campfire_rested":1,"item_purchase_floors":[42,42],"current_hp_per_floor":[136,136,136,136,136,136,136,128,128,128,128,128,128,128,128,125,128,128,142,142,140,106,106,106,108,108,108,110,112,126,123,123,110,145,147,147,139,139,141,143,143,143,143,137,137,118,118,118,149,149],"gold":0,"neow_bonus":"RANDOM_COMMON_RELIC","is_daily":false,"chose_seed":false,"campfire_upgraded":7,"win_rate":0.0,"timestamp":1609470790,"path_taken":["M","?","?","?","M","E","R","E","T","?","M","E","?","?","R","BOSS","M","?","?","M","?","E","R","M","T","R","M","E","?","M","R","BOSS","M","?","?","?","M","E","R","$","T","E","R","E","R","?","R","BOSS"],"items_purchased_type":["Relic","Card"],"build_version":"2020-12-22","purchased_purges":0,"victory":true,"max_hp_per_floor":[143,143,143,143,143,143,143,143,143,143,143,143,143,129,129,129,129,129,143,143,143,143,143,143,143,143,143,143,143,157,157,157,157,157,157,157,157,149,149,149,149,149,149,149,149,149,149,149,149,149],"card_choices":[{"not_picked":["theDuelist:KingYami","theDuelist:TwinHeadedFire","theDuelist:FlyingSaucer","theDuelist:DesLacooda"],"picked":"theDuelist:Eva","floor":1},{"not_picked":["theDuelist:SevenColoredFish","theDuelist:YamataDragon","theDuelist:SpiritHarp","theDuelist:Illusionist"],"picked":"theDuelist:RainbowKuriboh","floor":5},{"not_picked":["theDuelist:WhiteHowling","theDuelist:StatueAnguishPattern","theDuelist:RainbowRuins"],"picked":"theDuelist:Mountain","floor":6},{"not_picked":["theDuelist:ZombieWarrior","theDuelist:Zombyra","theDuelist:RainbowDragon","theDuelist:NeoMagic"],"picked":"theDuelist:AlphaMagnet","floor":8},{"not_picked":["theDuelist:SummonedSkull","theDuelist:VampireFraulein","theDuelist:WhiteMagicalHat","theDuelist:ShallowGrave"],"picked":"theDuelist:RainbowDragon","floor":11},{"not_picked":["theDuelist:CurseDragon","theDuelist:SpiritHarp","theDuelist:CaveDragon","theDuelist:BlizzardThunderbird"],"picked":"theDuelist:SuperSolarNutrient","floor":12},{"not_picked":["theDuelist:OrbMetronome","theDuelist:VampireGrace","theDuelist:DarkMasterZorc","theDuelist:RainbowMagician"],"picked":"theDuelist:IceQueen","floor":16},{"not_picked":["theDuelist:SevenColoredFish","theDuelist:SpiritHarp","theDuelist:GraydleSlimeJr","theDuelist:RainbowFlower"],"picked":"theDuelist:SuperSolarNutrient","floor":18},{"not_picked":["theDuelist:ValkMagnet","theDuelist:GammaMagnet","theDuelist:BetaMagnet","theDuelist:RainbowKuriboh"],"picked":"theDuelist:HappyLover","floor":21},{"not_picked":["theDuelist:Pumpking","theDuelist:GreenGadget","theDuelist:WhiteMagicalHat","theDuelist:WhiteNinja"],"picked":"theDuelist:BeastTalwar","floor":22},{"not_picked":["theDuelist:Biofalcon","theDuelist:Pumpking","theDuelist:KingYami","theDuelist:CurseDragon","theDuelist:BlastAsmodian"],"picked":"SKIP","floor":23},{"not_picked":["theDuelist:GoblinZombie","theDuelist:Boneheimer","theDuelist:SpiralSpearStrike","theDuelist:ArchfiendSoldier"],"picked":"theDuelist:Lajinn","floor":25},{"not_picked":["theDuelist:YamataDragon","theDuelist:Illusionist","theDuelist:RainbowFlower+1","theDuelist:PatricianDarkness","theDuelist:FluteSummoning"],"picked":"SKIP","floor":28},{"not_picked":["theDuelist:FogKing+1","theDuelist:WhiteMagicalHat","theDuelist:KamionTimelord","theDuelist:RainbowMagician+1"],"picked":"theDuelist:IrisEarthMother","floor":29},{"not_picked":["theDuelist:BlizzardWarrior","theDuelist:BetaMagnet","theDuelist:SangaThunder","theDuelist:GravityBlaster"],"picked":"theDuelist:RainbowDragon","floor":31},{"not_picked":["theDuelist:HappyLover","theDuelist:Eva","theDuelist:RainbowMagician","theDuelist:RainbowKuriboh"],"picked":"theDuelist:KamionTimelord","floor":33},{"not_picked":["theDuelist:SpiralSpearStrike+1","theDuelist:SwordsRevealing+1"],"picked":"theDuelist:TributeDoomed","floor":35},{"not_picked":["theDuelist:GravityBlaster","theDuelist:BigWaveSmallWave","theDuelist:FluteSummoning"],"picked":"SKIP","floor":39},{"not_picked":["theDuelist:WhiteHowling+1","theDuelist:RainbowJar"],"picked":"theDuelist:CallGrave","floor":40},{"not_picked":["theDuelist:YamataDragon","theDuelist:BabyDragon","theDuelist:CaveDragon+1"],"picked":"SKIP","floor":44},{"not_picked":["theDuelist:ZombieWarrior","theDuelist:GoblinZombie+1","theDuelist:RainbowFlower"],"picked":"SKIP","floor":46}],"player_experience":302539,"relics_obtained":[{"floor":6,"key":"Juzu Bracelet"},{"floor":8,"key":"theDuelist:MillenniumRod"},{"floor":9,"key":"Bottled Flame"},{"floor":12,"key":"Tingsha"},{"floor":22,"key":"Turnip"},{"floor":22,"key":"Peace Pipe"},{"floor":22,"key":"Champion Belt"},{"floor":23,"key":"Blood Vial"},{"floor":26,"key":"Oddly Smooth Stone"},{"floor":29,"key":"Happy Flower"},{"floor":40,"key":"WingedGreaves"},{"floor":43,"key":"theDuelist:MetronomeRelicB"},{"floor":44,"key":"Charon\u0027s Ashes"},{"floor":46,"key":"Art of War"}],"event_choices":[{"damage_healed":0,"gold_gain":0,"player_choice":"Leave","damage_taken":0,"max_hp_gain":0,"max_hp_loss":0,"event_name":"The Cleric","floor":2,"gold_loss":0},{"damage_healed":0,"gold_gain":75,"player_choice":"Gained Gold","damage_taken":0,"max_hp_gain":0,"max_hp_loss":0,"event_name":"Golden Wing","floor":3,"gold_loss":0},{"damage_healed":0,"gold_gain":0,"player_choice":"Traded Castle Walls for Beast Talwar","duelist":true,"damage_taken":0,"max_hp_gain":0,"max_hp_loss":0,"event_name":"Card Trader","floor":4,"gold_loss":0},{"damage_healed":0,"gold_gain":0,"player_choice":"Ignored","damage_taken":0,"max_hp_gain":0,"max_hp_loss":0,"event_name":"Shining Light","floor":10,"gold_loss":0},{"damage_healed":0,"gold_gain":0,"player_choice":"Ignored","damage_taken":0,"max_hp_gain":0,"max_hp_loss":0,"event_name":"Liars Game","floor":13,"gold_loss":0},{"damage_healed":0,"gold_gain":0,"player_choice":"Lose Max HP","damage_taken":0,"relics_obtained":["Golden Idol"],"max_hp_gain":0,"max_hp_loss":14,"event_name":"Golden Idol","floor":14,"gold_loss":0},{"damage_healed":0,"gold_gain":0,"player_choice":"Obtained Relic","damage_taken":0,"relics_obtained":["Mango"],"max_hp_gain":0,"max_hp_loss":0,"event_name":"Addict","floor":19,"gold_loss":85},{"damage_healed":0,"gold_gain":0,"player_choice":"Ignored","damage_taken":0,"max_hp_gain":0,"max_hp_loss":0,"event_name":"Ghosts","floor":20,"gold_loss":0},{"damage_healed":0,"gold_gain":0,"player_choice":"Fight","duelist":true,"damage_taken":0,"max_hp_gain":0,"max_hp_loss":0,"event_name":"Battle City","floor":22,"gold_loss":0},{"power_reward":4,"total_magic_score":63,"gold_gain":0,"greed_reward":4,"duelist":true,"damage_taken":0,"relics_obtained":[],"points":16,"max_hp_gain":14,"max_hp_loss":0,"spent_points":{"magic":0,"greed":4,"war":4,"power":4,"hunger":4},"event_name":"Nameless Tomb","hunger_reward":4,"floor":30,"gold_loss":0,"cards_obtained":["theDuelist:Nameless:Power:AllyJustice","theDuelist:Nameless:Greed:GracefulCharity"]},{"damage_healed":0,"gold_gain":0,"player_choice":"Got Potions","damage_taken":0,"max_hp_gain":0,"max_hp_loss":0,"event_name":"Lab","floor":36,"gold_loss":0},{"damage_healed":0,"gold_gain":0,"player_choice":"Dig - random Duelist relic","duelist":true,"damage_taken":0,"max_hp_gain":0,"max_hp_loss":0,"event_name":"Aknamkanon\u0027s Tomb","floor":37,"gold_loss":0},{"damage_healed":0,"gold_gain":0,"player_choice":"Max HP","damage_taken":0,"max_hp_gain":0,"max_hp_loss":8,"event_name":"Winding Halls","floor":38,"gold_loss":0},{"damage_healed":0,"gold_gain":0,"player_choice":"Paid","damage_taken":0,"relics_obtained":["Red Mask"],"max_hp_gain":0,"max_hp_loss":0,"event_name":"Tomb of Lord Red Mask","floor":48,"gold_loss":72}],"is_beta":false,"boss_relics":[{"not_picked":["Mark of Pain","Fusion Hammer"],"picked":"Ectoplasm"},{"not_picked":["Astrolabe","Empty Cage"],"picked":"Busted Crown"}],"items_purged_floors":[],"is_endless":false,"potions_floor_spawned":[6,8,12,18,23,28,33,39,40],"ascension_level":18}}