{"host":"vsdszi3rnxsdp24p","time":1609522232,"event":{"mods":["AchievementEnabler","BaseMod","Colored Map","Colored Powertips","Highlight Path","Minty Spire (QoL Compilation)","Quick Restart","StSLib","SuperFastMode","Synergy Search","The Cursed"],"gold_per_floor":[111,111,111,130,130,160,173,173,198,212,212,212,222,237,237,237,237],"floor_reached":16,"playtime":583,"items_purged":[],"score":127,"play_id":"e580fc20-f06b-4b05-9a3f-2b5a02739dee","local_time":"20210101183032","is_ascension_mode":false,"campfire_choices":[{"floor":8,"key":"RECALL"},{"data":"Night Terror","floor":11,"key":"SMITH"},{"data":"Infinite Blades","floor":15,"key":"SMITH"}],"circlet_count":0,"master_deck":["Strike_G","Strike_G","Strike_G","Strike_G","Defend_G","Defend_G","Defend_G","Defend_G","Defend_G","Survivor+1","Neutralize","Cloak And Dagger+1","Night Terror+1","Blade Dance","Regret","Backflip","Endless Agony","Blade Dance","Infinite Blades+1","Infinite Blades"],"relics":["Ring of the Snake","NeowsBlessing","Lantern","Orichalcum"],"acts_visited":["Exordium"],"potions_floor_usage":[13,13,13],"damage_taken":[{"damage":0,"enemies":"2 Louse","floor":1,"turns":1},{"damage":0,"enemies":"Small Slimes","floor":4,"turns":1},{"damage":0,"enemies":"3 Sentries","floor":6,"turns":1},{"damage":0,"enemies":"Jaw Worm","floor":7,"turns":4},{"damage":4,"enemies":"2 Fungi Beasts","floor":10,"turns":3},{"damage":9,"enemies":"Lots of Slimes","floor":13,"turns":4},{"damage":11,"enemies":"Looter","floor":14,"turns":3},{"damage":55,"enemies":"The Guardian","floor":16,"turns":4}],"seed_played":"-6952978071048192988","potions_obtained":[{"floor":1,"key":"Energy Potion"},{"floor":4,"key":"Energy Potion"},{"floor":12,"key":"EntropicBrew"},{"floor":13,"key":"LiquidMemories"}],"is_trial":false,"path_per_floor":["M","?","?","M","?","E","M","R","T","M","R","?","M","M","R","B"],"character_chosen":"THE_SILENT","items_purchased":[],"campfire_rested":0,"item_purchase_floors":[],"current_hp_per_floor":[70,56,56,56,56,56,56,56,56,52,52,52,43,32,32,0,0],"gold":237,"neow_bonus":"THREE_ENEMY_KILL","is_daily":false,"chose_seed":false,"campfire_upgraded":2,"win_rate":0.0,"timestamp":1609522232,"path_taken":["M","?","?","M","?","E","M","R","T","M","R","?","?","M","R","BOSS"],"items_purchased_type":[],"build_version":"2020-12-22","purchased_purges":0,"victory":false,"max_hp_per_floor":[70,70,70,70,70,70,70,70,70,70,70,70,70,70,70,70,70],"card_choices":[{"not_picked":["Flechettes","Well Laid Plans"],"picked":"Cloak And Dagger","floor":1},{"not_picked":["Dagger Spray","Dagger Throw"],"picked":"Blade Dance","floor":4},{"not_picked":["Quick Slash","Bane"],"picked":"Backflip","floor":6},{"not_picked":["Dodge and Roll","Calculated Gamble"],"picked":"Endless Agony","floor":7},{"not_picked":["Skewer","Acrobatics"],"picked":"Blade Dance","floor":10},{"not_picked":["Blade Dance","Quick Slash"],"picked":"Infinite Blades","floor":13},{"not_picked":["Blur","Malaise"],"picked":"Infinite Blades","floor":14}],"player_experience":98923,"relics_obtained":[{"floor":6,"key":"Orichalcum"}],"event_choices":[{"damage_healed":0,"gold_gain":0,"player_choice":"Entered Light","damage_taken":14,"max_hp_gain":0,"max_hp_loss":0,"event_name":"Shining Light","floor":2,"gold_loss":0,"cards_upgraded":["Survivor","Cloak And Dagger"]},{"damage_healed":0,"gold_gain":0,"cards_transformed":["Strike_G"],"player_choice":"Change","damage_taken":0,"max_hp_gain":0,"max_hp_loss":0,"event_name":"Living Wall","floor":3,"gold_loss":0,"cards_obtained":["Night Terror"]},{"damage_healed":0,"gold_gain":0,"player_choice":"Box","damage_taken":0,"relics_obtained":["Lantern"],"max_hp_gain":0,"max_hp_loss":0,"event_name":"Big Fish","floor":5,"gold_loss":0,"cards_obtained":["Regret"]},{"damage_healed":0,"gold_gain":0,"player_choice":"Got Potions","damage_taken":0,"max_hp_gain":0,"max_hp_loss":0,"event_name":"Lab","floor":12,"gold_loss":0}],"is_beta":false,"boss_relics":[],"items_purged_floors":[],"is_endless":false,"potions_floor_spawned":[1,4,13],"killed_by":"The Guardian","ascension_level":0}}