{"host":"wonp23fsqqcu31ie","time":1609496491,"event":{"mods":["2.2 Compatiblity","AchievementEnabler","Aspiration","BaseMod","Bestiary","Better Altar","Better Match","Better Sensory Stone","Better Skull","Better Third Choice","BetterRewards","Block Reminder","Colored Map","Colored Powertips","Conspire","Curses Come First","DeckTracker","Displayed Cursed Tome","Downfall","Hermit","Highlight Path","Hubris","Marisa????????","Minty Spire (QoL Compilation)","Permanent Neow","Quick Restart","Rare Cards Sparkle","Relic Stats","Replay The Spire","Robot Space Explorer","Shade Mod","Shop Mod","StSLib","SuperFastMode","The Animator","The Cursed","The Gatherer","The Marked","The Necromancer","The Runesmith","The Servant 0.9.4"],"gold_per_floor":[361,361,372,372,27,62,62,96,96,11,36,49,49,64,64,160,160,170,29,29,29,29],"floor_reached":21,"playtime":597,"items_purged":[],"score":237,"play_id":"ec3c2b82-3d46-400a-ab0d-f0632887eb8a","local_time":"20210101212131","is_ascension_mode":true,"campfire_choices":[{"data":"CollectingQuirk","floor":7,"key":"SMITH"},{"floor":13,"key":"REST"},{"floor":15,"key":"REST"}],"circlet_count":0,"master_deck":["Strike_MRS","Strike_MRS","Strike_MRS","Strike_MRS","Defend_MRS","Defend_MRS","Defend_MRS","Defend_MRS","MasterSpark","UpSweep","animator:Strike_DateALive","animator:Strike_Rewrite","MilkyWay+1","6A","MagicAbsorber","CollectingQuirk+1","CollectingQuirk","Discovery","OrrerysSun","MilkyWay","TreasureHunter","CurseOfTheBell","DeepEcoloBomb+1","WitchLeyline"],"relics":["MiniHakkero","aspiration:BabyByrd","ClockworkSouvenir","MerchantsRug","Anchor","Darkstone Periapt","Durian","Regal Pillow","Replay:Accelerometer","Medical Kit"],"acts_visited":["Exordium","TheCity"],"potions_floor_usage":[12,16,16],"damage_taken":[{"damage":5,"enemies":"2 Louse","floor":1,"turns":2},{"damage":1,"enemies":"Cultist","floor":3,"turns":3},{"damage":29,"enemies":"Gremlin Nob","floor":6,"turns":5},{"damage":12,"enemies":"Replay:BlueRogue","floor":8,"turns":7},{"damage":15,"enemies":"Lagavulin","floor":11,"turns":5},{"damage":0,"enemies":"Jaw Worm","floor":12,"turns":2},{"damage":35,"enemies":"The Guardian","floor":16,"turns":11},{"damage":0,"enemies":"conspire:FuzzyDice","floor":18,"turns":5},{"damage":97,"enemies":"3 Byrds","floor":21,"turns":7}],"seed_played":"-2962010898620483","potions_obtained":[{"floor":6,"key":"Guardian:BlockOnCardUsePotion"},{"floor":8,"key":"DistilledChaos"},{"floor":12,"key":"Languid Potion"}],"is_trial":false,"path_per_floor":["M","?","M","?","$","E","R","E","T","$","E","M","R","$","R","B",null,"M","$","?","M"],"character_chosen":"MARISA","items_purchased":["ClockworkSouvenir","MerchantsRug","MagicAbsorber","Discovery","Medical Kit","WitchLeyline"],"campfire_rested":2,"item_purchase_floors":[5,5,5,10,19,19],"current_hp_per_floor":[70,70,69,69,69,40,40,28,28,28,23,23,48,48,73,38,96,96,96,96,0,0],"gold":29,"neow_bonus":"TWO_FIFTY_GOLD","is_daily":false,"chose_seed":false,"campfire_upgraded":1,"win_rate":0.0,"timestamp":1609496491,"path_taken":["M","?","M","?","$","E","R","E","T","$","E","?","R","?","R","BOSS","M","$","?","M"],"items_purchased_type":["Relic","Relic","Card","Card","Relic","Card"],"build_version":"2020-12-22","purchased_purges":0,"victory":false,"max_hp_per_floor":[75,75,75,75,75,75,75,75,75,75,85,85,85,85,85,85,96,96,96,96,96,96],"relic_stats":{"Darkstone Periapt":6,"Regal Pillow":0,"counters":[9,47],"Medical Kit":[1],"obtain_stats":[{"Darkstone Periapt":8,"Calling Bell":17,"MerchantsRug":5,"Replay:Accelerometer":17,"Anchor":6,"Regal Pillow":17,"Pear":11,"aspiration:BabyByrd":4,"Durian":17,"MiniHakkero":0,"Medical Kit":19,"ClockworkSouvenir":5},{"Darkstone Periapt":4,"Calling Bell":7,"MerchantsRug":2,"Replay:Accelerometer":7,"Anchor":3,"Regal Pillow":7,"Pear":5,"aspiration:BabyByrd":2,"Durian":7,"MiniHakkero":0,"Medical Kit":8,"ClockworkSouvenir":2},{"Darkstone Periapt":17,"Calling Bell":35,"MerchantsRug":5,"Replay:Accelerometer":35,"Anchor":10,"Regal Pillow":35,"Pear":22,"aspiration:BabyByrd":5,"Durian":35,"MiniHakkero":0,"Medical Kit":40,"ClockworkSouvenir":5}]},"card_choices":[{"not_picked":["GravityBeat","AsteroidBelt"],"picked":"MilkyWay","floor":1},{"not_picked":["SuperPerseids","SporeBomb"],"picked":"6A","floor":3},{"not_picked":["DarkMatter","FairyDestructionRay"],"picked":"CollectingQuirk","floor":6},{"not_picked":["MaximisePower","GrandCross"],"picked":"CollectingQuirk","floor":8},{"not_picked":["DragonMeteor","DarkSpark"],"picked":"OrrerysSun","floor":11},{"not_picked":["WitchLeyline","DoubleSpark"],"picked":"MilkyWay","floor":12},{"not_picked":["EscapeVelocity","FinalSpark"],"picked":"TreasureHunter","floor":16},{"not_picked":["DC","IllusionStar"],"picked":"DeepEcoloBomb+1","floor":18}],"player_experience":431424,"relics_obtained":[{"floor":6,"key":"Anchor"},{"floor":8,"key":"Darkstone Periapt"},{"floor":11,"key":"Pear"},{"floor":17,"key":"Durian"},{"floor":17,"key":"Regal Pillow"},{"floor":17,"key":"Replay:Accelerometer"}],"event_choices":[],"is_beta":false,"boss_relics":[{"not_picked":["Coffee Dripper","aspiration:SecretTechniqueScroll"],"picked":"Calling Bell"}],"items_purged_floors":[],"is_endless":false,"potions_floor_spawned":[6,8,12],"killed_by":"3 Byrds","ascension_level":2}}