{"host":"q6uiiyan8fxg9uyi","time":1609539353,"event":{"mods":["AchievementEnabler","BaseMod","BetterRewards","Hero for Fun","Minty Spire (QoL Compilation)","StSLib","SuperFastMode"],"gold_per_floor":[113,113,129,204,219,248,258,258,336,354,354,64,76,109,109,213,213,225,225,235,150,150,150,179,6,6,16,16,16,33,46,46,143,143,161,181,200,200,200,200,230,230,257,274,127,127,147,165,165,165],"floor_reached":51,"playtime":2437,"items_purged":[],"score":1028,"play_id":"06c5200a-3302-47c7-abd7-42805ad7aec3","local_time":"20210101231553","is_ascension_mode":true,"campfire_choices":[{"floor":11,"key":"REST"},{"data":"Infinite Blades","floor":15,"key":"SMITH"},{"data":"Storm of Steel","floor":23,"key":"SMITH"},{"floor":29,"key":"REST"},{"floor":32,"key":"REST"},{"floor":40,"key":"REST"},{"floor":42,"key":"REST"},{"floor":49,"key":"REST"}],"circlet_count":0,"master_deck":["Strike_G","Strike_G","Strike_G+1","Defend_G","Defend_G","Defend_G","Defend_G","Survivor","Neutralize","Cloak And Dagger","Finisher","Backflip","PiercingWail","Slice+1","Die Die Die","Infinite Blades+1","Noxious Fumes","Slice","Sucker Punch","Backflip","Corpse Explosion","Backflip","Storm of Steel+1","Crippling Poison","RitualDagger","Deadly Poison","Backstab","Choke","Outmaneuver","Backflip","Bane+1","Adrenaline","Terror+1","Flying Knee+1","A Thousand Cuts","Deadly Poison","Acrobatics+1","Escape Plan+1","Dash+1"],"relics":["Ring of the Snake","Orrery","Nunchaku","Happy Flower","Pantograph","Oddly Smooth Stone","Whetstone","Empty Cage","TungstenRod","Vajra","Sling","Strawberry","Kunai","Pear","Anchor","Toolbox"],"acts_visited":["Exordium","TheCity","TheBeyond"],"potions_floor_usage":[24,31,33,33,33,41,50,50,50],"damage_taken":[{"damage":0,"enemies":"Cultist","floor":1,"turns":4},{"damage":0,"enemies":"Jaw Worm","floor":3,"turns":3},{"damage":0,"enemies":"Small Slimes","floor":5,"turns":3},{"damage":11,"enemies":"3 Sentries","floor":6,"turns":7},{"damage":0,"enemies":"Looter","floor":7,"turns":3},{"damage":0,"enemies":"Exordium Thugs","floor":10,"turns":4},{"damage":4,"enemies":"Gremlin Gang","floor":13,"turns":3},{"damage":10,"enemies":"Gremlin Nob","floor":14,"turns":4},{"damage":16,"enemies":"Slime Boss","floor":16,"turns":6},{"damage":0,"enemies":"3 Byrds","floor":18,"turns":2},{"damage":10,"enemies":"Chosen","floor":20,"turns":3},{"damage":42,"enemies":"Book of Stabbing","floor":24,"turns":6},{"damage":12,"enemies":"Sentry and Sphere","floor":27,"turns":6},{"damage":1,"enemies":"Snecko","floor":30,"turns":5},{"damage":21,"enemies":"Centurion and Healer","floor":31,"turns":3},{"damage":42,"enemies":"Collector","floor":33,"turns":9},{"damage":22,"enemies":"3 Darklings","floor":35,"turns":4},{"damage":0,"enemies":"3 Shapes","floor":36,"turns":4},{"damage":38,"enemies":"Spire Growth","floor":37,"turns":5},{"damage":9,"enemies":"Nemesis","floor":41,"turns":7},{"damage":17,"enemies":"3 Darklings","floor":44,"turns":3},{"damage":11,"enemies":"Sphere and 2 Shapes","floor":47,"turns":5},{"damage":0,"enemies":"Jaw Worm Horde","floor":48,"turns":2},{"damage":28,"enemies":"Donu and Deca","floor":50,"turns":6}],"seed_played":"-8023332730443538622","potions_obtained":[{"floor":3,"key":"GamblersBrew"},{"floor":6,"key":"Regen Potion"},{"floor":7,"key":"Energy Potion"},{"floor":14,"key":"Dexterity Potion"},{"floor":27,"key":"DuplicationPotion"},{"floor":31,"key":"BlessingOfTheForge"},{"floor":37,"key":"Poison Potion"},{"floor":41,"key":"DuplicationPotion"},{"floor":44,"key":"FearPotion"},{"floor":48,"key":"Strength Potion"}],"is_trial":false,"path_per_floor":["M","T","M","?","M","E","M","$","T","M","R","$","M","E","R","B",null,"M","?","M","?","?","R","E","$","T","M","T","R","M","M","R","B",null,"M","M","M","?","?","R","E","R","T","M","$","?","M","M","R","B",null],"character_chosen":"THE_SILENT","items_purchased":["Orrery","Oddly Smooth Stone","Corpse Explosion","Sling","Outmaneuver","Toolbox"],"campfire_rested":6,"item_purchase_floors":[0,12,12,25,25,45],"current_hp_per_floor":[70,70,70,59,59,48,48,48,48,48,69,69,65,55,55,54,70,70,64,54,54,54,54,27,27,34,22,22,45,44,23,46,29,77,55,55,17,17,17,40,41,67,67,50,50,50,39,39,63,55],"gold":165,"neow_bonus":"","is_daily":false,"chose_seed":false,"campfire_upgraded":2,"win_rate":0.0,"timestamp":1609539353,"path_taken":["M","?","M","?","M","E","M","$","T","M","R","?","M","E","R","BOSS","M","?","M","?","?","R","E","$","T","?","?","R","M","M","R","BOSS","M","M","?","?","?","R","E","R","T","?","$","?","M","M","R","BOSS"],"items_purchased_type":["Relic","Relic","Card","Relic","Card","Relic"],"build_version":"2020-12-22","purchased_purges":0,"victory":true,"max_hp_per_floor":[70,70,70,70,70,70,70,70,70,70,70,70,70,70,70,70,70,70,70,70,70,70,70,70,70,77,77,77,77,77,77,77,77,77,77,77,77,77,77,77,87,87,87,87,87,83,83,83,83,83],"card_choices":[{"not_picked":["Dodge and Roll","Endless Agony"],"picked":"Cloak And Dagger","floor":0},{"not_picked":["Sucker Punch","Prepared"],"picked":"Finisher","floor":0},{"not_picked":["Deadly Poison","Sucker Punch"],"picked":"Backflip","floor":0},{"not_picked":["Choke","Deadly Poison"],"picked":"PiercingWail","floor":0},{"not_picked":["Heel Hook","Underhanded Strike"],"picked":"Slice","floor":0},{"not_picked":["Expertise","Cloak And Dagger"],"picked":"Die Die Die","floor":1},{"not_picked":["Sucker Punch","Eviscerate"],"picked":"Infinite Blades","floor":3},{"not_picked":["Skewer","Blade Dance"],"picked":"Noxious Fumes","floor":5},{"not_picked":["Finisher","Dash"],"picked":"Slice","floor":6},{"not_picked":["Bane","Dagger Throw"],"picked":"Sucker Punch","floor":7},{"not_picked":["Predator","Riddle With Holes"],"picked":"Backflip","floor":10},{"not_picked":["Bane","Catalyst"],"picked":"Predator","floor":13},{"not_picked":["Bane","Caltrops"],"picked":"Backflip","floor":14},{"not_picked":["Adrenaline","Wraith Form v2"],"picked":"Storm of Steel","floor":16},{"not_picked":["Reflex","Dodge and Roll+1"],"picked":"Crippling Poison","floor":18},{"not_picked":["Underhanded Strike+1","Tactician"],"picked":"Deadly Poison","floor":20},{"not_picked":["Endless Agony","All Out Attack+1"],"picked":"Choke","floor":24},{"not_picked":["Reflex","Dagger Spray"],"picked":"Backflip","floor":27},{"not_picked":["Underhanded Strike+1","Sucker Punch+1"],"picked":"Bane+1","floor":30},{"not_picked":["Heel Hook","Calculated Gamble","Dagger Spray"],"picked":"SKIP","floor":31},{"not_picked":["Malaise","Doppelganger"],"picked":"Adrenaline","floor":33},{"not_picked":["Terror+1","Dash+1","Cloak And Dagger"],"picked":"SKIP","floor":35},{"not_picked":["Dash+1","Cloak And Dagger"],"picked":"Terror+1","floor":35},{"not_picked":["Acrobatics","Leg Sweep"],"picked":"Flying Knee+1","floor":36},{"not_picked":["Dagger Spray+1","PiercingWail+1"],"picked":"A Thousand Cuts","floor":37},{"not_picked":["Expertise+1","Riddle With Holes"],"picked":"Deadly Poison","floor":41},{"not_picked":["Dodge and Roll+1","Expertise"],"picked":"Acrobatics+1","floor":44},{"not_picked":["Slice","Sucker Punch+1"],"picked":"Escape Plan+1","floor":47},{"not_picked":["Caltrops+1","Predator"],"picked":"Dash+1","floor":48}],"player_experience":18589,"relics_obtained":[{"floor":2,"key":"Nunchaku"},{"floor":6,"key":"Happy Flower"},{"floor":9,"key":"Pantograph"},{"floor":14,"key":"Whetstone"},{"floor":24,"key":"Vajra"},{"floor":26,"key":"Strawberry"},{"floor":28,"key":"Kunai"},{"floor":41,"key":"Pear"},{"floor":43,"key":"Anchor"}],"event_choices":[{"damage_healed":0,"gold_gain":75,"player_choice":"Gather Gold","damage_taken":11,"max_hp_gain":0,"max_hp_loss":0,"event_name":"World of Goop","floor":4,"gold_loss":0},{"damage_healed":0,"gold_gain":0,"player_choice":"Joined the Cult","damage_taken":6,"max_hp_gain":0,"max_hp_loss":0,"event_name":"Nest","floor":19,"gold_loss":0,"cards_obtained":["RitualDagger"]},{"damage_healed":0,"gold_gain":0,"player_choice":"Obtained Relic","damage_taken":0,"relics_obtained":["TungstenRod"],"max_hp_gain":0,"max_hp_loss":0,"event_name":"Addict","floor":21,"gold_loss":85},{"damage_healed":0,"gold_gain":0,"cards_transformed":["Defend_G"],"player_choice":"Transformed","damage_taken":0,"max_hp_gain":0,"max_hp_loss":0,"event_name":"Transmorgrifier","floor":22,"gold_loss":0,"cards_obtained":["Backstab"]},{"cards_removed":["Predator"],"damage_healed":0,"gold_gain":0,"player_choice":"Removed Attack","damage_taken":0,"max_hp_gain":0,"max_hp_loss":0,"event_name":"Falling","floor":38,"gold_loss":0},{"damage_healed":0,"gold_gain":0,"player_choice":"Ignored","damage_taken":0,"max_hp_gain":0,"max_hp_loss":0,"event_name":"The Moai Head","floor":39,"gold_loss":0},{"damage_healed":0,"gold_gain":0,"player_choice":"Max HP","damage_taken":0,"max_hp_gain":0,"max_hp_loss":4,"event_name":"Winding Halls","floor":46,"gold_loss":0}],"is_beta":false,"boss_relics":[{"not_picked":["HoveringKite","Ectoplasm"],"picked":"Empty Cage"},{"not_picked":["Coffee Dripper","Runic Dome","Runic Pyramid"]}],"items_purged_floors":[],"is_endless":false,"potions_floor_spawned":[3,6,7,14,16,18,27,31,37,41,44,48],"ascension_level":1}}