{"host":"bjzqjr1ycgj8gt55","time":1609545145,"event":{"mods":["BaseMod","Better Altar","Better Match","Better Sensory Stone","Better Skull","Better Third Choice","Better Vampires","Block Reminder","Colored Map","Colored Powertips","GifTheSpireLib","Hermit","Infinite Spire","Minty Spire (QoL Compilation)","Rare Cards Sparkle","Red Circlet Mod","Spicy Shops","StSLib","Waifu the Spire","everything is the same but u backflip on backflip","slay the spire mod where everything is the same but ironclad has a cowboy hat"],"gold_per_floor":[18,18,18,35,53,85,101,101,101,116,116,142,153,171,171,171,171],"floor_reached":16,"playtime":677,"items_purged":[],"score":114,"play_id":"a2aeb2d0-0157-4411-9a43-012993231c1a","local_time":"20210101175225","is_ascension_mode":true,"campfire_choices":[{"floor":8,"key":"REST"},{"data":"hermit:FlashPowder","floor":15,"key":"SMITH"}],"circlet_count":0,"master_deck":["hermit:Strike_Hermit","hermit:Strike_Hermit","hermit:Strike_Hermit","hermit:Strike_Hermit","hermit:Defend_Hermit","hermit:Defend_Hermit","hermit:Defend_Hermit","hermit:Defend_Hermit","hermit:Snapshot+1","hermit:Covet","hermit:Vantage","hermit:Spite","hermit:Malice","hermit:TakeAim","hermit:Grudge","hermit:HighCaliber","hermit:Coalescence","hermit:FlashPowder+1"],"relics":["hermit:Momento","Omamori","Meat on the Bone","hermit:RyeStalk","Boot"],"acts_visited":["Exordium"],"potions_floor_usage":[16,16,16],"damage_taken":[{"damage":4,"enemies":"2 Louse","floor":1,"turns":3},{"damage":0,"enemies":"Small Slimes","floor":4,"turns":3},{"damage":0,"enemies":"Jaw Worm","floor":5,"turns":3},{"damage":49,"enemies":"Lagavulin","floor":6,"turns":8},{"damage":5,"enemies":"Looter","floor":7,"turns":3},{"damage":8,"enemies":"Exordium Wildlife","floor":10,"turns":2},{"damage":32,"enemies":"Large Slime","floor":13,"turns":6},{"damage":0,"enemies":"3 Louse","floor":14,"turns":1},{"damage":50,"enemies":"The Guardian","floor":16,"turns":14}],"seed_played":"3089757836760175417","potions_obtained":[{"floor":6,"key":"hermit:Tonic"},{"floor":7,"key":"Dexterity Potion"},{"floor":13,"key":"BlessingOfTheForge"}],"is_trial":false,"path_per_floor":["M","?","?","M","M","E","M","R","T","M","$","T","M","M","R","B"],"character_chosen":"HERMIT","items_purchased":[],"campfire_rested":1,"item_purchase_floors":[],"current_hp_per_floor":[85,85,85,85,85,36,43,69,69,61,61,61,41,53,53,3,3],"gold":171,"neow_bonus":"TWENTY_PERCENT_HP_BONUS","is_daily":false,"chose_seed":false,"campfire_upgraded":1,"win_rate":0.0,"timestamp":1609545145,"path_taken":["M","?","?","M","M","E","M","R","T","M","$","?","M","M","R","BOSS"],"items_purchased_type":[],"build_version":"2020-12-22","purchased_purges":0,"victory":false,"max_hp_per_floor":[89,89,89,89,89,89,89,89,89,89,89,89,89,89,89,89,89],"card_choices":[{"not_picked":["hermit:CursedWeapon","hermit:Coalescence"],"picked":"hermit:Vantage","floor":1},{"not_picked":["hermit:HighCaliber","hermit:Headshot"],"picked":"hermit:Spite","floor":4},{"not_picked":["hermit:Manifest","hermit:Enervate"],"picked":"hermit:Malice","floor":5},{"not_picked":["hermit:FlashPowder","hermit:Vantage"],"picked":"hermit:TakeAim","floor":6},{"not_picked":["hermit:TrackingShot","hermit:Quickdraw"],"picked":"hermit:Grudge","floor":7},{"not_picked":["hermit:Snipe","hermit:Ricochet"],"picked":"hermit:HighCaliber","floor":10},{"not_picked":["hermit:ItchyTrigger","hermit:CalledShot"],"picked":"hermit:Coalescence","floor":13},{"not_picked":["hermit:DeadMansHand","hermit:Quickdraw"],"picked":"hermit:FlashPowder","floor":14}],"player_experience":115776,"relics_obtained":[{"floor":3,"key":"Omamori"},{"floor":6,"key":"Meat on the Bone"},{"floor":9,"key":"hermit:RyeStalk"},{"floor":12,"key":"Boot"}],"event_choices":[{"damage_healed":0,"gold_gain":0,"player_choice":"Grow","damage_taken":0,"max_hp_gain":0,"max_hp_loss":0,"event_name":"Living Wall","floor":2,"gold_loss":0,"cards_upgraded":["hermit:Snapshot"]}],"is_beta":false,"boss_relics":[],"items_purged_floors":[],"is_endless":false,"potions_floor_spawned":[6,7,13,14],"killed_by":"The Guardian","ascension_level":2}}