{"host":"hwrdjx5eod2cxh09","time":1609483321,"event":{"mods":["AchievementEnabler","BaseMod","Bestiary","Minty Spire (QoL Compilation)","Relic Stats"],"gold_per_floor":[119,138,138,149,161,188,205,239,239,257,24,39,59,76,76,177,177,190,170,51,51,62,97,97,97],"floor_reached":24,"playtime":1630,"items_purged":["Strike_B"],"score":284,"play_id":"28535626-1587-4022-b621-a721d260f6fa","local_time":"20210101154201","is_ascension_mode":false,"campfire_choices":[{"floor":15,"key":"RECALL"}],"circlet_count":0,"master_deck":["Strike_B","Strike_B","Strike_B","Defend_B","Defend_B","Defend_B","Defend_B","Zap","Dualcast","Buffer+1","Leap","Coolheaded","Chill","Go for the Eyes","Rainbow","Gash","Rebound","Self Repair","Glacier","All For One","Hologram","Streamline","Gash","Biased Cognition","Beam Cell","Undo","Defragment","Recycle"],"relics":["Cracked Core","Bag of Preparation","Smiling Mask","Torii","SlaversCollar","Nilry\u0027s Codex"],"acts_visited":["Exordium","TheCity"],"potions_floor_usage":[6,7,12,16,16,18,23,24],"damage_taken":[{"damage":2,"enemies":"Small Slimes","floor":1,"turns":3},{"damage":0,"enemies":"Cultist","floor":2,"turns":4},{"damage":0,"enemies":"2 Louse","floor":4,"turns":3},{"damage":2,"enemies":"Looter","floor":5,"turns":4},{"damage":18,"enemies":"Gremlin Nob","floor":6,"turns":7},{"damage":19,"enemies":"Gremlin Gang","floor":7,"turns":6},{"damage":12,"enemies":"3 Sentries","floor":8,"turns":11},{"damage":10,"enemies":"Exordium Wildlife","floor":10,"turns":5},{"damage":2,"enemies":"Lots of Slimes","floor":12,"turns":4},{"damage":1,"enemies":"2 Fungi Beasts","floor":13,"turns":5},{"damage":0,"enemies":"Exordium Thugs","floor":14,"turns":6},{"damage":0,"enemies":"Hexaghost","floor":16,"turns":11},{"damage":13,"enemies":"3 Byrds","floor":18,"turns":7},{"damage":17,"enemies":"2 Thieves","floor":19,"turns":4},{"damage":1,"enemies":"Centurion and Healer","floor":22,"turns":10},{"damage":34,"enemies":"Gremlin Leader","floor":23,"turns":10},{"damage":15,"enemies":"Snake Plant","floor":24,"turns":2}],"seed_played":"-7920518160936855115","potions_obtained":[{"floor":1,"key":"EntropicBrew"},{"floor":2,"key":"FocusPotion"},{"floor":4,"key":"FocusPotion"},{"floor":7,"key":"BlessingOfTheForge"},{"floor":8,"key":"PotionOfCapacity"},{"floor":13,"key":"FocusPotion"},{"floor":18,"key":"Block Potion"}],"is_trial":false,"path_per_floor":["M","M","?","M","M","E","M","E","T","M","$","M","M","M","R","B",null,"M","M","$","?","M","E","M"],"character_chosen":"DEFECT","items_purchased":["Glacier","All For One","Defragment"],"campfire_rested":0,"item_purchase_floors":[11,11,20],"current_hp_per_floor":[73,73,73,73,71,53,34,22,22,12,12,20,26,33,33,40,75,69,59,59,43,49,15,0,0],"gold":97,"neow_bonus":"ONE_RANDOM_RARE_CARD","is_daily":false,"chose_seed":false,"campfire_upgraded":0,"win_rate":0.0,"timestamp":1609483321,"path_taken":["M","M","?","M","M","E","M","E","T","M","?","M","M","M","R","BOSS","M","M","$","?","M","E","M"],"items_purchased_type":["Card","Card","Card"],"build_version":"2020-12-22","purchased_purges":1,"victory":false,"max_hp_per_floor":[75,75,75,75,75,75,75,75,75,75,75,75,75,75,75,75,75,75,75,75,75,75,75,75,75],"relic_stats":{"Torii":17,"counters":[17,102],"Bag of Preparation":[24],"Smiling Mask":25,"obtain_stats":[{"SlaversCollar":17,"Torii":9,"Nilry\u0027s Codex":21,"Bag of Preparation":6,"Cracked Core":0,"Smiling Mask":8},{"SlaversCollar":12,"Torii":7,"Nilry\u0027s Codex":14,"Bag of Preparation":5,"Cracked Core":0,"Smiling Mask":7},{"SlaversCollar":69,"Torii":38,"Nilry\u0027s Codex":80,"Bag of Preparation":21,"Cracked Core":0,"Smiling Mask":38}]},"card_choices":[{"not_picked":["Melter","Tempest"],"picked":"Leap","floor":1},{"not_picked":["Barrage","Leap"],"picked":"Coolheaded","floor":2},{"not_picked":["Beam Cell","Consume"],"picked":"Chill","floor":4},{"not_picked":["Steam Power","Skim"],"picked":"Go for the Eyes","floor":5},{"not_picked":["Beam Cell","Conserve Battery"],"picked":"Rainbow","floor":6},{"not_picked":["Force Field","Stack"],"picked":"Gash","floor":7},{"not_picked":["Force Field","Darkness"],"picked":"Rebound","floor":8},{"not_picked":["Genetic Algorithm","Melter"],"picked":"Self Repair","floor":10},{"not_picked":["Fission","Skim"],"picked":"Hologram","floor":12},{"not_picked":["Rip and Tear","Beam Cell"],"picked":"Streamline","floor":13},{"not_picked":["Sweeping Beam","Ball Lightning"],"picked":"Gash","floor":14},{"not_picked":["Multi-Cast","Hyperbeam"],"picked":"Biased Cognition","floor":16},{"not_picked":["Coolheaded","Compile Driver"],"picked":"Beam Cell","floor":18},{"not_picked":["White Noise","Go for the Eyes"],"picked":"Undo","floor":19},{"not_picked":["Beam Cell+1","Cold Snap","Turbo"],"picked":"SKIP","floor":22},{"not_picked":["Beam Cell","Rainbow"],"picked":"Recycle","floor":23}],"player_experience":143587,"relics_obtained":[{"floor":6,"key":"Bag of Preparation"},{"floor":8,"key":"Smiling Mask"},{"floor":9,"key":"Torii"},{"floor":21,"key":"Nilry\u0027s Codex"}],"event_choices":[{"damage_healed":0,"gold_gain":0,"player_choice":"Upgraded","damage_taken":0,"max_hp_gain":0,"max_hp_loss":0,"event_name":"Upgrade Shrine","floor":3,"gold_loss":0,"cards_upgraded":["Buffer"]},{"damage_healed":0,"gold_gain":0,"player_choice":"Obtained Book","damage_taken":16,"max_hp_gain":0,"max_hp_loss":0,"event_name":"Cursed Tome","floor":21,"gold_loss":0}],"is_beta":false,"boss_relics":[{"not_picked":["SacredBark","Philosopher\u0027s Stone"],"picked":"SlaversCollar"}],"items_purged_floors":[20],"is_endless":false,"potions_floor_spawned":[1,2,4,7,8,10,13,18,19,22],"killed_by":"Snake Plant","ascension_level":0}}