{"host":"qc1sjgtdjonvdsd8","time":1609497684,"event":{"mods":["BaseMod","Colored Map","Colored Powertips","Curses Come First","Minty Spire (QoL Compilation)","Replay The Spire","StSLib"],"gold_per_floor":[116,116,41,41,60,85,97,47,47,72,72,84,104,131,131,131,131],"floor_reached":16,"playtime":1713,"items_purged":["Strike_B"],"score":126,"play_id":"70797b91-687c-4326-beb5-635925c7b0bb","local_time":"20210101024124","is_ascension_mode":true,"campfire_choices":[{"floor":11,"key":"REST"},{"floor":15,"key":"REST"}],"circlet_count":0,"master_deck":["Strike_B","Strike_B","Defend_B","Defend_B","Defend_B","Defend_B","Zap","Dualcast","Sweeping Beam","Cold Snap","Reinforced Body","Genetic Algorithm","Glacier","FIFO Queue+1","Coolheaded","Storm+1"],"relics":["Snecko Eye","Ornamental Fan","Boot","Frozen Egg 2","Bottled Lightning"],"acts_visited":["Exordium"],"potions_floor_usage":[16,16],"damage_taken":[{"damage":0,"enemies":"Cultist","floor":1,"turns":3},{"damage":0,"enemies":"2 Louse","floor":5,"turns":2},{"damage":8,"enemies":"Gremlin Nob","floor":6,"turns":5},{"damage":10,"enemies":"Jaw Worm","floor":7,"turns":5},{"damage":37,"enemies":"3 Sentries","floor":10,"turns":9},{"damage":0,"enemies":"Exordium Thugs","floor":12,"turns":6},{"damage":3,"enemies":"Large Slime","floor":13,"turns":5},{"damage":36,"enemies":"Gremlin Nob","floor":14,"turns":6},{"damage":28,"enemies":"Hexaghost","floor":16,"turns":21}],"seed_played":"7374542284533470428","potions_obtained":[{"floor":6,"key":"SpeedPotion"},{"floor":12,"key":"Energy Potion"},{"floor":13,"key":"Elixir"}],"is_trial":false,"path_per_floor":["M","?","$","?","M","E","M","?","T","E","R","M","M","E","R","B"],"character_chosen":"DEFECT","items_purchased":[],"campfire_rested":2,"item_purchase_floors":[],"current_hp_per_floor":[75,75,75,75,75,67,57,57,57,20,42,42,39,3,25,0,0],"gold":131,"neow_bonus":"BOSS_RELIC","is_daily":false,"chose_seed":false,"campfire_upgraded":0,"win_rate":0.0,"timestamp":1609497684,"path_taken":["M","?","$","?","M","E","M","?","T","E","R","?","M","E","R","BOSS"],"items_purchased_type":[],"build_version":"2020-12-22","purchased_purges":1,"victory":false,"max_hp_per_floor":[75,75,75,75,75,75,75,75,75,75,75,75,75,75,75,75,75],"card_choices":[{"not_picked":["ReplaySort","ReplayTheSpireMod:Calculation Training"],"picked":"Sweeping Beam","floor":1},{"not_picked":["Panic Button","Streamline"],"picked":"Cold Snap","floor":5},{"not_picked":["Ball Lightning","Steam"],"picked":"Reinforced Body","floor":6},{"not_picked":["Sweeping Beam","Go for the Eyes"],"picked":"Genetic Algorithm","floor":7},{"not_picked":["Reboot","Chill"],"picked":"Glacier","floor":10},{"not_picked":["Conserve Battery","Panic Button"],"picked":"FIFO Queue+1","floor":12},{"not_picked":["Beam Cell","Melter"],"picked":"Coolheaded","floor":13},{"not_picked":["ReplayTheSpireMod:Calculation Training","Chill"],"picked":"Storm+1","floor":14}],"player_experience":205886,"relics_obtained":[{"floor":6,"key":"Ornamental Fan"},{"floor":9,"key":"Boot"},{"floor":10,"key":"Frozen Egg 2"},{"floor":14,"key":"Bottled Lightning"}],"event_choices":[{"damage_healed":0,"gold_gain":0,"player_choice":"Ignored","damage_taken":0,"max_hp_gain":0,"max_hp_loss":0,"event_name":"Liars Game","floor":2,"gold_loss":0},{"damage_healed":0,"gold_gain":0,"cards_transformed":["Strike_B"],"player_choice":"Change","damage_taken":0,"max_hp_gain":0,"max_hp_loss":0,"event_name":"Living Wall","floor":4,"gold_loss":0,"cards_obtained":["Gash"]},{"cards_removed":["Gash"],"damage_healed":0,"gold_gain":0,"player_choice":"Card Removal","damage_taken":0,"max_hp_gain":0,"max_hp_loss":0,"event_name":"The Cleric","floor":8,"gold_loss":50}],"is_beta":false,"boss_relics":[],"items_purged_floors":[3],"is_endless":false,"potions_floor_spawned":[6,12,13],"killed_by":"Hexaghost","ascension_level":1}}