{"host":"zzf13dk0jcen0ncv","time":1609490420,"event":{"mods":["AchievementEnabler","BaseMod","BetterRewards","Colored Map","Keyboard Shortcuts","Minty Spire (QoL Compilation)","Quick Restart","Shop Mod","StSLib","SuperFastMode","The Dragon Tamer","Waifu the Spire"],"gold_per_floor":[114,131,145,145,0,35,35,65,65,65,75,85,120,140,140,245,245,259,259,40,56,56,83,83,83,110,22,22,22,35,67,67,169,169,257,348,441,529,81,184,184,184,184,289,1,1,109,201,201,201,201,201,10,114,114],"floor_reached":56,"playtime":1520,"items_purged":["DTMod:Strike"],"score":2205,"play_id":"a901fee1-3004-4984-84db-0fcb538a759b","local_time":"20210101174020","is_ascension_mode":true,"metric_token":799,"campfire_choices":[{"data":"DTMod:HeadStart","floor":7,"key":"SMITH"},{"data":"DTMod:EchoTactic","floor":10,"key":"SMITH"},{"data":"DTMod:ForkedFire","floor":15,"key":"SMITH"},{"data":"DTMod:HeadStart","floor":24,"key":"SMITH"},{"data":"Panacea","floor":28,"key":"SMITH"},{"data":"DTMod:RunningTactic","floor":32,"key":"SMITH"},{"floor":41,"key":"REST"},{"floor":46,"key":"RECALL"},{"floor":49,"key":"REST"},{"floor":52,"key":"REST"}],"dtmod_dragon_data":[30,50,4,4,13,11],"circlet_count":0,"master_deck":["DTMod:Strike","DTMod:Strike","DTMod:DoubleHit","DTMod:TargetDefense","DTMod:TargetDefense+1","DTMod:TargetDefense","DTMod:TargetDefense","DTMod:SwitchingTactic","DTMod:WarmUp","DTMod:BurningEnergy+1","DTMod:InvisibleFlame","DTMod:BurningEnergy","DTMod:StarRain+1","DTMod:ForkedFire+1","DTMod:EchoTactic+1","DTMod:Dissolve","DTMod:RunningTactic+1","DTMod:BurningEnergy","DTMod:ShieldDrain","DTMod:ForkedFire+1","DTMod:WarmUp","DTMod:HeadStart+1","DTMod:RunningTactic","DTMod:CalculatedDefense","DTMod:CrossStep","DTMod:HeadStart+1","DTMod:Cover+1","DTMod:CrossStep","Necronomicurse","DTMod:ExcessFootwork","Panacea+1","DTMod:BlueScale+1","DTMod:GearUp","DTMod:ResonanceForm+1","DTMod:Conduct","DTMod:GhostSkin+1","DTMod:Shift+1","DTMod:ShadowImage","DTMod:CalculatedDefense","DTMod:Shift+1","DTMod:PurifyingFlame","DTMod:GhostSkin+1","DTMod:BurningForce+1","DTMod:DragonDance","DTMod:TagTeam","DTMod:Weaken","DTMod:TagTeam"],"relics":["DTMod:PactStone","Bronze Scales","War Paint","TheAbacus","Dead Branch","ClockworkSouvenir","Bag of Marbles","OrangePellets","Pantograph","Juzu Bracelet","Odd Mushroom","DTMod:DragonFood","Strawberry","Black Star","Bag of Preparation","Necronomicon","Dream Catcher","Sundial","Whetstone","Anchor","Happy Flower","Snecko Eye","Toy Ornithopter","DTMod:OddArmor","Blood Vial","Matryoshka","Nunchaku","Oddly Smooth Stone","DTMod:TacticalNote","Omamori","White Beast Statue","Unceasing Top","FossilizedHelix","Vajra","Boot"],"acts_visited":["Exordium","TheCity","TheBeyond","TheEnding"],"potions_floor_usage":[6,16,33,37,37,37,55],"damage_taken":[{"damage":0,"enemies":"Cultist","floor":1,"turns":2},{"damage":0,"enemies":"Small Slimes","floor":2,"turns":2},{"damage":0,"enemies":"Jaw Worm","floor":3,"turns":1},{"damage":0,"enemies":"Gremlin Nob","floor":6,"turns":3},{"damage":10,"enemies":"The Mushroom Lair","floor":8,"turns":2},{"damage":0,"enemies":"Large Slime","floor":11,"turns":3},{"damage":0,"enemies":"3 Louse","floor":12,"turns":1},{"damage":0,"enemies":"3 Sentries","floor":13,"turns":4},{"damage":0,"enemies":"Blue Slaver","floor":14,"turns":1},{"damage":26,"enemies":"Hexaghost","floor":16,"turns":10},{"damage":0,"enemies":"3 Byrds","floor":18,"turns":2},{"damage":0,"enemies":"2 Thieves","floor":21,"turns":1},{"damage":0,"enemies":"Gremlin Leader","floor":23,"turns":1},{"damage":0,"enemies":"Sentry and Sphere","floor":30,"turns":1},{"damage":13,"enemies":"Book of Stabbing","floor":31,"turns":1},{"damage":0,"enemies":"Champ","floor":33,"turns":4},{"damage":0,"enemies":"Orb Walker","floor":35,"turns":2},{"damage":0,"enemies":"3 Shapes","floor":36,"turns":1},{"damage":13,"enemies":"3 Darklings","floor":37,"turns":3},{"damage":0,"enemies":"Transient","floor":38,"turns":5},{"damage":0,"enemies":"Reptomancer","floor":40,"turns":1},{"damage":0,"enemies":"Nemesis","floor":44,"turns":3},{"damage":0,"enemies":"Reptomancer","floor":47,"turns":2},{"damage":0,"enemies":"Sphere and 2 Shapes","floor":48,"turns":2},{"damage":0,"enemies":"Donu and Deca","floor":50,"turns":8},{"damage":0,"enemies":"Shield and Spear","floor":54,"turns":3},{"damage":27,"enemies":"The Heart","floor":55,"turns":11}],"seed_played":"6592189417100045781","potions_obtained":[{"floor":2,"key":"Fire Potion"},{"floor":3,"key":"SteroidPotion"},{"floor":6,"key":"Regen Potion"},{"floor":11,"key":"GamblersBrew"},{"floor":30,"key":"SkillPotion"},{"floor":31,"key":"PowerPotion"},{"floor":33,"key":"Explosive Potion"},{"floor":36,"key":"DistilledChaos"},{"floor":48,"key":"Ancient Potion"}],"is_trial":false,"path_per_floor":["M","M","M","?","$","E","R","?","T","R","M","M","E","M","R","B",null,"M","?","$","M","?","E","R","?","T","$","R","?","M","E","R","B",null,"M","M","M","M","$","E","R","?","T","E","$","R","E","M","R","B",null,"R","$","E","B",null],"character_chosen":"THE_DT","items_purchased":["DTMod:WarmUp","DTMod:BurningEnergy","Bronze Scales","War Paint","TheAbacus","Dead Branch","ClockworkSouvenir","Bag of Marbles","DTMod:InvisibleFlame","DTMod:BurningEnergy","DTMod:StarRain","DTMod:ForkedFire","OrangePellets","DTMod:EchoTactic","DTMod:Dissolve","DTMod:RunningTactic","DTMod:WarmUp","Bag of Preparation","DTMod:CrossStep","Panacea","Toy Ornithopter","DTMod:OddArmor","Blood Vial","White Beast Statue","DTMod:CalculatedDefense","DTMod:DragonDance","DTMod:TagTeam","DTMod:Weaken"],"campfire_rested":3,"item_purchase_floors":[0,0,0,0,0,0,0,0,0,0,0,0,0,0,0,0,5,20,20,27,39,39,39,45,45,53,53,53],"current_hp_per_floor":[45,45,45,42,42,42,42,32,32,32,32,32,39,39,39,26,52,52,52,52,52,36,36,36,36,36,36,36,36,36,23,23,48,52,52,52,39,39,39,41,52,52,52,52,52,52,52,52,52,52,52,52,52,52,25],"gold":114,"neow_bonus":"","is_daily":false,"chose_seed":false,"campfire_upgraded":6,"win_rate":0.0,"timestamp":1609490420,"path_taken":["M","M","M","?","$","E","R","?","T","R","M","M","E","M","R","BOSS","M","?","$","M","?","E","R","?","T","?","R","?","M","E","R","BOSS","M","M","M","M","$","E","R","?","T","E","$","R","E","M","R","BOSS","R","$","E","BOSS"],"items_purchased_type":["Card","Card","Relic","Relic","Relic","Relic","Relic","Relic","Card","Card","Card","Card","Relic","Card","Card","Card","Card","Relic","Card","Card","Relic","Relic","Relic","Relic","Card","Card","Card","Card"],"build_version":"2020-12-22","purchased_purges":1,"victory":true,"max_hp_per_floor":[45,45,45,45,45,45,45,45,45,45,45,45,52,52,52,52,52,52,52,52,52,52,52,52,52,52,52,52,52,52,52,52,52,52,52,52,52,52,52,52,52,52,52,52,52,52,52,52,52,52,52,52,52,52,52],"card_choices":[{"not_picked":["DTMod:Coolant","DTMod:MagicField"],"picked":"DTMod:ShieldDrain","floor":1},{"not_picked":["DTMod:Haste","DTMod:Punisher"],"picked":"DTMod:ForkedFire","floor":2},{"not_picked":["DTMod:Punisher","DTMod:MagicField","DTMod:HeatWave"],"picked":"SKIP","floor":3},{"not_picked":["DTMod:ComboAttack","DTMod:Punisher"],"picked":"DTMod:HeadStart","floor":6},{"not_picked":["DTMod:FlameSlash","DTMod:CalculatedDefense"],"picked":"DTMod:RunningTactic","floor":8},{"not_picked":["DTMod:BuildUp","DTMod:CleansingStrike"],"picked":"DTMod:CalculatedDefense","floor":11},{"not_picked":["DTMod:Threaten","DTMod:Weaken","DTMod:ComboAttack"],"picked":"SKIP","floor":12},{"not_picked":["DTMod:BurningEnergy","DTMod:Observe"],"picked":"DTMod:CrossStep","floor":13},{"not_picked":["DTMod:ShieldDrain","DTMod:StarRain","DTMod:CleansingStrike"],"picked":"SKIP","floor":14},{"not_picked":["DTMod:EchoTactic","DTMod:OpeningTactic"],"picked":"DTMod:HeadStart","floor":16},{"not_picked":["DTMod:BlazingStrike","DTMod:Feint"],"picked":"DTMod:Cover+1","floor":18},{"not_picked":["DTMod:Cover","DTMod:Hide","DTMod:BreakAttack"],"picked":"SKIP","floor":21},{"not_picked":["DTMod:Cover","DTMod:QuickFly+1","DTMod:HeatWave"],"picked":"SKIP","floor":23},{"not_picked":["DTMod:Conduct+1","DTMod:Coolant"],"picked":"DTMod:BlueScale+1","floor":30},{"not_picked":["DTMod:BurningEnergy","DTMod:CleansingStrike+1"],"picked":"DTMod:GearUp","floor":31},{"not_picked":["DTMod:GearUp","DTMod:Multitask"],"picked":"DTMod:ResonanceForm","floor":33},{"not_picked":["DTMod:ComboAttack","DTMod:CleansingStrike","DTMod:BreakAttack+1"],"picked":"SKIP","floor":35},{"not_picked":["DTMod:MagicField+1","DTMod:RecklessFlurry"],"picked":"DTMod:Conduct","floor":36},{"not_picked":["DTMod:Hide+1","DTMod:CleansingStrike","DTMod:GhostSkin"],"picked":"SKIP","floor":37},{"not_picked":["DTMod:Coolant+1","DTMod:Hide"],"picked":"DTMod:GhostSkin+1","floor":38},{"not_picked":["DTMod:Threaten+1","DTMod:LastStand"],"picked":"DTMod:Shift+1","floor":40},{"not_picked":["DTMod:BuildUp","DTMod:BizarreTactic"],"picked":"DTMod:ShadowImage","floor":44},{"not_picked":["DTMod:HeatWave+1","DTMod:Threaten+1"],"picked":"DTMod:Shift+1","floor":47},{"not_picked":["DTMod:FlameSlash+1","DTMod:BurningForce+1"],"picked":"DTMod:PurifyingFlame","floor":48},{"not_picked":["DTMod:ComboAttack+1","DTMod:BalancedStrike"],"picked":"DTMod:GhostSkin+1","floor":49},{"not_picked":["DTMod:MagicField","DTMod:BizarreTactic+1"],"picked":"DTMod:BurningForce+1","floor":52},{"not_picked":["DTMod:Inferno","DTMod:Overwhelm+1"],"picked":"DTMod:TagTeam","floor":54}],"player_experience":929623,"relics_obtained":[{"floor":6,"key":"Juzu Bracelet"},{"floor":8,"key":"Odd Mushroom"},{"floor":9,"key":"DTMod:DragonFood"},{"floor":13,"key":"Strawberry"},{"floor":22,"key":"Necronomicon"},{"floor":23,"key":"Dream Catcher"},{"floor":23,"key":"Sundial"},{"floor":26,"key":"Whetstone"},{"floor":31,"key":"Anchor"},{"floor":31,"key":"Happy Flower"},{"floor":40,"key":"Matryoshka"},{"floor":40,"key":"Nunchaku"},{"floor":43,"key":"Oddly Smooth Stone"},{"floor":44,"key":"DTMod:TacticalNote"},{"floor":44,"key":"Omamori"},{"floor":47,"key":"Unceasing Top"},{"floor":47,"key":"FossilizedHelix"},{"floor":54,"key":"Vajra"},{"floor":54,"key":"Boot"}],"event_choices":[{"damage_healed":0,"gold_gain":0,"player_choice":"Success","damage_taken":3,"relics_obtained":["Pantograph"],"max_hp_gain":0,"max_hp_loss":0,"event_name":"Scrap Ooze","floor":4,"gold_loss":0},{"damage_healed":0,"gold_gain":0,"player_choice":"Fought Mushrooms","damage_taken":0,"max_hp_gain":0,"max_hp_loss":0,"event_name":"Mushrooms","floor":8,"gold_loss":0},{"damage_healed":0,"gold_gain":0,"player_choice":"Ignored","damage_taken":0,"max_hp_gain":0,"max_hp_loss":0,"event_name":"Vampires","floor":19,"gold_loss":0},{"damage_healed":0,"gold_gain":0,"player_choice":"Obtained Book","damage_taken":16,"max_hp_gain":0,"max_hp_loss":0,"event_name":"Cursed Tome","floor":22,"gold_loss":0},{"damage_healed":0,"gold_gain":0,"player_choice":"Read","damage_taken":0,"max_hp_gain":0,"max_hp_loss":0,"event_name":"The Library","floor":25,"gold_loss":0,"cards_obtained":["DTMod:ExcessFootwork"]},{"cards_removed":["DTMod:Strike"],"damage_healed":0,"gold_gain":0,"player_choice":"Elegance","damage_taken":0,"max_hp_gain":0,"max_hp_loss":0,"event_name":"Back to Basics","floor":29,"gold_loss":0},{"damage_healed":0,"gold_gain":0,"player_choice":"Forge","damage_taken":0,"max_hp_gain":0,"max_hp_loss":0,"event_name":"Accursed Blacksmith","floor":42,"gold_loss":0,"cards_upgraded":["DTMod:ResonanceForm"]}],"is_beta":false,"boss_relics":[{"not_picked":["Fusion Hammer","Coffee Dripper"],"picked":"Black Star"},{"not_picked":["Velvet Choker","Calling Bell"],"picked":"Snecko Eye"}],"items_purged_floors":[5],"is_endless":false,"potions_floor_spawned":[2,3,6,11,30,31,33,36,48],"ascension_level":4}}