{"host":"d1za9dvx43o9v494","time":1609544172,"event":{"mods":["2.2 Compatiblity","BaseMod","Better-Laid Plans","Colored Map","Downfall","Emptier Cage","Minty Spire (QoL Compilation)","Permanent Neow","StSLib"],"gold_per_floor":[99,176,176,207,279,279,279,279,279],"floor_reached":11,"playtime":663,"items_purged":[],"score":1550,"play_id":"62805823-7dd1-44cf-b208-9ccd3c0850f4","local_time":"20210102023612","is_ascension_mode":true,"campfire_choices":[{"floor":1,"key":"REST"},{"data":"bronze:TinkerersToolbox","floor":8,"key":"SMITH"}],"circlet_count":0,"master_deck":["AscendersBane","bronze:Strike","bronze:Strike","bronze:Strike","bronze:Strike","bronze:Defend","bronze:Defend","bronze:Defend","bronze:Defend","bronze:Replicate","bronze:Goto","bronze:TinkerersToolbox+1","bronze:Branch","bronze:SpaghettiCode"],"relics":["bronze:BronzeCore","bronze:MakeshiftBattery","Regal Pillow","Black Star"],"acts_visited":["Exordium","TheCity","TheBeyond"],"potions_floor_usage":[],"damage_taken":[{"damage":0,"enemies":"Hexaghost","floor":2,"turns":1},{"damage":18,"enemies":"Gremlin Leader","floor":4,"turns":2},{"damage":11,"enemies":"Automaton","floor":5,"turns":3},{"damage":46,"enemies":"Donu and Deca","floor":9,"turns":3},{"damage":0,"enemies":"Time Eater","floor":10,"turns":1}],"seed_played":"6219158107960642534","potions_obtained":[],"is_trial":true,"path_per_floor":["R","B",null,"E","B",null,"R","B","B",null],"character_chosen":"THE_AUTOMATON","items_purchased":[],"campfire_rested":1,"item_purchase_floors":[],"current_hp_per_floor":[63,63,63,45,34,56,56,10,10],"gold":279,"neow_bonus":"","is_daily":false,"chose_seed":false,"campfire_upgraded":1,"win_rate":0.0,"timestamp":1609544172,"path_taken":["R","BOSS","E","BOSS","R","BOSS","BOSS"],"items_purchased_type":[],"build_version":"2020-12-22","purchased_purges":0,"victory":true,"max_hp_per_floor":[63,63,63,63,63,63,63,63,63],"card_choices":[{"not_picked":["bronze:CopyPaste","bronze:Format"],"picked":"bronze:TinkerersToolbox","floor":2},{"not_picked":["bronze:Repulsor","bronze:Refactor"],"picked":"bronze:Branch","floor":4},{"not_picked":["bronze:BurnOut","bronze:Mutator"],"picked":"bronze:SpaghettiCode","floor":5}],"player_experience":609082,"relics_obtained":[{"floor":4,"key":"Regal Pillow"}],"event_choices":[],"is_beta":false,"boss_relics":[{"not_picked":["Philosopher\u0027s Stone","Tiny House"],"picked":"bronze:MakeshiftBattery"},{"not_picked":["expansioncontent:StudyCardRelic","SlaversCollar"],"picked":"Black Star"}],"items_purged_floors":[],"is_endless":false,"potions_floor_spawned":[2,4],"ascension_level":20}}