{"host":"9ndbo4kgsfoemf7y","time":1609491539,"event":{"mods":["AchievementEnabler","BaseMod","Colored Map","DeckTracker","Keyboard Shortcuts","Minty Spire (QoL Compilation)","Permanent Neow","Quick Restart","Relic Stats","StSLib","SuperFastMode"],"gold_per_floor":[119,119,138,154,154,154,154],"floor_reached":6,"playtime":82,"items_purged":[],"score":70,"play_id":"3c2db474-2f2d-4e3b-ab3e-c3b78cbf1408","local_time":"20210101175859","is_ascension_mode":true,"campfire_choices":[],"circlet_count":0,"master_deck":["AscendersBane","Strike_G","Strike_G","Strike_G","Strike_G","Strike_G","Defend_G","Defend_G","Defend_G","Defend_G","Defend_G","Survivor","Neutralize","Bouncing Flask","Heel Hook","Prepared","Pain"],"relics":["Ring of the Snake","NeowsBlessing","Meat on the Bone","WarpedTongs"],"acts_visited":["Exordium"],"potions_floor_usage":[],"damage_taken":[{"damage":0,"enemies":"2 Louse","floor":1,"turns":1},{"damage":0,"enemies":"Cultist","floor":3,"turns":1},{"damage":0,"enemies":"Small Slimes","floor":4,"turns":1},{"damage":45,"enemies":"Lagavulin","floor":6,"turns":5}],"seed_played":"-1361265335481478846","potions_obtained":[{"floor":3,"key":"SpeedPotion"},{"floor":4,"key":"Fire Potion"}],"is_trial":false,"path_per_floor":["M","?","M","M","?","E"],"character_chosen":"THE_SILENT","items_purchased":[],"campfire_rested":0,"item_purchase_floors":[],"current_hp_per_floor":[59,24,36,36,36,0,0],"gold":154,"neow_bonus":"THREE_ENEMY_KILL","is_daily":false,"chose_seed":false,"campfire_upgraded":0,"win_rate":0.0,"timestamp":1609491539,"path_taken":["M","?","M","M","?","E"],"items_purchased_type":[],"build_version":"2020-12-22","purchased_purges":0,"victory":false,"max_hp_per_floor":[66,66,66,66,66,66,66],"relic_stats":{"counters":[4,8],"obtain_stats":[{"NeowsBlessing":0,"Ring of the Snake":0,"Meat on the Bone":2,"WarpedTongs":5},{"NeowsBlessing":0,"Ring of the Snake":0,"Meat on the Bone":1,"WarpedTongs":3},{"NeowsBlessing":0,"Ring of the Snake":0,"Meat on the Bone":1,"WarpedTongs":3}],"Ring of the Snake":[8],"Meat on the Bone":12,"WarpedTongs":[5]},"card_choices":[{"not_picked":["Sucker Punch","Deadly Poison"],"picked":"Bouncing Flask","floor":1},{"not_picked":["Dagger Spray","Deadly Poison"],"picked":"Heel Hook","floor":3},{"not_picked":["Flechettes","Poisoned Stab"],"picked":"Prepared","floor":4}],"player_experience":765370,"relics_obtained":[],"event_choices":[{"damage_healed":0,"gold_gain":0,"player_choice":"Success","damage_taken":35,"relics_obtained":["Meat on the Bone"],"max_hp_gain":0,"max_hp_loss":0,"event_name":"Scrap Ooze","floor":2,"gold_loss":0},{"damage_healed":0,"gold_gain":0,"player_choice":"Rummage","damage_taken":0,"relics_obtained":["WarpedTongs"],"max_hp_gain":0,"max_hp_loss":0,"event_name":"Accursed Blacksmith","floor":5,"gold_loss":0,"cards_obtained":["Pain"]}],"is_beta":false,"boss_relics":[],"items_purged_floors":[],"is_endless":false,"potions_floor_spawned":[3,4],"killed_by":"Lagavulin","ascension_level":19}}