{"host":"sc0o2qwpf9j16a4i","time":1609537240,"event":{"mods":["AchievementEnabler","BaseMod","BetterRewards","Block Reminder","Colored Map","Colored Powertips","Custom Start","Highlight Path","Minty Spire (QoL Compilation)","Relic Stats"],"gold_per_floor":[118,134,134,148,148,148,173,173,173,208,227,243,318,318,318,416,416,440,266,266,266,285,318,147,147,147,147,147,187,187,225,225,318,318,343,676,689,742,756,756,783,452,529,554,331,356,356,384,384,384,384,384,384,2,32,32],"floor_reached":57,"playtime":2243,"items_purged":["Strike_R","Strike_R","Strike_R","Strike_R+1","Defend_R","Defend_R+1"],"score":3900,"play_id":"1d5e71ff-1867-45a5-9600-f067e157e058","local_time":"20210101234040","is_ascension_mode":true,"campfire_choices":[{"data":"Bash","floor":6,"key":"SMITH"},{"data":"Defend_R","floor":8,"key":"SMITH"},{"data":"Demon Form","floor":15,"key":"SMITH"},{"floor":25,"key":"RECALL"},{"floor":27,"key":"REST"},{"floor":32,"key":"REST"},{"floor":40,"key":"REST"},{"floor":49,"key":"REST"},{"floor":53,"key":"REST"}],"circlet_count":0,"master_deck":["AscendersBane","Defend_R+1","Bash+1","Shockwave+1","Burning Pact+1","Body Slam+1","Pommel Strike+1","Demon Form+1","Entrench+1","Uppercut+1","Barricade+1","True Grit+1","Shockwave+1","Feel No Pain","Battle Trance+1","Juggernaut","Heavy Blade+1","Carnage+1","Metallicize","Impervious+1","Sentinel+1","Disarm+1","Body Slam+1","Offering+1","Shrug It Off+1","True Grit+1","Entrench+1","Limit Break+1","Flex+1"],"relics":["Burning Blood","Strawberry","Toxic Egg 2","ClockworkSouvenir","Meat on the Bone","Molten Egg 2","Lee\u0027s Waffle","Pen Nib","Potion Belt","White Beast Statue","Membership Card","Happy Flower","Akabeko","CaptainsWheel","StoneCalendar","Sundial","Ornamental Fan","Fusion Hammer","Bronze Scales","Mummified Hand","OrangePellets","Juzu Bracelet","Whetstone","Singing Bowl","Philosopher\u0027s Stone","Mango","Regal Pillow","Ginger","Incense Burner","Toy Ornithopter","Red Skull","Boot","Toolbox","Orichalcum","Letter Opener"],"acts_visited":["Exordium","TheCity","TheBeyond","TheEnding"],"potions_floor_usage":[7,7,11,12,16,16,16,23,23,23,31,33,33,38,48,50,51,56,56,56,56],"damage_taken":[{"damage":0.0,"enemies":"2 Louse","floor":1.0,"turns":3.0},{"damage":1.0,"enemies":"Small Slimes","floor":2.0,"turns":4.0},{"damage":4.0,"enemies":"Jaw Worm","floor":4.0,"turns":3.0},{"damage":15,"enemies":"3 Sentries","floor":7,"turns":8},{"damage":0,"enemies":"Lagavulin","floor":10,"turns":5},{"damage":13,"enemies":"Large Slime","floor":11,"turns":3},{"damage":0,"enemies":"Exordium Wildlife","floor":12,"turns":3},{"damage":14,"enemies":"Hexaghost","floor":16,"turns":6},{"damage":12,"enemies":"3 Byrds","floor":18,"turns":5},{"damage":0,"enemies":"Chosen","floor":22,"turns":5},{"damage":23,"enemies":"Gremlin Leader","floor":23,"turns":7},{"damage":8,"enemies":"Book of Stabbing","floor":29,"turns":4},{"damage":6,"enemies":"Slavers","floor":31,"turns":3},{"damage":0,"enemies":"Champ","floor":33,"turns":5},{"damage":6,"enemies":"Orb Walker","floor":35,"turns":3},{"damage":0,"enemies":"3 Darklings","floor":37,"turns":6},{"damage":21,"enemies":"2 Orb Walkers","floor":38,"turns":4},{"damage":0,"enemies":"Spire Growth","floor":39,"turns":4},{"damage":0,"enemies":"Giant Head","floor":41,"turns":5},{"damage":0,"enemies":"Mind Bloom Boss Battle","floor":44,"turns":2},{"damage":6,"enemies":"Nemesis","floor":46,"turns":3},{"damage":34,"enemies":"Reptomancer","floor":48,"turns":4},{"damage":6,"enemies":"Time Eater","floor":50,"turns":7},{"damage":32,"enemies":"Awakened One","floor":51,"turns":5},{"damage":6,"enemies":"Shield and Spear","floor":55,"turns":4},{"damage":15,"enemies":"The Heart","floor":56,"turns":7}],"seed_played":"7657415261505609573","potions_obtained":[{"floor":1.0,"key":"Energy Potion"},{"floor":2.0,"key":"Energy Potion"},{"floor":4,"key":"PowerPotion"},{"floor":7,"key":"SpeedPotion"},{"floor":10,"key":"Fire Potion"},{"floor":11,"key":"SkillPotion"},{"floor":12,"key":"Regen Potion"},{"floor":16,"key":"Regen Potion"},{"floor":18,"key":"GamblersBrew"},{"floor":22,"key":"Energy Potion"},{"floor":23,"key":"Regen Potion"},{"floor":29,"key":"FearPotion"},{"floor":31,"key":"Strength Potion"},{"floor":33,"key":"FairyPotion"},{"floor":35,"key":"BlessingOfTheForge"},{"floor":37,"key":"DistilledChaos"},{"floor":38,"key":"EssenceOfSteel"},{"floor":41,"key":"Strength Potion"},{"floor":48,"key":"FearPotion"},{"floor":55,"key":"Block Potion"}],"is_trial":false,"path_per_floor":["M","M","?","M","?","R","E","R","T","E","M","M","?","?","R","B",null,"M","$","?","?","M","E","$","R","T","R","?","E","?","E","R","B",null,"M","?","M","?","M","R","E","$","T","?","$","E","?","E","R","B","B",null,"R","$","E","B",null],"character_chosen":"IRONCLAD","items_purchased":["Strawberry","Toxic Egg 2","ClockworkSouvenir","Meat on the Bone","Molten Egg 2","Lee\u0027s Waffle","Shockwave+1","Pen Nib","Potion Belt","White Beast Statue","Membership Card","Happy Flower","Akabeko","CaptainsWheel","BloodPotion","Shockwave+1","Bronze Scales","OrangePellets","PowerPotion","Ginger","Offering+1","Toy Ornithopter","True Grit+1","SkillPotion","Limit Break+1","Toolbox","Orichalcum","SpeedPotion","Swift Potion","Flex+1"],"campfire_rested":5,"item_purchase_floors":[0,0,0,0,0,0,0,0,0,0,0,0,0,0,0,19,19,24,24,42,42,45,45,45,54,54,54,54,54,54],"current_hp_per_floor":[89,89,62,64,57,57,60,60,60,66,59,82,71,40,40,59,82,76,76,76,76,82,80,80,80,80,89,89,87,87,87,89,89,89,89,89,91,90,98,107,107,107,107,107,107,107,102,76,104,104,83,99,104,104,106,103],"gold":32,"neow_bonus":"","is_daily":false,"chose_seed":false,"campfire_upgraded":3,"win_rate":0.0,"timestamp":1609537240,"path_taken":["M","M","?","M","?","R","E","R","T","E","M","M","?","?","R","BOSS","M","$","?","?","M","E","$","R","T","R","?","E","?","E","R","BOSS","M","?","M","?","M","R","E","?","T","?","$","E","?","E","R","BOSS","BOSS","R","$","E","BOSS"],"items_purchased_type":["Relic","Relic","Relic","Relic","Relic","Relic","Card","Relic","Relic","Relic","Relic","Relic","Relic","Relic","Potion","Card","Relic","Relic","Potion","Relic","Card","Relic","Card","Potion","Card","Relic","Relic","Potion","Potion","Card"],"build_version":"2020-12-22","purchased_purges":6,"victory":true,"max_hp_per_floor":[89,89,89,89,89,89,89,89,89,89,89,89,89,89,89,89,89,89,89,89,89,89,89,89,89,89,89,89,89,89,89,89,89,89,89,89,91,105,107,107,107,107,107,107,107,107,102,104,104,104,104,104,104,104,106,106],"relic_stats":{"Lee\u0027s Waffle":118,"Regal Pillow":0,"Happy Flower":[71],"Singing Bowl":28,"counters":[74,392],"StoneCalendar":[25],"Pen Nib":[39],"Juzu Bracelet":2,"Whetstone":[],"Ginger":[3],"Letter Opener":[153],"Orichalcum":[294],"Boot":[41],"Burning Blood":404,"OrangePellets":[33],"Sundial":[20],"Ornamental Fan":[48],"Mummified Hand":[94],"Bronze Scales":[607],"obtain_stats":[{"Gremlin Horn":25,"Whetstone":29,"Ginger":42,"Boot":23,"Sozu":17,"Lizard Tail":41,"Sundial":9,"Strawberry":9,"MealTicket":12,"Philosopher\u0027s Stone":34,"Fusion Hammer":17,"Toxic Egg 2":0,"Happy Flower":0,"Dead Branch":38,"Pen Nib":0,"Letter Opener":55,"War Paint":54,"Question Card":26,"Akabeko":46,"WarpedTongs":8,"Runic Dome":17,"OrangePellets":0,"Bronze Scales":19,"Molten Egg 2":0,"Unceasing Top":31,"Meat on the Bone":0,"Lantern":0,"Regal Pillow":41,"Singing Bowl":7,"Magic Flower":21,"Black Blood":34,"StoneCalendar":7,"Mango":38,"Juzu Bracelet":26,"Incense Burner":44,"Ancient Tea Set":24,"Burning Blood":0,"ClockworkSouvenir":0,"Dream Catcher":22,"Nunchaku":40,"Mummified Hand":23,"Toolbox":54,"Red Mask":22,"Red Skull":30,"Potion Belt":0,"Lee\u0027s Waffle":0,"Golden Idol":14,"Omamori":43,"Orichalcum":54,"Medical Kit":0,"White Beast Statue":0,"CaptainsWheel":0,"Busted Crown":34,"Ornamental Fan":10,"Orrery":54,"Champion Belt":9,"Membership Card":14,"Toy Ornithopter":45},{"Gremlin Horn":31,"Whetstone":60,"Ginger":67,"Boot":30,"Sozu":26,"Lizard Tail":40,"Sundial":52,"Strawberry":4,"MealTicket":7,"Philosopher\u0027s Stone":62,"Fusion Hammer":56,"Toxic Egg 2":48,"Happy Flower":48,"Dead Branch":38,"Pen Nib":20,"Letter Opener":73,"War Paint":46,"Question Card":12,"Akabeko":43,"WarpedTongs":4,"Runic Dome":9,"OrangePellets":20,"Bronze Scales":57,"Molten Egg 2":48,"Unceasing Top":15,"Meat on the Bone":48,"Lantern":20,"Regal Pillow":67,"Singing Bowl":4,"Magic Flower":11,"Black Blood":16,"StoneCalendar":52,"Mango":65,"Juzu Bracelet":59,"Incense Burner":68,"Ancient Tea Set":12,"Burning Blood":0,"ClockworkSouvenir":48,"Dream Catcher":11,"Nunchaku":19,"Mummified Hand":59,"Toolbox":72,"Red Mask":29,"Red Skull":32,"Potion Belt":48,"Lee\u0027s Waffle":48,"Golden Idol":55,"Omamori":40,"Orichalcum":72,"Medical Kit":20,"White Beast Statue":48,"CaptainsWheel":48,"Busted Crown":34,"Ornamental Fan":53,"Orrery":46,"Champion Belt":23,"Membership Card":25,"Toy Ornithopter":68},{"Gremlin Horn":166,"Whetstone":330,"Ginger":360,"Boot":160,"Sozu":139,"Lizard Tail":227,"Sundial":292,"Strawberry":17,"MealTicket":31,"Philosopher\u0027s Stone":338,"Fusion Hammer":309,"Toxic Egg 2":274,"Happy Flower":274,"Dead Branch":213,"Pen Nib":111,"Letter Opener":385,"War Paint":261,"Question Card":58,"Akabeko":242,"WarpedTongs":17,"Runic Dome":42,"OrangePellets":111,"Bronze Scales":314,"Molten Egg 2":274,"Unceasing Top":76,"Meat on the Bone":274,"Lantern":111,"Regal Pillow":360,"Singing Bowl":17,"Magic Flower":51,"Black Blood":83,"StoneCalendar":292,"Mango":351,"Juzu Bracelet":326,"Incense Burner":362,"Ancient Tea Set":58,"Burning Blood":0,"ClockworkSouvenir":274,"Dream Catcher":51,"Nunchaku":104,"Mummified Hand":326,"Toolbox":381,"Red Mask":152,"Red Skull":171,"Potion Belt":274,"Lee\u0027s Waffle":274,"Golden Idol":303,"Omamori":227,"Orichalcum":381,"Medical Kit":111,"White Beast Statue":274,"CaptainsWheel":274,"Busted Crown":189,"Ornamental Fan":297,"Orrery":261,"Champion Belt":120,"Membership Card":130,"Toy Ornithopter":362}],"Toy Ornithopter":11,"Meat on the Bone":24},"card_choices":[{"not_picked":["Bloodletting+1","Seeing Red+1","Evolve"],"picked":"SKIP","floor":1.0},{"not_picked":["Warcry+1","Rage+1"],"picked":"Burning Pact+1","floor":2.0},{"not_picked":["Armaments+1","Warcry+1"],"picked":"Body Slam+1","floor":4},{"not_picked":["Twin Strike+1","Seeing Red+1"],"picked":"Pommel Strike+1","floor":7},{"not_picked":["Body Slam+1","Cleave+1"],"picked":"Demon Form","floor":10},{"not_picked":["Sever Soul+1","Wild Strike+1"],"picked":"Entrench+1","floor":11},{"not_picked":["Dropkick+1","Sword Boomerang+1"],"picked":"Uppercut+1","floor":12},{"not_picked":["Exhume+1","Brutality"],"picked":"Barricade","floor":16},{"not_picked":["Metallicize","Clash+1"],"picked":"True Grit+1","floor":18},{"not_picked":["Body Slam+1","Perfected Strike+1"],"picked":"Battle Trance+1","floor":22},{"not_picked":["Armaments+1","Ghostly Armor+1"],"picked":"Juggernaut","floor":23},{"not_picked":["Reckless Charge+1","Twin Strike+1"],"picked":"Heavy Blade+1","floor":29},{"not_picked":["Wild Strike+1","Clothesline+1"],"picked":"Metallicize","floor":31},{"not_picked":["Bludgeon+1","Demon Form"],"picked":"Impervious+1","floor":33},{"not_picked":["Shrug It Off+1","Clothesline+1"],"picked":"Sentinel+1","floor":35},{"not_picked":["Headbutt+1","Thunderclap+1","Wild Strike+1"],"picked":"Singing Bowl","floor":37},{"not_picked":["Shockwave+1","Havoc+1"],"picked":"Disarm+1","floor":38},{"not_picked":["Heavy Blade+1","Hemokinesis+1","Twin Strike+1"],"picked":"Singing Bowl","floor":39},{"not_picked":["Sword Boomerang+1","Double Tap+1"],"picked":"Body Slam+1","floor":41},{"not_picked":["Uppercut+1","Evolve"],"picked":"Shrug It Off+1","floor":44},{"not_picked":["Uppercut+1","Evolve"],"picked":"Entrench+1","floor":46},{"not_picked":["Inflame","Blood for Blood+1","Barricade"],"picked":"Singing Bowl","floor":48},{"not_picked":["Thunderclap+1","Second Wind+1","Pummel+1"],"picked":"Singing Bowl","floor":55}],"player_experience":497192,"relics_obtained":[{"floor":7,"key":"StoneCalendar"},{"floor":9,"key":"Sundial"},{"floor":10,"key":"Ornamental Fan"},{"floor":23,"key":"Mummified Hand"},{"floor":26,"key":"Juzu Bracelet"},{"floor":29,"key":"Whetstone"},{"floor":31,"key":"Singing Bowl"},{"floor":38,"key":"Mango"},{"floor":41,"key":"Regal Pillow"},{"floor":44,"key":"Incense Burner"},{"floor":46,"key":"Red Skull"},{"floor":48,"key":"Boot"},{"floor":55,"key":"Letter Opener"}],"event_choices":[{"damage_healed":0.0,"max_hp_gain":0.0,"max_hp_loss":0.0,"gold_gain":0.0,"event_name":"Shining Light","player_choice":"Entered Light","floor":3.0,"gold_loss":0.0,"damage_taken":27.0,"cards_upgraded":["Defend_R","Strike_R"]},{"cards_removed":["Strike_R"],"damage_healed":0,"gold_gain":0,"player_choice":"Card Removal","damage_taken":7,"max_hp_gain":0,"max_hp_loss":0,"event_name":"Golden Wing","floor":5,"gold_loss":0},{"damage_healed":0,"gold_gain":75,"player_choice":"Gather Gold","damage_taken":11,"max_hp_gain":0,"max_hp_loss":0,"event_name":"World of Goop","floor":13,"gold_loss":0},{"damage_healed":0,"gold_gain":0,"player_choice":"Take Damage","damage_taken":31,"relics_obtained":["Golden Idol"],"max_hp_gain":0,"max_hp_loss":0,"event_name":"Golden Idol","floor":14,"gold_loss":0},{"damage_healed":0,"gold_gain":0,"player_choice":"Read","damage_taken":0,"max_hp_gain":0,"max_hp_loss":0,"event_name":"The Library","floor":20,"gold_loss":0,"cards_obtained":["Feel No Pain"]},{"damage_healed":0,"gold_gain":0,"player_choice":"Ignored","damage_taken":0,"max_hp_gain":0,"max_hp_loss":0,"event_name":"The Mausoleum","floor":21,"gold_loss":0},{"damage_healed":0,"gold_gain":0,"player_choice":"Forge","damage_taken":0,"max_hp_gain":0,"max_hp_loss":0,"event_name":"Accursed Blacksmith","floor":28,"gold_loss":0,"cards_upgraded":["Barricade"]},{"damage_healed":0,"gold_gain":0,"cards_transformed":["Defend_R"],"player_choice":"Transformed","damage_taken":0,"max_hp_gain":0,"max_hp_loss":0,"event_name":"Transmorgrifier","floor":30,"gold_loss":0,"cards_obtained":["Carnage"]},{"damage_healed":0,"gold_gain":333,"player_choice":"Gave Idol","damage_taken":0,"max_hp_gain":0,"max_hp_loss":0,"event_name":"The Moai Head","floor":36,"relics_lost":["Golden Idol"],"gold_loss":0},{"damage_healed":0,"gold_gain":0,"player_choice":"Fight","damage_taken":0,"max_hp_gain":0,"max_hp_loss":0,"event_name":"Mysterious Sphere","floor":38,"gold_loss":0},{"damage_healed":0,"gold_gain":0,"player_choice":"Fight","damage_taken":0,"max_hp_gain":0,"max_hp_loss":0,"event_name":"MindBloom","floor":44,"gold_loss":0},{"damage_healed":0,"gold_gain":0,"player_choice":"Max HP","damage_taken":0,"max_hp_gain":0,"max_hp_loss":5,"event_name":"Winding Halls","floor":47,"gold_loss":0}],"is_beta":false,"boss_relics":[{"not_picked":["Ectoplasm","Mark of Pain"],"picked":"Fusion Hammer"},{"not_picked":["Calling Bell","Tiny House"],"picked":"Philosopher\u0027s Stone"}],"items_purged_floors":[0,19,24,42,45,54],"is_endless":false,"potions_floor_spawned":[1,2,4,7,10,11,12,16,18,22,23,29,31,33,35,37,38,39,41,44,46,48,55],"ascension_level":20}}