{"host":"sav7uxregyirlf69","time":1609463941,"event":{"mods":["AchievementEnabler","BaseMod","Colored Map","DeckTracker","Keyboard Shortcuts","Minty Spire (QoL Compilation)","READ ME - Guardian Mod","StSLib","SuperFastMode"],"gold_per_floor":[112,126,126,126,141,176,176,176,176],"floor_reached":8,"playtime":149,"items_purged":[],"score":112,"play_id":"05314a61-4d98-46c4-9a2a-3048e58a0111","local_time":"20210101101901","is_ascension_mode":true,"campfire_choices":[{"data":"Unload","floor":7,"key":"SMITH"}],"circlet_count":0,"master_deck":["AscendersBane","Strike_G","Strike_G","Strike_G","Strike_G","Defend_G","Defend_G","Defend_G","Defend_G","Survivor","Neutralize","Unload+1","Backstab","Dodge and Roll","Footwork"],"relics":["Ring of the Snake","Pear"],"acts_visited":["Exordium"],"potions_floor_usage":[6],"damage_taken":[{"damage":0.0,"enemies":"Cultist","floor":1.0,"turns":3.0},{"damage":0.0,"enemies":"Small Slimes","floor":2.0,"turns":3.0},{"damage":0,"enemies":"Jaw Worm","floor":5,"turns":2},{"damage":23,"enemies":"3 Sentries","floor":6,"turns":10},{"damage":56,"enemies":"Gremlin Nob","floor":8,"turns":4}],"seed_played":"1552369131884713631","potions_obtained":[{"floor":1.0,"key":"AttackPotion"}],"is_trial":false,"path_per_floor":["M","M","T","?","M","E","R","E"],"character_chosen":"THE_SILENT","items_purchased":[],"campfire_rested":0,"item_purchase_floors":[],"current_hp_per_floor":[59,59,59,52,52,39,39,0,0],"gold":176,"neow_bonus":"TRANSFORM_CARD","is_daily":false,"chose_seed":false,"campfire_upgraded":1,"win_rate":0.0,"timestamp":1609463941,"path_taken":["M","M","?","?","M","E","R","E"],"items_purchased_type":[],"build_version":"2020-12-22","purchased_purges":0,"victory":false,"max_hp_per_floor":[66,66,66,66,66,76,76,76,76],"card_choices":[{"not_picked":["Expertise","Flying Knee","Slice"],"picked":"SKIP","floor":1.0},{"not_picked":["Flechettes","Prepared"],"picked":"Backstab","floor":2.0},{"not_picked":["Bane","Dagger Spray"],"picked":"Dodge and Roll","floor":5},{"not_picked":["Poisoned Stab","Predator"],"picked":"Footwork","floor":6}],"player_experience":1086516,"relics_obtained":[{"floor":6,"key":"Pear"}],"event_choices":[{"cards_removed":["Defend_G"],"damage_healed":0,"gold_gain":0,"player_choice":"Card Removal","damage_taken":7,"max_hp_gain":0,"max_hp_loss":0,"event_name":"Golden Wing","floor":4,"gold_loss":0}],"is_beta":false,"boss_relics":[],"items_purged_floors":[],"is_endless":false,"potions_floor_spawned":[1],"killed_by":"Gremlin Nob","ascension_level":20}}