{"host":"etr9f2q07ig588e0","time":1609494355,"event":{"mods":["BaseMod","Downfall","Googly Eyes","Hubris","Minty Spire (QoL Compilation)","Replay The Spire","StSLib","SuperFastMode"],"gold_per_floor":[116,116,116,116,116,150,43,63,63,63,78,121,121,134,134,254,254,254,254,254,254,254,254,209,209,209],"floor_reached":25,"playtime":32465,"items_purged":[],"score":259,"play_id":"c2eb0e11-25e5-48c8-882c-849a87fdf221","local_time":"20210101124555","is_ascension_mode":true,"campfire_choices":[{"floor":10,"key":"REST"},{"floor":13,"key":"REST"},{"data":"Sever Soul","floor":15,"key":"SMITH"},{"floor":23,"key":"REST"}],"circlet_count":0,"master_deck":["Strike_R","Strike_R","Strike_R","Strike_R","Strike_R","Defend_R","Defend_R","Defend_R","Defend_R","Bash","Anger","Injury","Headbutt","Flex","Iron Wave","Clash","Sever Soul+1","Bludgeon","Dropkick","hubris:DuctTapeCard","Juggernaut","Flex"],"relics":["Burning Blood","King of Hearts","Golden Idol","hubris:ToyBattleship","Quantum Egg","Replay:Bottled Steam","Ectoplasm","hubris:DuctTape"],"acts_visited":["Exordium","TheCity"],"potions_floor_usage":[16,16,25],"damage_taken":[{"damage":0,"enemies":"Small Slimes","floor":1,"turns":3},{"damage":40,"enemies":"3 Sentries","floor":6,"turns":10},{"damage":9,"enemies":"2 Louse","floor":8,"turns":3},{"damage":2,"enemies":"Jaw Worm","floor":11,"turns":2},{"damage":36,"enemies":"Lagavulin","floor":12,"turns":7},{"damage":7,"enemies":"Looter","floor":14,"turns":3},{"damage":68,"enemies":"Hexaghost","floor":16,"turns":10},{"damage":26,"enemies":"Shell Parasite","floor":18,"turns":4},{"damage":18,"enemies":"2 Thieves","floor":24,"turns":3},{"damage":62,"enemies":"Gremlin Leader","floor":25,"turns":5}],"seed_played":"-7404293387598049740","potions_obtained":[{"floor":1,"key":"BlessingOfTheForge"},{"floor":11,"key":"Swift Potion"},{"floor":14,"key":"Weak Potion"}],"is_trial":false,"path_per_floor":["M","?","?","?","?","E","$","M","T","R","M","E","R","M","R","B",null,"M","?","?","T","?","R","M","E"],"character_chosen":"IRONCLAD","items_purchased":["Flex","Iron Wave"],"campfire_rested":3,"item_purchase_floors":[7,7],"current_hp_per_floor":[80,80,80,85,85,51,51,48,48,73,77,47,72,71,71,9,66,46,46,46,46,46,71,59,0,0],"gold":209,"neow_bonus":"RANDOM_COMMON_RELIC","is_daily":false,"chose_seed":false,"campfire_upgraded":1,"win_rate":0.0,"timestamp":1609494355,"path_taken":["M","?","?","?","?","E","?","?","T","R","M","E","R","M","R","BOSS","M","?","?","?","?","R","?","E"],"items_purchased_type":["Card","Card"],"build_version":"2020-12-22","purchased_purges":0,"victory":false,"max_hp_per_floor":[80,80,80,85,85,85,85,85,85,85,85,85,85,85,85,85,85,85,85,85,85,85,85,85,85,85],"card_choices":[{"not_picked":["Whirlwind","Dropkick"],"picked":"Anger","floor":1},{"not_picked":["Dual Wield","ReplayTheSpireMod:Strike From Hell"],"picked":"Headbutt","floor":6},{"not_picked":["Dropkick","Iron Wave"],"picked":"Clash","floor":8},{"not_picked":["Perfected Strike","Bloodletting"],"picked":"Run Through","floor":11},{"not_picked":["ReplayTheSpireMod:Muscle Training","Reckless Charge"],"picked":"Sword Boomerang","floor":12},{"not_picked":["Power Through","ReplayTheSpireMod:LeadingStrike"],"picked":"Sever Soul","floor":14},{"not_picked":["Hemogenesis","hubris:StunningStrike"],"picked":"Bludgeon","floor":16},{"not_picked":["Twin Strike","Armaments"],"picked":"Dropkick","floor":18},{"not_picked":["Pommel Strike+1","Body Slam"],"picked":"Flex","floor":24}],"player_experience":439654,"relics_obtained":[{"floor":6,"key":"hubris:ToyBattleship"},{"floor":9,"key":"Quantum Egg"},{"floor":12,"key":"Replay:Bottled Steam"},{"floor":21,"key":"hubris:DuctTape"}],"event_choices":[{"damage_healed":0,"gold_gain":0,"player_choice":"Take Wound","damage_taken":0,"relics_obtained":["Golden Idol"],"max_hp_gain":0,"max_hp_loss":0,"event_name":"Golden Idol","floor":2,"gold_loss":0,"cards_obtained":["Injury"]},{"damage_healed":0,"gold_gain":0,"player_choice":"Donut","damage_taken":0,"max_hp_gain":5,"max_hp_loss":0,"event_name":"Big Fish","floor":4,"gold_loss":0},{"damage_healed":0,"gold_gain":0,"player_choice":"Ignored","damage_taken":0,"max_hp_gain":0,"max_hp_loss":0,"event_name":"Liars Game","floor":5,"gold_loss":0},{"damage_healed":0,"gold_gain":0,"player_choice":"1 cards matched","damage_taken":0,"max_hp_gain":0,"max_hp_loss":0,"event_name":"Match and Keep!","floor":22,"gold_loss":0,"cards_obtained":["Juggernaut"]}],"is_beta":false,"boss_relics":[{"not_picked":["Black Star","hubris:GrandSneckoEye"],"picked":"Ectoplasm"}],"items_purged_floors":[],"is_endless":false,"potions_floor_spawned":[1,11,14],"killed_by":"Gremlin Leader","ascension_level":5}}