{"host":"2se5dq1do2gp0x9k","time":1609472316,"event":{"mods":["AchievementEnabler","BaseMod","Block Reminder","Colored Map","Colored Powertips","Minty Spire (QoL Compilation)","Relic Stats","StSLib","SuperFastMode"],"gold_per_floor":[219,63,81,81,81,81,98,98,98,113,146,163,163,88,88,165,165,184,184,197,97,97,97,112,112,112],"floor_reached":25,"playtime":623,"items_purged":["Zap","Strike_B"],"score":452,"play_id":"d9d037e3-1924-4b75-9a6e-297d06fe37d0","local_time":"20201231193836","is_ascension_mode":true,"campfire_choices":[{"data":"Hyperbeam","floor":6.0,"key":"SMITH"},{"data":"Go for the Eyes","floor":8.0,"key":"SMITH"},{"data":"Beam Cell","floor":13.0,"key":"SMITH"},{"floor":15.0,"key":"DIG"},{"floor":23,"key":"DIG"}],"circlet_count":0,"master_deck":["AscendersBane","Strike_B","Strike_B","Strike_B","Defend_B","Defend_B","Defend_B","Defend_B+1","Dualcast+1","Ball Lightning","Hyperbeam+1","Reinforced Body","Go for the Eyes+1","Rebound","Beam Cell+1","Skim","Creative AI+1","Leap","Pain","Rebound","Conserve Battery"],"relics":["Cracked Core","Frozen Egg 2","FossilizedHelix","Shovel","Girya","Philosopher\u0027s Stone","WarpedTongs","Art of War"],"acts_visited":["Exordium","TheCity"],"potions_floor_usage":[24],"damage_taken":[{"damage":5.0,"enemies":"Small Slimes","floor":1.0,"turns":4.0},{"damage":7.0,"enemies":"Jaw Worm","floor":3.0,"turns":2.0},{"damage":0.0,"enemies":"Cultist","floor":7.0,"turns":2.0},{"damage":0.0,"enemies":"Large Slime","floor":10.0,"turns":2.0},{"damage":0.0,"enemies":"3 Sentries","floor":11.0,"turns":3.0},{"damage":0.0,"enemies":"Looter","floor":12.0,"turns":2.0},{"damage":22.0,"enemies":"Hexaghost","floor":16.0,"turns":8.0},{"damage":14.0,"enemies":"Shell Parasite","floor":18.0,"turns":5.0},{"damage":0.0,"enemies":"Spheric Guardian","floor":20.0,"turns":2.0},{"damage":31,"enemies":"Snake Plant","floor":24,"turns":4},{"damage":21,"enemies":"Snecko","floor":25,"turns":5}],"seed_played":"1783029048624928739","potions_obtained":[{"floor":3.0,"key":"SmokeBomb"},{"floor":7.0,"key":"SpeedPotion"},{"floor":11.0,"key":"BlessingOfTheForge"},{"floor":12.0,"key":"DistilledChaos"},{"floor":16.0,"key":"DuplicationPotion"}],"is_trial":false,"path_per_floor":["M","$","M","?","T","R","M","R","T","M","E","M","R","$","R","B",null,"M","?","M","$","$","R","M","M"],"character_chosen":"DEFECT","items_purchased":["Hyperbeam"],"campfire_rested":0,"item_purchase_floors":[2],"current_hp_per_floor":[59,59,52,31,31,31,31,31,31,31,31,31,31,31,31,9,56,42,42,42,42,42,42,11,0,0],"gold":112,"neow_bonus":"HUNDRED_GOLD","is_daily":false,"chose_seed":false,"campfire_upgraded":3,"win_rate":0.0,"timestamp":1609472316,"path_taken":["M","$","M","?","?","R","M","R","T","M","E","M","R","$","R","BOSS","M","?","M","$","?","R","M","M"],"items_purchased_type":["Card"],"build_version":"2020-12-22","purchased_purges":2,"victory":false,"max_hp_per_floor":[71,71,71,71,71,71,71,71,71,71,71,71,71,71,71,71,71,71,71,71,71,71,71,71,71,71],"relic_stats":{"Shovel":2,"counters":[11,39],"Art of War":[2],"obtain_stats":[{"Girya":15,"Shovel":11,"Philosopher\u0027s Stone":17,"Art of War":23,"Frozen Egg 2":5,"Cracked Core":0,"FossilizedHelix":9,"WarpedTongs":19},{"Girya":6,"Shovel":5,"Philosopher\u0027s Stone":7,"Art of War":9,"Frozen Egg 2":2,"Cracked Core":0,"FossilizedHelix":3,"WarpedTongs":8},{"Girya":15,"Shovel":13,"Philosopher\u0027s Stone":23,"Art of War":30,"Frozen Egg 2":6,"Cracked Core":0,"FossilizedHelix":8,"WarpedTongs":28}],"WarpedTongs":[11]},"card_choices":[{"not_picked":["Rebound","Compile Driver"],"picked":"Ball Lightning","floor":1.0},{"not_picked":["Beam Cell","Barrage"],"picked":"Reinforced Body","floor":3.0},{"not_picked":["Stack","Turbo"],"picked":"Go for the Eyes","floor":7.0},{"not_picked":["Conserve Battery","Steam"],"picked":"Rebound","floor":10.0},{"not_picked":["White Noise","Redo"],"picked":"Beam Cell","floor":11.0},{"not_picked":["Sweeping Beam","Electrodynamics+1"],"picked":"Skim","floor":12.0},{"not_picked":["Multi-Cast","Thunder Strike"],"picked":"Creative AI+1","floor":16.0},{"not_picked":["Defragment+1","Coolheaded+1"],"picked":"Leap","floor":18.0},{"not_picked":["Go for the Eyes","Loop+1"],"picked":"Rebound","floor":20.0},{"not_picked":["Turbo+1","Streamline"],"picked":"Conserve Battery","floor":24}],"player_experience":3680672,"relics_obtained":[{"floor":5.0,"key":"Frozen Egg 2"},{"floor":9.0,"key":"FossilizedHelix"},{"floor":11.0,"key":"Shovel"},{"floor":15.0,"key":"Girya"},{"floor":23,"key":"Art of War"}],"event_choices":[{"damage_healed":0.0,"max_hp_gain":0.0,"max_hp_loss":0.0,"gold_gain":0.0,"event_name":"Shining Light","player_choice":"Entered Light","floor":4.0,"gold_loss":0.0,"damage_taken":21.0,"cards_upgraded":["Dualcast","Defend_B"]},{"damage_healed":0.0,"max_hp_gain":0.0,"max_hp_loss":0.0,"gold_gain":0.0,"event_name":"Accursed Blacksmith","player_choice":"Rummage","floor":19.0,"gold_loss":0.0,"damage_taken":0.0,"relics_obtained":["WarpedTongs"],"cards_obtained":["Pain"]}],"is_beta":false,"boss_relics":[{"not_picked":["Tiny House","FrozenCore"],"picked":"Philosopher\u0027s Stone"}],"items_purged_floors":[14,21],"is_endless":false,"potions_floor_spawned":[3,7,11,12,16,18],"killed_by":"Snecko","ascension_level":20}}