{"host":"brd61wijv1cf72gn","time":1609510918,"event":{"mods":["BaseMod","Conspire","Downfall","Minty Spire (QoL Compilation)","Replay The Spire","StSLib","The Bug Knight","The Cursed"],"gold_per_floor":[111,136,146,146,156,186,186,217,266,191,206,230,20,42,42,142,142,159,174,192,48,62,62,87,99,111,123,153,165,177,207,219,333,345,371,383,414,426,1,1,1,1,11,11,11,38,38,49,49,60,60,60,60],"floor_reached":52,"playtime":3655,"items_purged":["Pain"],"score":660,"play_id":"7c7f8da4-96c8-44db-925a-cde737dcd317","local_time":"20210101222158","is_ascension_mode":false,"campfire_choices":[{"data":"HollowMod:FocusHealStart","floor":7.0,"key":"SMITH"},{"floor":15.0,"key":"REST"},{"data":"HollowMod:SlysStrikes","floor":23.0,"key":"SMITH"},{"floor":27.0,"key":"REST"},{"data":"HollowMod:SoulMaster","floor":30.0,"key":"SMITH"},{"data":"HollowMod:HornetsHelp","floor":32.0,"key":"SMITH"},{"floor":42,"key":"REST"},{"floor":44,"key":"REST"},{"floor":49,"key":"REST"},{"floor":51,"key":"REST"}],"circlet_count":0,"master_deck":["HollowMod:NailStrikeStart+1","HollowMod:NailStrikeStart+1","HollowMod:NailStrikeStart+1","HollowMod:NailStrikeStart+1","HollowMod:QuickDashStart+1","HollowMod:QuickDashStart+1","HollowMod:QuickDashStart+1","HollowMod:QuickDashStart+1","HollowMod:FocusHealStart+1","HollowMod:PogoStrike+1","HollowMod:SoulSplash","HollowMod:QuirrelsAssistance+1","HollowMod:SoulStrike+1","HollowMod:SoulShaman","HollowMod:HornetsHelp+1","HollowMod:DashSlash","HollowMod:SlysStrikes+1","HollowMod:ZotesMagnificence+1","CurseOfTheBell","HollowMod:HowlingWraiths","HollowMod:PerfectDash","HollowMod:ChannelNail","HollowMod:HornetsHelp+1","HollowMod:SoulMaster+1","HollowMod:theNailsmith+1","Good Instincts","HollowMod:SoulSplash+1","HollowMod:NewGlowingWomb","HollowMod:SoulSplash+1","HollowMod:SoulStrike+1","HollowMod:BaldurShell","HollowMod:SoulStrike+1"],"relics":["HollowMod:VesselMask","NeowsBlessing","Meat on the Bone","WarpedTongs","Whetstone","Ginger","Boot","HollowMod:MillibellesNoteRelic","Odd Mushroom","Calling Bell","PreservedInsect","Pantograph","Replay:Towering Pillar of Hats","Guide Book","MawBank","Torii","Runic Pyramid","Gremlin Food","Chemical X","conspire:DeflatedDodgeball","Pen Nib"],"acts_visited":["Exordium","TheCity","TheBeyond"],"potions_floor_usage":[37,52,52,52],"damage_taken":[{"damage":0.0,"enemies":"conspire:RoseBush","floor":1.0,"turns":1.0},{"damage":0.0,"enemies":"conspire:MimicChest","floor":2.0,"turns":1.0},{"damage":0.0,"enemies":"2 Louse","floor":3.0,"turns":1.0},{"damage":4.0,"enemies":"Cultist","floor":5.0,"turns":3.0},{"damage":23.0,"enemies":"Replay:BlueRogue","floor":6.0,"turns":6.0},{"damage":10.0,"enemies":"Gremlin Nob","floor":8.0,"turns":3.0},{"damage":11.0,"enemies":"3 Louse","floor":11.0,"turns":2.0},{"damage":14.0,"enemies":"The Mushroom Lair","floor":14.0,"turns":4.0},{"damage":18.0,"enemies":"Slime Boss","floor":16.0,"turns":8.0},{"damage":12.0,"enemies":"conspire:FuzzyDice","floor":18.0,"turns":6.0},{"damage":12.0,"enemies":"Shell Parasite","floor":19.0,"turns":6.0},{"damage":24.0,"enemies":"Centurion and Healer","floor":20.0,"turns":8.0},{"damage":1.0,"enemies":"Snecko","floor":22.0,"turns":5.0},{"damage":27.0,"enemies":"Book of Stabbing","floor":24.0,"turns":6.0},{"damage":1.0,"enemies":"Chosen and Byrds","floor":28.0,"turns":6.0},{"damage":13.0,"enemies":"Centurion and Healer","floor":31.0,"turns":4.0},{"damage":32.0,"enemies":"Pondfish","floor":33.0,"turns":9.0},{"damage":18,"enemies":"3 Shapes","floor":35,"turns":6},{"damage":17,"enemies":"3 Darklings","floor":37,"turns":4},{"damage":25,"enemies":"Jaw Worm Horde","floor":43,"turns":5},{"damage":42,"enemies":"Reptomancer","floor":46,"turns":6},{"damage":31,"enemies":"Maw","floor":48,"turns":6},{"damage":16,"enemies":"3 Darklings","floor":50,"turns":4},{"damage":96,"enemies":"conspire:OrnateMirror","floor":52,"turns":8}],"seed_played":"-2183908913226206295","potions_obtained":[{"floor":2.0,"key":"ColorlessPotion"},{"floor":6.0,"key":"CultistPotion"},{"floor":11.0,"key":"Ancient Potion"},{"floor":14.0,"key":"Fire Potion"},{"floor":20.0,"key":"LiquidBronze"},{"floor":28.0,"key":"FearPotion"},{"floor":33.0,"key":"Fire Potion"},{"floor":46,"key":"FearPotion"},{"floor":48,"key":"SteroidPotion"},{"floor":50,"key":"Flashbang"}],"is_trial":false,"path_per_floor":["M","?","M","?","M","E","R","E","T","?","M","T","$","?","R","B",null,"M","M","M","$","M","R","E","?","T","R","M","$","R","M","R","B",null,"M","?","M","?","$","PTL","PTL","R","M","R","T","E","$","M","R","M","R","B"],"character_chosen":"THE_BUGKNIGHT","items_purchased":["HollowMod:SlysStrikes","Guide Book","Gremlin Food","Chemical X","HollowMod:NewGlowingWomb","HollowMod:SoulSplash"],"campfire_rested":6,"item_purchase_floors":[13,21,39,39,39,39],"current_hp_per_floor":[75,75,75,75,71,54,54,50,50,55,44,44,44,48,72,60,80,68,62,44,44,43,43,28,28,28,52,51,51,51,50,50,43,80,68,68,51,51,51,51,51,75,50,74,74,50,50,37,61,45,69,0,0],"gold":60,"neow_bonus":"THREE_ENEMY_KILL","is_daily":false,"chose_seed":false,"campfire_upgraded":4,"win_rate":0.0,"timestamp":1609510918,"path_taken":["M","?","?","?","?","E","R","E","T","?","M","?","$","?","R","BOSS","M","M","M","$","M","R","E","?","T","R","M","$","R","M","R","BOSS","M","?","M","?","$","PTL","PTL","R","M","R","T","E","?","?","R","M","R","BOSS"],"items_purchased_type":["Card","Relic","Relic","Relic","Card","Card"],"build_version":"2020-12-22","purchased_purges":1,"victory":false,"max_hp_per_floor":[75,75,75,75,75,75,75,75,75,80,80,80,80,80,80,80,80,80,80,80,80,80,80,80,80,80,80,80,80,80,80,80,80,80,80,80,80,80,80,80,80,80,80,80,80,80,80,80,80,80,80,80,80],"card_choices":[{"not_picked":["HollowMod:ShapeofUnn","HollowMod:CloakDash"],"picked":"HollowMod:SoulSplash","floor":1.0},{"not_picked":["HollowMod:NewJinnsSoul","HollowMod:DoubleDash"],"picked":"HollowMod:QuirrelsAssistance","floor":2.0},{"not_picked":["HollowMod:SoulSplash","HollowMod:TaintedHusks"],"picked":"HollowMod:SoulStrike","floor":3.0},{"not_picked":["HollowMod:BlackTendrils","HollowMod:SoulSplash"],"picked":"HollowMod:SoulShaman","floor":5.0},{"not_picked":["HollowMod:LifebloodCocoon","HollowMod:InfectedAttack"],"picked":"HollowMod:HornetsHelp","floor":6.0},{"not_picked":["HollowMod:NewJinnsSoul","HollowMod:DreamGate"],"picked":"HollowMod:DashSlash","floor":8.0},{"not_picked":["HollowMod:DashSlash","HollowMod:ChannelNail","HollowMod:CycloneSlash"],"picked":"SKIP","floor":11.0},{"not_picked":["HollowMod:NewInfectedGuardian","HollowMod:MidwifesHunger"],"picked":"HollowMod:ZotesMagnificence","floor":16.0},{"not_picked":["HollowMod:FallenFury","HollowMod:ShapeofUnn"],"picked":"HollowMod:HowlingWraiths","floor":18.0},{"not_picked":["HollowMod:LifebloodCocoon","HollowMod:DashSlash"],"picked":"HollowMod:PerfectDash","floor":19.0},{"not_picked":["HollowMod:NewLittleFool","HollowMod:TaintedHusks+1"],"picked":"HollowMod:ChannelNail","floor":20.0},{"not_picked":["HollowMod:SharpenedNail","HollowMod:CornifersMapStart"],"picked":"HollowMod:HornetsHelp","floor":22.0},{"not_picked":["HollowMod:SoulSplash","HollowMod:PerfectDash"],"picked":"HollowMod:SoulMaster","floor":24.0},{"not_picked":["HollowMod:DescendingDark","HollowMod:FastStrike","HollowMod:MonarchWings+1"],"picked":"SKIP","floor":28.0},{"not_picked":["HollowMod:VengefulVoid+1","HollowMod:NewJinnsSoul","HollowMod:SoulStrike"],"picked":"SKIP","floor":31.0},{"not_picked":["HollowMod:ZotesMagnificence","HollowMod:VoidDash"],"picked":"HollowMod:theNailsmith","floor":33.0},{"not_picked":["HollowMod:HowlingWraiths","HollowMod:CoiledNail","HollowMod:SiblingsSouls+1"],"picked":"SKIP","floor":35},{"not_picked":["Mind Blast","Replay:SS_forest_2"],"picked":"Good Instincts","floor":36},{"not_picked":["HollowMod:InfectedCysts+1","HollowMod:PerfectDash"],"picked":"HollowMod:SoulSplash+1","floor":37},{"not_picked":["HollowMod:ChannelNail+1","HollowMod:CornifersMapStart+1","HollowMod:SoulSplash+1"],"picked":"SKIP","floor":43},{"not_picked":["HollowMod:AbyssShriek","HollowMod:HuntersJournal"],"picked":"HollowMod:SoulStrike+1","floor":46},{"not_picked":["HollowMod:CycloneSlash","HollowMod:SoulSplash"],"picked":"HollowMod:BaldurShell","floor":48},{"not_picked":["HollowMod:DashSlash+1","HollowMod:DesolateDive+1"],"picked":"HollowMod:SoulStrike+1","floor":50}],"player_experience":2082,"relics_obtained":[{"floor":2.0,"key":"Meat on the Bone"},{"floor":6.0,"key":"Whetstone"},{"floor":8.0,"key":"Ginger"},{"floor":9.0,"key":"Boot"},{"floor":12.0,"key":"HollowMod:MillibellesNoteRelic"},{"floor":14.0,"key":"Odd Mushroom"},{"floor":17.0,"key":"PreservedInsect"},{"floor":17.0,"key":"Pantograph"},{"floor":17.0,"key":"Replay:Towering Pillar of Hats"},{"floor":24.0,"key":"MawBank"},{"floor":26.0,"key":"Torii"},{"floor":45,"key":"conspire:DeflatedDodgeball"},{"floor":46,"key":"Pen Nib"}],"event_choices":[{"damage_healed":0.0,"max_hp_gain":0.0,"max_hp_loss":0.0,"gold_gain":0.0,"event_name":"Accursed Blacksmith","player_choice":"Rummage","floor":4.0,"gold_loss":0.0,"damage_taken":0.0,"relics_obtained":["WarpedTongs"],"cards_obtained":["Pain"]},{"damage_healed":0.0,"max_hp_gain":0.0,"max_hp_loss":0.0,"gold_gain":0.0,"event_name":"Mushrooms","player_choice":"Fought Mushrooms","floor":14.0,"gold_loss":0.0,"damage_taken":0.0},{"damage_healed":0.0,"max_hp_gain":0.0,"max_hp_loss":0.0,"gold_gain":0.0,"event_name":"Back to Basics","player_choice":"Simplicity","floor":25.0,"gold_loss":0.0,"damage_taken":0.0,"cards_upgraded":["HollowMod:NailStrikeStart","HollowMod:NailStrikeStart","HollowMod:NailStrikeStart","HollowMod:QuickDashStart","HollowMod:QuickDashStart","HollowMod:QuickDashStart","HollowMod:QuickDashStart"]},{"damage_healed":0,"gold_gain":0,"player_choice":"Memory 1","damage_taken":0,"max_hp_gain":0,"max_hp_loss":0,"event_name":"SensoryStone","floor":36,"gold_loss":0},{"damage_healed":0,"gold_gain":0,"player_choice":"Ignored","damage_taken":0,"max_hp_gain":0,"max_hp_loss":0,"event_name":"Tomb of Lord Red Mask","floor":38,"gold_loss":0}],"is_beta":false,"boss_relics":[{"not_picked":["Replay:Bronze Core","Astrolabe"],"picked":"Calling Bell"},{"not_picked":["conspire:RoyalGoblet","Velvet Choker"],"picked":"Runic Pyramid"}],"items_purged_floors":[13],"is_endless":false,"potions_floor_spawned":[2,6,11,14,18,19,20,24,28,33,46,48,50],"killed_by":"conspire:OrnateMirror","ascension_level":0}}