{"host":"jksa5rawk3m4gilz","time":1609517289,"event":{"mods":["BaseMod","Colored Map","Highlight Path","Minty Spire (QoL Compilation)","Quick Restart"],"gold_per_floor":[112,112,126,126,201,234,234,266,266,441,454,468,468,168,168,244,244,244],"floor_reached":17,"playtime":357,"items_purged":[],"score":405,"play_id":"1a1e88c5-e999-4ad5-9d93-06721358d808","local_time":"20210101170809","is_ascension_mode":true,"campfire_choices":[{"floor":7,"key":"REST"},{"floor":13,"key":"REST"},{"data":"Hyperbeam","floor":15,"key":"SMITH"}],"circlet_count":0,"master_deck":["AscendersBane","Strike_B","Strike_B+1","Strike_B","Strike_B","Defend_B","Defend_B+1","Defend_B","Defend_B","Zap","Dualcast","Sunder","Hologram","Doom and Gloom","Redo","Cold Snap","Cold Snap","Hyperbeam+1","Buffer"],"relics":["FrozenCore","NeowsBlessing","Gremlin Horn","Omamori","Art of War","Toolbox"],"acts_visited":["Exordium","TheCity"],"potions_floor_usage":[],"damage_taken":[{"damage":0,"enemies":"Jaw Worm","floor":1,"turns":1},{"damage":0,"enemies":"2 Louse","floor":3,"turns":1},{"damage":0,"enemies":"3 Sentries","floor":6,"turns":1},{"damage":27,"enemies":"Lagavulin","floor":8,"turns":5},{"damage":5,"enemies":"Small Slimes","floor":11,"turns":2},{"damage":4,"enemies":"3 Louse","floor":12,"turns":3},{"damage":0,"enemies":"Slime Boss","floor":16,"turns":5}],"seed_played":"-7612882045737186331","potions_obtained":[{"floor":1,"key":"Ancient Potion"},{"floor":6,"key":"PowerPotion"},{"floor":16,"key":"FairyPotion"}],"is_trial":false,"path_per_floor":["M","?","M","$","?","E","R","E","T","?","M","M","R","$","R","B",null],"character_chosen":"DEFECT","items_purchased":["Hyperbeam","Toolbox"],"campfire_rested":2,"item_purchase_floors":[14,14],"current_hp_per_floor":[64,50,50,50,39,39,60,33,33,33,28,24,45,45,45,45,65,65],"gold":244,"neow_bonus":"THREE_ENEMY_KILL","is_daily":false,"chose_seed":false,"campfire_upgraded":1,"win_rate":0.0,"timestamp":1609517289,"path_taken":["M","?","M","$","?","E","R","E","T","?","M","M","R","?","R","BOSS"],"items_purchased_type":["Card","Relic"],"build_version":"2020-12-22","purchased_purges":0,"victory":false,"max_hp_per_floor":[71,71,71,71,71,71,71,71,71,71,71,71,71,71,71,71,71,71],"card_choices":[{"not_picked":["Auto Shields","Compile Driver"],"picked":"Sunder","floor":1},{"not_picked":["Redo","Go for the Eyes"],"picked":"Hologram","floor":3},{"not_picked":["Turbo","Streamline"],"picked":"Doom and Gloom","floor":6},{"not_picked":["Sunder","Rip and Tear"],"picked":"Redo","floor":8},{"not_picked":["Steam","Leap"],"picked":"Cold Snap","floor":11},{"not_picked":["Steam","Sweeping Beam"],"picked":"Cold Snap","floor":12},{"not_picked":["Rainbow","Multi-Cast"],"picked":"Buffer","floor":16}],"player_experience":2106470,"relics_obtained":[{"floor":6,"key":"Gremlin Horn"},{"floor":8,"key":"Omamori"},{"floor":9,"key":"Art of War"}],"event_choices":[{"damage_healed":0,"gold_gain":0,"player_choice":"Entered Light","damage_taken":14,"max_hp_gain":0,"max_hp_loss":0,"event_name":"Shining Light","floor":2,"gold_loss":0,"cards_upgraded":["Strike_B","Defend_B"]},{"damage_healed":0,"gold_gain":75,"player_choice":"Gather Gold","damage_taken":11,"max_hp_gain":0,"max_hp_loss":0,"event_name":"World of Goop","floor":5,"gold_loss":0},{"damage_healed":0,"gold_gain":175,"player_choice":"AGREE","damage_taken":0,"max_hp_gain":0,"max_hp_loss":0,"event_name":"Liars Game","floor":10,"gold_loss":0,"cards_obtained":["Doubt"]}],"is_beta":false,"boss_relics":[{"not_picked":["Black Star","Nuclear Battery"],"picked":"FrozenCore"}],"items_purged_floors":[],"is_endless":false,"potions_floor_spawned":[1,6,8,16],"ascension_level":14}}