{"host":"5ru6a7u2mbc0jrwn","time":1609509466,"event":{"mods":["AchievementEnabler","Ascension Reborn","BaseMod","Minty Spire (QoL Compilation)","Rare Cards Sparkle","StSLib","everything is the same but u backflip on backflip"],"gold_per_floor":[110,110,110,185,203,243,243,22,22,41,74,74,47,63,63,189,189,209,209,123,139,139,139,152,152,152,172,172,187,207,226,226,226,226],"floor_reached":33,"playtime":2161,"items_purged":["Strike_B"],"score":257,"play_id":"d56babf9-794f-4831-99a1-952fc59ea8bd","local_time":"20210101225746","is_ascension_mode":true,"campfire_choices":[{"floor":7,"key":"REST"},{"data":"Defragment","floor":12,"key":"SMITH"},{"floor":15,"key":"REST"},{"data":"Biased Cognition","floor":23,"key":"SMITH"},{"floor":25,"key":"REST"},{"floor":28,"key":"REST"},{"floor":32,"key":"REST"}],"circlet_count":0,"master_deck":["Strike_B","Strike_B","Strike_B","Defend_B","Defend_B","Defend_B","Defend_B","Zap","Dualcast","Self Repair","Defragment+1","Static Discharge","Go for the Eyes","Aggregate","Go for the Eyes","Tempest","Biased Cognition+1","Reprogram","Writhe","Double Energy+1","Leap+1","Cold Snap+1","Echo Form","Fusion"],"relics":["Cracked Core","Golden Idol","Kunai","Medical Kit","Letter Opener","Gremlin Horn","Inserter","Shuriken","Pantograph","Eternal Feather"],"acts_visited":["Exordium","TheCity"],"potions_floor_usage":[6,11,11,16,27,30,31],"damage_taken":[{"damage":6.0,"enemies":"Jaw Worm","floor":1.0,"turns":3.0},{"damage":7.0,"enemies":"Small Slimes","floor":5.0,"turns":4.0},{"damage":21,"enemies":"Lagavulin","floor":6,"turns":8},{"damage":12,"enemies":"2 Louse","floor":10,"turns":3},{"damage":4,"enemies":"Gremlin Nob","floor":11,"turns":3},{"damage":9,"enemies":"Blue Slaver","floor":14,"turns":4},{"damage":7,"enemies":"Slime Boss","floor":16,"turns":6},{"damage":17,"enemies":"3 Byrds","floor":18,"turns":3},{"damage":29,"enemies":"2 Thieves","floor":21,"turns":4},{"damage":40,"enemies":"Shelled Parasite and Fungi","floor":24,"turns":5},{"damage":26,"enemies":"Centurion and Healer","floor":27,"turns":4},{"damage":21,"enemies":"Cultist and Chosen","floor":29,"turns":5},{"damage":10,"enemies":"Snake Plant","floor":30,"turns":4},{"damage":26,"enemies":"Centurion and Healer","floor":31,"turns":5},{"damage":90,"enemies":"Collector","floor":33,"turns":8}],"seed_played":"-8672164022167456031","potions_obtained":[{"floor":1.0,"key":"Block Potion"},{"floor":6,"key":"EssenceOfDarkness"},{"floor":10,"key":"FocusPotion"},{"floor":11,"key":"PowerPotion"},{"floor":21,"key":"FearPotion"},{"floor":27,"key":"LiquidBronze"},{"floor":29,"key":"LiquidBronze"}],"is_trial":false,"path_per_floor":["M","?","?","?","M","E","R","$","T","M","E","R","$","M","R","B",null,"M","?","?","M","?","R","M","R","T","M","R","M","M","M","R","B"],"character_chosen":"DEFECT","items_purchased":["Medical Kit","Go for the Eyes"],"campfire_rested":5,"item_purchase_floors":[8,13],"current_hp_per_floor":[76,76,56,45,45,31,55,55,55,50,53,53,53,51,75,75,82,72,72,72,50,50,50,17,41,41,22,58,44,41,22,58,0,0],"gold":226,"neow_bonus":"TEN_PERCENT_HP_BONUS","is_daily":false,"chose_seed":false,"campfire_upgraded":2,"win_rate":0.0,"timestamp":1609509466,"path_taken":["M","?","?","?","M","E","R","$","T","M","E","R","?","?","R","BOSS","M","?","?","?","?","R","M","R","T","M","R","M","M","M","R","BOSS"],"items_purchased_type":["Relic","Card"],"build_version":"2020-12-22","purchased_purges":1,"victory":false,"max_hp_per_floor":[82,82,82,82,82,82,82,82,82,82,82,82,82,82,82,82,82,82,82,82,82,82,82,82,82,82,82,82,82,82,82,82,82,82],"card_choices":[{"not_picked":["BootSequence","Go for the Eyes"],"picked":"Self Repair","floor":1.0},{"not_picked":["Go for the Eyes","Beam Cell"],"picked":"Defragment","floor":5.0},{"not_picked":["Cold Snap","Coolheaded"],"picked":"Static Discharge","floor":6},{"not_picked":["Hologram","Steam"],"picked":"Go for the Eyes","floor":10},{"not_picked":["Self Repair","White Noise"],"picked":"Aggregate","floor":11},{"not_picked":["Aggregate","Streamline"],"picked":"Tempest","floor":14},{"not_picked":["Echo Form","Buffer"],"picked":"Biased Cognition","floor":16},{"not_picked":["FTL","Sweeping Beam"],"picked":"Reprogram","floor":18},{"not_picked":["Genetic Algorithm","Stack"],"picked":"Double Energy+1","floor":21},{"not_picked":["Go for the Eyes","Beam Cell"],"picked":"Leap+1","floor":24},{"not_picked":["Sweeping Beam","Leap"],"picked":"Cold Snap+1","floor":27},{"not_picked":["Rebound","Stack+1","Compile Driver"],"picked":"SKIP","floor":29},{"not_picked":["Steam","Hologram+1"],"picked":"Echo Form","floor":30},{"not_picked":["Chill","Ball Lightning"],"picked":"Fusion","floor":31}],"player_experience":35682,"relics_obtained":[{"floor":6,"key":"Kunai"},{"floor":9,"key":"Letter Opener"},{"floor":11,"key":"Gremlin Horn"},{"floor":26,"key":"Eternal Feather"}],"event_choices":[{"damage_healed":0.0,"max_hp_gain":0.0,"max_hp_loss":0.0,"gold_gain":0.0,"event_name":"Liars Game","player_choice":"Ignored","floor":2.0,"gold_loss":0.0,"damage_taken":0.0},{"damage_healed":0.0,"max_hp_gain":0.0,"max_hp_loss":0.0,"gold_gain":0.0,"event_name":"Golden Idol","player_choice":"Take Damage","floor":3.0,"gold_loss":0.0,"damage_taken":20.0,"relics_obtained":["Golden Idol"]},{"damage_healed":0.0,"max_hp_gain":0.0,"max_hp_loss":0.0,"gold_gain":75.0,"event_name":"World of Goop","player_choice":"Gather Gold","floor":4.0,"gold_loss":0.0,"damage_taken":11.0},{"damage_healed":0,"gold_gain":0,"player_choice":"Opened","damage_taken":0,"relics_obtained":["Shuriken"],"max_hp_gain":0,"max_hp_loss":0,"event_name":"The Mausoleum","floor":19,"gold_loss":0,"cards_obtained":["Writhe"]},{"damage_healed":0,"gold_gain":0,"player_choice":"Paid Gold","damage_taken":0,"relics_obtained":["Pantograph"],"max_hp_gain":0,"max_hp_loss":0,"event_name":"WeMeetAgain","floor":20,"gold_loss":86},{"damage_healed":0,"gold_gain":0,"player_choice":"0 cards matched","damage_taken":0,"max_hp_gain":0,"max_hp_loss":0,"event_name":"Match and Keep!","floor":22,"gold_loss":0,"cards_obtained":[]}],"is_beta":false,"boss_relics":[{"not_picked":["Cursed Key","SlaversCollar"],"picked":"Inserter"}],"items_purged_floors":[8],"is_endless":false,"potions_floor_spawned":[1,6,10,11,21,27,29],"killed_by":"Collector","ascension_level":0}}