{"host":"an6uhul3yec8m0jh","time":1609499848,"event":{"mods":["ATMod(°¢èªMod)","Act Like it!","BaseMod","Colored Map","Colored Powertips","Gensokyo","Highlight Path","Minty Spire (QoL Compilation)","MostiFishMod","Pale of the Ancients","Quick Restart","StSLib","TestMod","UnlockEverythingMod","Waifu the Spire","noobMod"],"gold_per_floor":[221,221,240,255,278,278,278,678,730,196,217,44,56,224,224,304,304,325,25,25,46,46,346,366,395,420,438,460,63,101,124,124,197,197,215,215,230,251,264,290,290,308,334,350,381,79,79,79,79,89,102,148,167,187,187,187,200,200,200,200,271],"floor_reached":62,"playtime":4121,"items_purged":["Strike_R","Strike_R"],"score":3427,"play_id":"bf0626cb-d4ac-4f08-9dd5-7d3bc57eda3b","local_time":"20210101191728","is_ascension_mode":true,"campfire_choices":[{"data":"AT_EssenceShift","floor":6.0,"key":"SMITH"},{"data":"MostiFishMod:Chiaki","floor":15.0,"key":"SMITH"},{"data":"MostiFishMod:RacingGame","floor":32.0,"key":"SMITH"},{"data":"MostiFishMod:SephirahHod","floor":41.0,"key":"SMITH"},{"floor":49,"key":"RECALL"},{"data":"Corruption","floor":56,"key":"SMITH"},{"data":"AT_GerminateFire","floor":58,"key":"SMITH"}],"circlet_count":0,"master_deck":["AscendersBane","Strike_R+1","Defend_R","Bash","AT_EssenceShift+1","Armaments+1","AT_BodySlamDance","Gensokyo:LittleGreenMen+1","Feel No Pain+1","MostiFishMod:DarkDeal","MostiFishMod:Chiaki+1","MostiFishMod:RacingGame+1","Bludgeon+1","Shrug It Off","Burning Pact","MostiFishMod:OrdinaryWorld","AT_GerminateFire+1","MostiFishMod:404NotFound","MostiFishMod:SephirahHod+1","AT_DiedThrough","Second Wind","AT_CaressingTears","Corruption+1","Entrench+1"],"relics":["Burning Blood","ice","DaveBox","testmod-TestBox","SynthV","testmod-TheFather","SynthV:TestCard","Red Skull","Technique","AT_ChloranthyRing","Turnip","JellyFishMachine","BirthdayGift-Icosahedron","Anchor","Vajra","StrikeDummy","Whetstone","testmod-InjuryResistance","AT_RabadonDeathcap","Lizard Tail","MostiFishMod:Hod","AT_BladeRuinedKing","Akabeko","Membership Card","Pen Nib","testmod-Maize","paleoftheancients:Timepiece","paleoftheancients:KeyRelic","Coffee Dripper","Letter Opener","paleoftheancients:SoulOfTheWatcher","paleoftheancients:BlurryLens","Gremlin Horn"],"acts_visited":["Gensokyo:Gensokyo","Gensokyo:Gensokyoer","Gensokyo:Gensokyoest","paleoftheancients:PaleOfTheAncients"],"potions_floor_usage":[51],"damage_taken":[{"damage":6.0,"enemies":"Gensokyo:Gryphon","floor":1.0,"turns":3.0},{"damage":0.0,"enemies":"Gensokyo:3_Fairies","floor":3.0,"turns":3.0},{"damage":3.0,"enemies":"Gensokyo:Python","floor":4.0,"turns":3.0},{"damage":22.0,"enemies":"Gensokyo:3_Kodama","floor":5.0,"turns":5.0},{"damage":7.0,"enemies":"Gensokyo:Python_and_Kodama","floor":11.0,"turns":4.0},{"damage":9.0,"enemies":"Gensokyo:VengefulSpirit","floor":13.0,"turns":5.0},{"damage":4.0,"enemies":"Gensokyo:Gryphon_and_Rabbit","floor":14.0,"turns":4.0},{"damage":7.0,"enemies":"Gensokyo:Kokoro","floor":16.0,"turns":5.0},{"damage":0.0,"enemies":"Gensokyo:CosmicMonolith","floor":18.0,"turns":2.0},{"damage":0.0,"enemies":"Gensokyo:3_Dogs","floor":21.0,"turns":1.0},{"damage":4.0,"enemies":"Gensokyo:Reisen","floor":23.0,"turns":4.0},{"damage":0.0,"enemies":"Gensokyo:Slime_Group","floor":24.0,"turns":2.0},{"damage":10.0,"enemies":"Gensokyo:Tenshi","floor":25.0,"turns":2.0},{"damage":0.0,"enemies":"Gensokyo:Swordslinger","floor":27.0,"turns":1.0},{"damage":0.0,"enemies":"Gensokyo:Monolith_and_Dog","floor":28.0,"turns":2.0},{"damage":0.0,"enemies":"Gensokyo:Reisen","floor":30.0,"turns":2.0},{"damage":0.0,"enemies":"Gensokyo:3_Gloops","floor":31.0,"turns":2.0},{"damage":0.0,"enemies":"Gensokyo:Eiki","floor":33.0,"turns":1.0},{"damage":0.0,"enemies":"Gensokyo:3_Boulders","floor":35.0,"turns":1.0},{"damage":0.0,"enemies":"Gensokyo:AncientGuardian","floor":37.0,"turns":1.0},{"damage":0.0,"enemies":"Gensokyo:Dusk_and_Dawn","floor":38.0,"turns":1.0},{"damage":0.0,"enemies":"Gensokyo:AtlasGolem","floor":39.0,"turns":1.0},{"damage":0.0,"enemies":"Gensokyo:Kasen","floor":40.0,"turns":1.0},{"damage":0.0,"enemies":"Gensokyo:3_Boulders","floor":42.0,"turns":2.0},{"damage":0.0,"enemies":"Gensokyo:Rafflesia","floor":44.0,"turns":1.0},{"damage":6.0,"enemies":"Gensokyo:Marisa","floor":45.0,"turns":2.0},{"damage":0,"enemies":"Gensokyo:Shinki","floor":50,"turns":4},{"damage":0,"enemies":"Gensokyo:Scarlet_Devils","floor":51,"turns":2},{"damage":0,"enemies":"Gensokyo:Scarlet_Devils","floor":52,"turns":2},{"damage":0,"enemies":"Gensokyo:Scarlet_Devils","floor":53,"turns":1},{"damage":0,"enemies":"paleoftheancients:BASlime1","floor":54,"turns":1},{"damage":0,"enemies":"paleoftheancients:BASlime1","floor":57,"turns":1},{"damage":0,"enemies":"paleoftheancients:N","floor":61,"turns":2}],"seed_played":"-5768268596292071562","potions_obtained":[{"floor":3.0,"key":"Weak Potion"},{"floor":5.0,"key":"SkillPotion"},{"floor":13.0,"key":"testmod-TestPotion"},{"floor":16.0,"key":"PowerPotion"},{"floor":25.0,"key":"EssenceOfSteel"},{"floor":30.0,"key":"GamblersBrew"},{"floor":31.0,"key":"testmod-SpacePotion"},{"floor":37.0,"key":"DuplicationPotion"},{"floor":39.0,"key":"Strength Potion"},{"floor":45.0,"key":"ColorlessPotion"},{"floor":54,"key":"EssenceOfSteel"},{"floor":57,"key":"LiquidMemories"}],"is_trial":false,"path_per_floor":["M","?","M","M","M","R","?","?","T","COS","M","$","M","M","R","B",null,"M","COS","$","M","$","E","M","E","T","M","M","$","E","M","R","B",null,"M","?","M","M","M","E","R","M","T","M","E","$","?","?","R","B","B","M","M","M","T","R","M","R","T","?","B",null],"character_chosen":"IRONCLAD","items_purchased":["AT_ChloranthyRing","AT_RabadonDeathcap","Membership Card","Pen Nib"],"campfire_rested":0,"item_purchase_floors":[12,29,46,46],"current_hp_per_floor":[68,32,38,41,25,25,25,25,25,25,24,24,21,23,23,22,62,68,68,68,75,75,75,75,72,72,75,75,75,75,75,75,75,75,75,60,67,74,75,75,75,75,75,75,75,75,75,41,41,48,70,75,75,75,75,75,75,75,75,75,75],"gold":271,"neow_bonus":"HUNDRED_GOLD","is_daily":false,"chose_seed":false,"campfire_upgraded":6,"win_rate":0.0,"timestamp":1609499848,"path_taken":["M","?","M","M","M","R","?","?","T","COS","M","$","?","M","R","BOSS","M","COS","?","M","?","E","M","E","T","M","M","$","E","M","R","BOSS","M","?","M","M","M","E","R","M","T","M","E","$","?","?","R","BOSS","BOSS","M","M","?","T","R","M","R","T","?","BOSS"],"items_purchased_type":["Relic","Relic","Relic","Relic"],"build_version":"2020-12-22","purchased_purges":2,"victory":true,"max_hp_per_floor":[75,75,75,75,75,75,75,75,75,75,75,75,75,75,75,75,75,75,75,75,75,75,75,75,75,75,75,75,75,75,75,75,75,75,75,75,75,75,75,75,75,75,75,75,75,75,75,75,75,75,75,75,75,75,75,75,75,75,75,75,75],"card_choices":[{"not_picked":["Warcry","Twin Strike","Clash"],"picked":"SKIP","floor":1.0},{"not_picked":["Perfected Strike","Clash","AT_CaressingTears","Havoc"],"picked":"Armaments","floor":3.0},{"not_picked":["Flex","Sentinel","MostiFishMod:PerfectStrikeMKII","Dual Wield","Uppercut"],"picked":"SKIP","floor":4.0},{"not_picked":["Sword Boomerang","Headbutt","Dual Wield","Bloodletting"],"picked":"AT_BodySlamDance","floor":5.0},{"not_picked":["Blood for Blood+1","Pommel Strike+1","Disarm+1","Body Slam+1"],"picked":"Feel No Pain+1","floor":11.0},{"not_picked":["Perfected Strike","Warcry","Anger","Carnage","Sword Boomerang"],"picked":"SKIP","floor":11.0},{"not_picked":["Iron Wave","Twin Strike","Body Slam","Sever Soul"],"picked":"MostiFishMod:DarkDeal","floor":13.0},{"not_picked":["MostiFishMod:CullingBlade","Reaper","AT_Dispersion","MostiFishMod:RainCloud"],"picked":"MostiFishMod:Chiaki","floor":14.0},{"not_picked":["Intimidate","Armaments","Headbutt","Iron Wave","Twin Strike"],"picked":"SKIP","floor":14.0},{"not_picked":["Corruption","MostiFishMod:Chiaki","Brutality","Berserk"],"picked":"MostiFishMod:RacingGame","floor":16.0},{"not_picked":["Anger","Pummel","Havoc","Twin Strike","Perfected Strike"],"picked":"SKIP","floor":18.0},{"not_picked":["Body Slam","AT_IchimonjiDouble","Flex+1","Infernal Blade","Thunderclap"],"picked":"SKIP","floor":21.0},{"not_picked":["Carnage","Infernal Blade+1","Clash+1","Heavy Blade"],"picked":"Bludgeon","floor":23.0},{"not_picked":["Searing Blow+1","Entrench","Anger","Cleave","Ghostly Armor"],"picked":"SKIP","floor":24.0},{"not_picked":["MostiFishMod:BrandingRite","Headbutt","Clothesline+1","Evolve+1"],"picked":"Shrug It Off","floor":25.0},{"not_picked":["Twin Strike","AT_IchimonjiDouble","AT_BodySlamDance","Flex","Sword Boomerang"],"picked":"SKIP","floor":27.0},{"not_picked":["Armaments+1","True Grit","Warcry","Heavy Blade"],"picked":"Burning Pact","floor":28.0},{"not_picked":["Cleave","Seeing Red","Headbutt","Clothesline"],"picked":"MostiFishMod:OrdinaryWorld","floor":30.0},{"not_picked":["Shockwave","Evolve","Spot Weakness","Shrug It Off+1"],"picked":"AT_GerminateFire","floor":31.0},{"not_picked":["Corruption","MostiFishMod:RacingGame","Demon Form","Reaper"],"picked":"MostiFishMod:404NotFound","floor":33.0},{"not_picked":["Havoc+1","AT_BodySlamDance","Thunderclap+1","Armaments"],"picked":"AT_DiedThrough","floor":35.0},{"not_picked":["Armaments","Battle Trance","Ghostly Armor+1","True Grit+1"],"picked":"Second Wind","floor":37.0},{"not_picked":["Anger+1","Whirlwind","Wild Strike+1","Perfected Strike","Fire Breathing+1"],"picked":"SKIP","floor":38.0},{"not_picked":["Body Slam","Inflame+1","Flex","Ghostly Armor"],"picked":"AT_CaressingTears","floor":39.0},{"not_picked":["Armaments+1","Feed","MostiFishMod:BrandingRite","AT_BodySlamDance","Iron Wave"],"picked":"SKIP","floor":40.0},{"not_picked":["Perfected Strike+1","Body Slam+1","Burning Pact+1","Clothesline+1","Headbutt"],"picked":"SKIP","floor":42.0},{"not_picked":["Fire Breathing","AT_BodySlamDance","Heavy Blade+1","AT_IchimonjiDouble","Thunderclap"],"picked":"SKIP","floor":44.0},{"not_picked":["Combust","Intimidate+1","Wild Strike+1","Thunderclap"],"picked":"Corruption","floor":45.0},{"not_picked":["Ghostly Armor","Headbutt","Body Slam+1","AT_IchimonjiDouble","Armaments"],"picked":"SKIP","floor":52},{"not_picked":["Reaper","Thunderclap","Ghostly Armor+1","Anger","Headbutt"],"picked":"SKIP","floor":53},{"not_picked":["Inflame+1","Flex+1","Warcry","Shrug It Off+1"],"picked":"Entrench+1","floor":54},{"not_picked":["Body Slam","Sword Boomerang+1","Clothesline+1","Anger","AT_DiedThrough+1"],"picked":"SKIP","floor":57}],"player_experience":188670,"relics_obtained":[{"floor":1.0,"key":"SynthV:TestCard"},{"floor":9.0,"key":"Red Skull"},{"floor":23.0,"key":"Anchor"},{"floor":25.0,"key":"StrikeDummy"},{"floor":26.0,"key":"Whetstone"},{"floor":30.0,"key":"Lizard Tail"},{"floor":40.0,"key":"AT_BladeRuinedKing"},{"floor":45.0,"key":"Akabeko"},{"floor":53,"key":"paleoftheancients:SoulOfTheWatcher"},{"floor":54,"key":"paleoftheancients:BlurryLens"},{"floor":59,"key":"Gremlin Horn"}],"event_choices":[{"damage_healed":0.0,"max_hp_gain":0.0,"max_hp_loss":0.0,"gold_gain":400.0,"event_name":"¶÷ÂåË¹µÄÅÌ×Ó","player_choice":"Sell","floor":8.0,"relics_lost":["AT_ATBox"],"gold_loss":0.0,"damage_taken":0.0}],"is_beta":false,"boss_relics":[{"not_picked":["Velvet Choker","Astrolabe"],"picked":"JellyFishMachine"},{"not_picked":["HereWithMe","FeatherPendant"],"picked":"MostiFishMod:Hod"}],"items_purged_floors":[29,46],"is_endless":false,"potions_floor_spawned":[3,5,13,16,18,25,28,30,31,37,39,42,45,54,57],"ascension_level":20}}