{"host":"vlqejv0notyktumz","time":1609464144,"event":{"mods":["AchievementEnabler","BaseMod","Googly Eyes","Minty Spire (QoL Compilation)"],"gold_per_floor":[119,135,146,96,96,122,122,122,122,122,122],"floor_reached":10,"playtime":168,"items_purged":[],"score":86,"play_id":"4ca2c2cd-eed8-4b36-997e-f6f08f336438","local_time":"20201231192224","is_ascension_mode":true,"campfire_choices":[{"floor":8,"key":"REST"}],"circlet_count":0,"master_deck":["Strike_B","Strike_B","Strike_B","Defend_B","Defend_B","Defend_B","Defend_B","Zap","Dualcast","Storm","Leap","Aggregate","Double Energy"],"relics":["Cracked Core","NeowsBlessing","Gremlin Horn","Nunchaku","Juzu Bracelet"],"acts_visited":["Exordium"],"potions_floor_usage":[10],"damage_taken":[{"damage":0,"enemies":"Small Slimes","floor":1,"turns":1},{"damage":0,"enemies":"Jaw Worm","floor":2,"turns":1},{"damage":0,"enemies":"2 Louse","floor":3,"turns":1},{"damage":63,"enemies":"Lagavulin","floor":6,"turns":9},{"damage":11,"enemies":"3 Sentries","floor":10,"turns":3}],"seed_played":"-893664596129406414","potions_obtained":[{"floor":3,"key":"EssenceOfSteel"},{"floor":6,"key":"DuplicationPotion"}],"is_trial":false,"path_per_floor":["M","M","M","?","T","E","?","R","T","E"],"character_chosen":"DEFECT","items_purchased":[],"campfire_rested":1,"item_purchase_floors":[],"current_hp_per_floor":[68,68,68,68,68,5,5,27,27,16,16],"gold":122,"neow_bonus":"THREE_ENEMY_KILL","is_daily":false,"chose_seed":false,"campfire_upgraded":0,"win_rate":0.0,"timestamp":1609464144,"path_taken":["M","M","M","?","?","E","?","R","T","E"],"items_purchased_type":[],"build_version":"2020-12-22","purchased_purges":0,"victory":false,"max_hp_per_floor":[75,75,75,75,75,75,75,75,75,75,75],"card_choices":[{"not_picked":["Barrage","Beam Cell"],"picked":"Storm","floor":1},{"not_picked":["Darkness","Beam Cell"],"picked":"Leap","floor":2},{"not_picked":["Rebound","Chill"],"picked":"Aggregate","floor":3},{"not_picked":["Cold Snap","Compile Driver"],"picked":"Double Energy","floor":6}],"player_experience":280564,"relics_obtained":[{"floor":5,"key":"Gremlin Horn"},{"floor":6,"key":"Nunchaku"},{"floor":9,"key":"Juzu Bracelet"}],"event_choices":[{"cards_removed":["Strike_B"],"damage_healed":0,"gold_gain":0,"player_choice":"Card Removal","damage_taken":0,"max_hp_gain":0,"max_hp_loss":0,"event_name":"The Cleric","floor":4,"gold_loss":50},{"damage_healed":0,"gold_gain":0,"player_choice":"Ignored","damage_taken":0,"max_hp_gain":0,"max_hp_loss":0,"event_name":"Golden Wing","floor":7,"gold_loss":0}],"is_beta":false,"boss_relics":[],"items_purged_floors":[],"is_endless":false,"potions_floor_spawned":[3,6],"killed_by":"3 Sentries","ascension_level":6}}