{"host":"7bzprrpqr2usgpra","time":1609526426,"event":{"mods":["ATMod(°¢èªMod)","BaseMod","BetterRewards","Dota2Spire","HololiveMod","Infinite Spire","Lobotomy","Minty Spire (QoL Compilation)","MostiFishMod","Quick Restart","Spicy Shops","StSLib","TestMod","TheWitcher","[IsaacMod]ÒÔÈö¼âËþ","¡¾ÒÅÎï¿¨ÅÆ¡¿REMEMod"],"gold_per_floor":[119,269,283,283,301,327,327,352,352,377,258,269,269,285,285,359,359,374,393,311,330,182,256,267,305,305,348,348,397,397,406,406,488,488,551,408,433,433,433,467,467,522,547,576,589,589,463,513,513,641,754,754,813,851,869,877,875,949,1003,1028,1037,1037,1094,1154,1172,1205,1205,1299,1299],"floor_reached":68,"playtime":2592,"items_purged":["Doubt","Strike_R","Strike_R","Strike_R"],"score":3831,"play_id":"de9d8432-a5c0-46c8-9c16-ab1382f84b0d","local_time":"20210102024026","is_ascension_mode":true,"campfire_choices":[{"data":"AT_MachinaRedman","floor":7,"key":"SMITH"},{"data":"MostiFishMod:ChineseTea","floor":13,"key":"SMITH"},{"data":"MostiFishMod:FireWorks","floor":15,"key":"SMITH"},{"floor":28,"key":"RECALL"},{"data":"MostiFishMod:HellRitual","floor":30,"key":"SMITH"},{"data":"Limit Break","floor":32,"key":"SMITH"},{"data":"Apotheosis","floor":46,"key":"SMITH"},{"data":"MostiFishMod:DarkDeal","floor":49,"key":"SMITH"},{"data":"REME_FirmDetermination","floor":62,"key":"SMITH"},{"data":"MostiFishMod:StarOceanP","floor":67,"key":"SMITH"}],"circlet_count":0,"master_deck":["AscendersBane","Strike_R","Strike_R","Defend_R","Defend_R","Defend_R","Defend_R","Bash","MostiFishMod:StarOceanP+1","AT_MachinaRedman+1","Flex","Clothesline","REME_TheLastStrike","Flex","Pummel","MostiFishMod:ChineseTea+1","Second Wind","AT_IchimonjiDouble","MostiFishMod:FireWorks+1","Reaper","MostiFishMod:DarkDeal+1","Ghostly Armor","Limit Break+1","Spot Weakness","Seeing Red","REME_FirmDetermination+1","MostiFishMod:HellRitual+1","MostiFishMod:#F4004","infinitespire:FutureSight","Infernal Blade","infinitespire:Execution","Exhume","Apotheosis+1","AT_BodySlamDance+1","Whirlwind","REME_ACTH","MostiFishMod:HellRitual","MostiFishMod:Mania","Regret","MostiFishMod:ElfcollectionBox","infinitespire:Oblivion","MostiFishMod:RainCloud","infinitespire:SevenWalls","Power Through","Heavy Blade"],"relics":["Burning Blood","testmod-TestBox","HushsDoor","AT_ATBox","REME_ComplimentaryCards","DaveBox","Brimstone","testmod-CardMagician","GuppysHead","SynthV:TestCard","infinitespire:Joker Card","infinitespire:Satchel","Singing Bowl","MawBank","SteamSale","FeatherPendant","infinitespire:Beetle Shell","CeramicFish","Dota2Spire:HandOfMidas","REME_PuzzleBoxRelic","HornCleat","Dota2Spire:Vanguard","ChampionBelt","Dota2Spire:ShadowBlade","testmod-HeartOfStrike","Eternal Feather","Bottled Tornado","Dota2Spire:DrumOfEndurance","BelialBook","Civilization","testmod-Acrobat","Membership Card","Anchor","testmod-InjuryResistance","testmod-BatchProcessingSystem","infinitespire:FocusingShard","testmod-InfectionSource","Charon\u0027s Ashes","Akabeko","Regal Pillow","Chemical X","AT_EbonyIvory","Red Skull","Dota2Spire:BlackKingBar","Dota2Spire:LotusOrb","testmod-ArcanaOfDestiny","Smiling Mask","SalivaCoin","ThornShield"],"acts_visited":["Exordium","TheCity","TheBeyond","Exordium"],"potions_floor_usage":[10,33,63,68],"damage_taken":[{"damage":0,"enemies":"Small Slimes","floor":1,"turns":2},{"damage":0,"enemies":"Jaw Worm","floor":3,"turns":1},{"damage":0,"enemies":"Cultist","floor":5,"turns":1},{"damage":0,"enemies":"Gremlin Nob","floor":6,"turns":1},{"damage":18,"enemies":"3 Sentries","floor":8,"turns":4},{"damage":13,"enemies":"Lagavulin","floor":10,"turns":3},{"damage":0,"enemies":"2 Fungi Beasts","floor":12,"turns":1},{"damage":0,"enemies":"Exordium Wildlife","floor":14,"turns":1},{"damage":16,"enemies":"The Guardian","floor":16,"turns":2},{"damage":14,"enemies":"2 Thieves","floor":18,"turns":2},{"damage":0,"enemies":"3 Byrds","floor":19,"turns":1},{"damage":4,"enemies":"Cultist and Chosen","floor":21,"turns":3},{"damage":0,"enemies":"Slavers","floor":23,"turns":2},{"damage":0,"enemies":"Snecko","floor":24,"turns":2},{"damage":8,"enemies":"Book of Stabbing","floor":25,"turns":1},{"damage":0,"enemies":"Nightmare","floor":27,"turns":1},{"damage":0,"enemies":"Centurion and Healer","floor":29,"turns":1},{"damage":19,"enemies":"Automaton","floor":33,"turns":4},{"damage":0,"enemies":"Giant Head","floor":35,"turns":5},{"damage":0,"enemies":"Mind Bloom Boss Battle","floor":37,"turns":1},{"damage":8,"enemies":"Reptomancer","floor":40,"turns":1},{"damage":11,"enemies":"Nemesis","floor":42,"turns":3},{"damage":0,"enemies":"Reptomancer","floor":44,"turns":1},{"damage":0,"enemies":"3 Darklings","floor":45,"turns":2},{"damage":0,"enemies":"Giant Head","floor":48,"turns":1},{"damage":2,"enemies":"Time Eater","floor":50,"turns":3},{"damage":7,"enemies":"Donu and Deca","floor":51,"turns":4},{"damage":0,"enemies":"Gremlin Nob","floor":53,"turns":1},{"damage":0,"enemies":"3 Sentries","floor":54,"turns":1},{"damage":0,"enemies":"Cultist","floor":56,"turns":2},{"damage":0,"enemies":"2 Louse","floor":57,"turns":1},{"damage":11,"enemies":"Nightmare","floor":58,"turns":3},{"damage":0,"enemies":"Gremlin Nob","floor":59,"turns":1},{"damage":0,"enemies":"Lagavulin","floor":60,"turns":1},{"damage":0,"enemies":"3 Sentries","floor":63,"turns":2},{"damage":0,"enemies":"Lagavulin","floor":64,"turns":1},{"damage":0,"enemies":"Small Slimes","floor":65,"turns":1},{"damage":0,"enemies":"3 Sentries","floor":66,"turns":2},{"damage":380,"enemies":"Delirium","floor":68,"turns":5}],"seed_played":"3335108972825747557","potions_obtained":[{"floor":1,"key":"AttackPotion"},{"floor":6,"key":"Dota2Spire:Clarity"},{"floor":10,"key":"BlessingOfTheForge"},{"floor":33,"key":"SneckoOil"},{"floor":35,"key":"REME_GoldPotion"}],"is_trial":false,"path_per_floor":["M","?","M","?","M","E","R","E","T","E","$","M","R","M","R","B",null,"M","M","$","M","$","E","M","E","T","NM","R","M","R","?","R","B",null,"M","$","?","AVR","?","E","T","E","T","E","M","R","$","E","R","B","B",null,"M","M","$","M","M","NM","?","M","T","R","E","M","M","E","R","B"],"character_chosen":"IRONCLAD","items_purchased":["Flex","SteamSale","Second Wind","MostiFishMod:DarkDeal","infinitespire:Beetle Shell","Spot Weakness","CeramicFish","Dota2Spire:HandOfMidas","REME_FirmDetermination","Apotheosis","testmod-Acrobat","Membership Card","Anchor","Charon\u0027s Ashes","Akabeko","Regal Pillow","Chemical X","AT_EbonyIvory","MostiFishMod:ElfcollectionBox"],"campfire_rested":0,"item_purchase_floors":[0,11,11,17,20,20,22,22,22,36,47,47,47,55,55,55,55,55,55],"current_hp_per_floor":[55,55,61,61,67,73,73,61,61,63,63,76,76,77,77,74,73,65,71,71,73,73,73,75,75,75,75,75,77,77,58,58,45,69,77,77,81,81,81,79,79,76,76,84,93,93,93,100,100,108,117,118,131,145,145,162,179,193,218,240,240,240,265,291,317,346,346,0,0],"gold":1299,"neow_bonus":"","is_daily":false,"chose_seed":false,"campfire_upgraded":9,"win_rate":0.0,"timestamp":1609526426,"path_taken":["M","?","M","?","M","E","R","E","T","E","$","M","R","M","R","BOSS","M","M","$","M","$","E","?","E","T","NM","R","M","R","?","R","BOSS","M","$","?","AVR","?","E","?","E","T","E","M","R","$","E","R","BOSS","BOSS","M","M","$","M","M","NM","?","M","T","R","E","M","M","E","R","BOSS"],"items_purchased_type":["Card","Relic","Card","Card","Relic","Card","Relic","Relic","Card","Card","Relic","Relic","Relic","Relic","Relic","Relic","Relic","Relic","Card"],"build_version":"2020-12-22","purchased_purges":4,"victory":false,"max_hp_per_floor":[75,75,75,75,75,75,75,75,75,77,77,77,77,77,77,77,73,73,73,73,73,73,73,75,75,75,75,75,77,77,77,77,77,77,79,79,81,81,81,81,81,83,83,85,93,93,93,100,100,108,118,118,131,145,145,162,179,197,218,240,240,240,265,291,317,346,346,346,346],"card_choices":[{"not_picked":[],"picked":"ChaosCard","floor":0},{"not_picked":["Bomb","AT_BodySlamDance"],"picked":"Clothesline","floor":1},{"not_picked":["Havoc","Clothesline","Spot Weakness","Ghostly Armor"],"picked":"REME_TheLastStrike","floor":3},{"not_picked":["Armaments","Dual Wield","Shrug It Off","Thunderclap"],"picked":"Flex","floor":5},{"not_picked":["Wild Strike","REME_Cut","Fire Breathing","REME_FearOfPain"],"picked":"Pummel","floor":6},{"not_picked":["AT_BodySlamDance","Whirlwind","AT_ManFootWork","Evolve"],"picked":"MostiFishMod:ChineseTea","floor":8},{"not_picked":["Metallicize","Cleave","Thunderclap","Rampage","Clothesline"],"picked":"Singing Bowl","floor":10},{"not_picked":["Iron Wave","Flex","Sword Boomerang","AT_BodySlamDance"],"picked":"AT_IchimonjiDouble","floor":12},{"not_picked":["Blood for Blood","AT_BodySlamDance","AT_GerminateFire","Shrug It Off"],"picked":"MostiFishMod:FireWorks","floor":14},{"not_picked":["Exhume","MostiFishMod:Mania","MostiFishMod:FlyOverUtopia","MostiFishMod:DarkDeal"],"picked":"Reaper","floor":16},{"not_picked":["Headbutt","Pommel Strike","Twin Strike","Clothesline"],"picked":"Ghostly Armor","floor":18},{"not_picked":["Headbutt","Anger+1","Burning Pact+1","Searing Blow"],"picked":"Limit Break","floor":19},{"not_picked":["Thunderclap","AT_IchimonjiDouble","Cleave+1","Iron Wave+1"],"picked":"Seeing Red","floor":21},{"not_picked":["Pommel Strike","Twin Strike","Feed","Clash"],"picked":"MostiFishMod:HellRitual","floor":23},{"not_picked":["Dropkick","Clothesline","Anger","Wild Strike","Havoc+1"],"picked":"Singing Bowl","floor":24},{"not_picked":["Power Through","AT_BodySlamDance","Battle Trance","Clash+1"],"picked":"MostiFishMod:#F4004","floor":25},{"not_picked":["infinitespire:Menacing","infinitespire:SealOfDarkness+"],"picked":"infinitespire:FutureSight","floor":27},{"not_picked":["Clash","Havoc","Perfected Strike","AT_BodySlamDance"],"picked":"Infernal Blade","floor":27},{"not_picked":["Clash","AT_GerminateFire","True Grit","Juggernaut","Armaments"],"picked":"Singing Bowl","floor":29},{"not_picked":["infinitespire:NeuralNetwork","infinitespire:TheBestDefense"],"picked":"infinitespire:Execution","floor":31},{"not_picked":["Feed","Brutality","Limit Break","MostiFishMod:WingOfPhoenix"],"picked":"Exhume","floor":33},{"not_picked":["MostiFishMod:BrandingRite+1","Flex","AT_DiedThrough","Anger","AT_DrawKnifeCut"],"picked":"Singing Bowl","floor":35},{"not_picked":["Rage","MostiFishMod:BrandingRite+1","Havoc","Rupture+1","Anger"],"picked":"Singing Bowl","floor":37},{"not_picked":["Power Through","Clothesline","Warcry","Corruption"],"picked":"AT_BodySlamDance+1","floor":40},{"not_picked":["Infernal Blade","AT_IchimonjiDouble","Sword Boomerang","Wild Strike","AT_DiedThrough"],"picked":"Singing Bowl","floor":42},{"not_picked":["Combust","Warcry","Shrug It Off","Shockwave+1","Clothesline"],"picked":"Singing Bowl","floor":44},{"not_picked":["Second Wind","MostiFishMod:UltimateDefense","Clothesline","Flex+1","AT_BodySlamDance"],"picked":"Singing Bowl","floor":45},{"not_picked":["REME_SingleHolding","AT_IchimonjiDouble+1","Warcry","Flame Barrier"],"picked":"Whirlwind","floor":48},{"not_picked":["MostiFishMod:404NotFound","MostiFishMod:UltimateDefense","MostiFishMod:RacingGame","MostiFishMod:HellRitual"],"picked":"REME_ACTH","floor":50},{"not_picked":["MostiFishMod:Mania","Impervious","REME_TheLastStrike","MostiFishMod:Chiaki"],"picked":"MostiFishMod:HellRitual","floor":51},{"not_picked":["Pummel","Armaments","Wild Strike","Clothesline","Whirlwind"],"picked":"Singing Bowl","floor":53},{"not_picked":["Cleave","REME_Scribble","Sword Boomerang","Armaments"],"picked":"MostiFishMod:Mania","floor":54},{"not_picked":["Dual Wield","Armaments","Cleave","Havoc","Headbutt"],"picked":"Singing Bowl","floor":56},{"not_picked":["Ghostly Armor","Fire Breathing","AT_ShrugMaster","Warcry","True Grit"],"picked":"SKIP","floor":57},{"not_picked":["infinitespire:Menacing","infinitespire:TheBestDefense"],"picked":"infinitespire:Oblivion","floor":58},{"not_picked":["Combust","Havoc","Headbutt","Perfected Strike"],"picked":"MostiFishMod:RainCloud","floor":58},{"not_picked":["Blood for Blood","Clothesline","REME_TheLastStrike","Havoc","Dark Embrace"],"picked":"Singing Bowl","floor":59},{"not_picked":["Disarm","Havoc","Battle Trance","Rupture","Armaments"],"picked":"Singing Bowl","floor":60},{"not_picked":["infinitespire:SealOfDarkness+","infinitespire:Menacing"],"picked":"infinitespire:SevenWalls","floor":61},{"not_picked":["Dual Wield","Sword Boomerang","Twin Strike","Wild Strike","Rupture"],"picked":"Singing Bowl","floor":63},{"not_picked":["Reaper","Dark Embrace","Seeing Red","Iron Wave","Intimidate"],"picked":"Singing Bowl","floor":64},{"not_picked":["Havoc","Anger","Body Slam","Cleave"],"picked":"Power Through","floor":65},{"not_picked":["Bloodletting","AT_BodySlamDance","Iron Wave","Corruption"],"picked":"Heavy Blade","floor":66}],"player_experience":227008,"relics_obtained":[{"floor":1,"key":"SynthV:TestCard"},{"floor":6,"key":"infinitespire:Joker Card"},{"floor":8,"key":"infinitespire:Satchel"},{"floor":9,"key":"Singing Bowl"},{"floor":10,"key":"MawBank"},{"floor":23,"key":"REME_PuzzleBoxRelic"},{"floor":25,"key":"HornCleat"},{"floor":27,"key":"Dota2Spire:Vanguard"},{"floor":35,"key":"Dota2Spire:ShadowBlade"},{"floor":37,"key":"testmod-HeartOfStrike"},{"floor":40,"key":"Eternal Feather"},{"floor":41,"key":"Bottled Tornado"},{"floor":42,"key":"Dota2Spire:DrumOfEndurance"},{"floor":43,"key":"BelialBook"},{"floor":44,"key":"Civilization"},{"floor":48,"key":"testmod-InjuryResistance"},{"floor":53,"key":"infinitespire:FocusingShard"},{"floor":54,"key":"testmod-InfectionSource"},{"floor":58,"key":"Red Skull"},{"floor":59,"key":"Dota2Spire:BlackKingBar"},{"floor":60,"key":"Dota2Spire:LotusOrb"},{"floor":61,"key":"testmod-ArcanaOfDestiny"},{"floor":63,"key":"Smiling Mask"},{"floor":64,"key":"SalivaCoin"},{"floor":66,"key":"ThornShield"}],"event_choices":[{"damage_healed":0,"gold_gain":150,"player_choice":"AGREE","damage_taken":0,"max_hp_gain":0,"max_hp_loss":0,"event_name":"Liars Game","floor":2,"gold_loss":0,"cards_obtained":["Doubt"]},{"damage_healed":0,"gold_gain":0,"player_choice":"Fight","damage_taken":0,"max_hp_gain":0,"max_hp_loss":0,"event_name":"MindBloom","floor":37,"gold_loss":0},{"damage_healed":0,"gold_gain":0,"player_choice":"Ignored","damage_taken":0,"max_hp_gain":0,"max_hp_loss":0,"event_name":"Tomb of Lord Red Mask","floor":39,"gold_loss":0},{"damage_healed":0,"gold_gain":30,"player_choice":"Searched \u00272\u0027 times","damage_taken":0,"max_hp_gain":0,"max_hp_loss":0,"event_name":"Dead Adventurer","floor":59,"gold_loss":0}],"is_beta":false,"boss_relics":[{"not_picked":["testmod-EnergyCheck","Empty Cage"],"picked":"FeatherPendant"},{"not_picked":[]},{"not_picked":["OneHitWonderSystem","testmod-SaigiyounoYou"],"picked":"ChampionBelt"},{"not_picked":[]},{"not_picked":["MostiFishMod:Hod","testmod-Recursion"],"picked":"testmod-BatchProcessingSystem"},{"not_picked":[]}],"items_purged_floors":[11,36,47,55],"is_endless":true,"potions_floor_spawned":[1,6,10,12,16,19,23,25,33,35,37,51,56,57,64,66],"killed_by":"Delirium","ascension_level":20}}