{"host":"6evy1o4dscxdh32a","time":1609544109,"event":{"mods":["BaseMod","Downfall","Minty Spire (QoL Compilation)","StSLib","The Bug Knight","The Construct","The Cursed","The Hierophant","The Judge","The Mystic","The Poker Player","The Runesmith","The Servant 0.9.4","Wandering Minibosses"],"gold_per_floor":[119,119,119,132,146,173,173,201,201,235,235,280,280,280,280,355,355,323,357,357,372,386,417,102,102,127,127,144,178,191,224,236,325,337,359,389,401,438,450,462,485,525,563,10,44,266,266,266,266,266,266,266,40,74,74,74],"floor_reached":55,"playtime":3291,"items_purged":["Parasite"],"score":1445,"play_id":"7eddc044-f985-4f10-bfe7-66d689ce47f1","local_time":"20210102003509","is_ascension_mode":true,"campfire_choices":[{"data":"Infernal Blade","floor":7,"key":"SMITH"},{"data":"Bash","floor":15,"key":"SMITH"},{"floor":27,"key":"REST"},{"floor":32,"key":"RECALL"},{"data":"Demon Form","floor":40,"key":"SMITH"},{"data":"Madness","floor":47,"key":"SMITH"},{"data":"Shrug It Off","floor":49,"key":"SMITH"},{"data":"Rage","floor":52,"key":"SMITH"}],"circlet_count":0,"master_deck":["AscendersBane","Strike_R","Strike_R","Strike_R","Strike_R+1","Defend_R+1","Defend_R+1","Defend_R","Defend_R+1","Bash+1","Intimidate+1","Inflame+1","Infernal Blade+1","Dropkick","Shrug It Off+1","Dropkick","Reaper","Armaments+1","Seeing Red+1","Shrug It Off+1","Thunderclap","Clash","Thunderclap+1","Rage+1","Demon Form+1","Madness+1","Madness+1","Metallicize+1","expansioncontent:PrepareCrush+1","Shrug It Off+1","Demon Form+1","expansioncontent:StudyTheSpire+1"],"relics":["Burning Blood","construct:BoolHorns","Bottled Flame","construct:RocketBooster","PreservedInsect","HollowMod:StagPassRelic","Runic Pyramid","Red Mask","Bag of Marbles","Mercury Hourglass","Nunchaku","Bronze Scales","MawBank","Busted Crown","Magic Flower","Centennial Puzzle","Juzu Bracelet","Bag of Preparation","Toolbox","MealTicket","Art of War"],"acts_visited":["Exordium","TheCity","TheBeyond","TheEnding"],"potions_floor_usage":[6,8,10,18,22,23,29,42,45,50,55],"damage_taken":[{"damage":0,"enemies":"Small Slimes","floor":1,"turns":3},{"damage":16,"enemies":"Jaw Worm","floor":4,"turns":4},{"damage":0,"enemies":"Cultist","floor":5,"turns":4},{"damage":20,"enemies":"Lagavulin","floor":6,"turns":4},{"damage":16,"enemies":"Gremlin Nob","floor":8,"turns":3},{"damage":34,"enemies":"HollowMod:MossKnight","floor":10,"turns":10},{"damage":15,"enemies":"Slime Boss","floor":16,"turns":8},{"damage":20,"enemies":"2 Thieves","floor":18,"turns":5},{"damage":51,"enemies":"Masked Bandits","floor":19,"turns":6},{"damage":6,"enemies":"3 Byrds","floor":21,"turns":7},{"damage":24,"enemies":"Centurion and Healer","floor":22,"turns":4},{"damage":40,"enemies":"Book of Stabbing","floor":23,"turns":5},{"damage":0,"enemies":"Snecko","floor":28,"turns":2},{"damage":0,"enemies":"Gremlin Leader","floor":29,"turns":5},{"damage":0,"enemies":"Cultist and Chosen","floor":30,"turns":4},{"damage":4,"enemies":"HollowMod:Nosk","floor":31,"turns":5},{"damage":71,"enemies":"Champ","floor":33,"turns":11},{"damage":0,"enemies":"3 Shapes","floor":35,"turns":4},{"damage":7,"enemies":"Orb Walker","floor":36,"turns":2},{"damage":5,"enemies":"Mind Bloom Boss Battle","floor":38,"turns":5},{"damage":24,"enemies":"Writhing Mass","floor":41,"turns":4},{"damage":45,"enemies":"Nemesis","floor":42,"turns":6},{"damage":0,"enemies":"HollowMod:StalkingDevout","floor":45,"turns":3},{"damage":56,"enemies":"Awakened One","floor":50,"turns":8},{"damage":39,"enemies":"Shield and Spear","floor":54,"turns":7},{"damage":72,"enemies":"The Heart","floor":55,"turns":3}],"seed_played":"-1658342222565257718","potions_obtained":[{"floor":5,"key":"LiquidMemories"},{"floor":6,"key":"FearPotion"},{"floor":8,"key":"sneckomod:MuddlingPotion"},{"floor":16,"key":"Swift Potion"},{"floor":19,"key":"champ:CounterPotion"},{"floor":21,"key":"Block Potion"},{"floor":23,"key":"ColorlessPotion"},{"floor":28,"key":"GamblersBrew"},{"floor":35,"key":"Weak Potion"},{"floor":41,"key":"PowerPotion"}],"is_trial":false,"path_per_floor":["M","?","?","M","M","E","R","E","T","E","?","T","?","?","R","B",null,"M","?","?","M","M","E","$","?","T","R","M","E","M","E","R","B",null,"M","M","?","?","?","R","M","E","T","$","E","?","R","?","R","B",null,"R","$","E","B"],"character_chosen":"IRONCLAD","items_purchased":["Mercury Hourglass","Bag of Preparation","Toolbox","Metallicize","expansioncontent:PrepareCrush","Dexterity Potion","Shrug It Off","expansioncontent:StudyTheSpire","PowerPotion"],"campfire_rested":1,"item_purchase_floors":[24,44,44,44,44,44,44,53,53],"current_hp_per_floor":[81,81,81,71,77,63,63,53,53,25,52,52,72,61,61,52,75,71,41,41,49,51,23,23,23,23,46,62,79,79,79,79,23,65,71,70,56,76,65,65,50,29,29,29,79,79,79,79,79,58,74,74,79,72,0,0],"gold":74,"neow_bonus":"TEN_PERCENT_HP_BONUS","is_daily":false,"chose_seed":false,"campfire_upgraded":6,"win_rate":0.0,"timestamp":1609544109,"path_taken":["M","?","?","M","?","E","R","E","T","E","?","?","?","?","R","BOSS","M","?","?","?","?","E","$","?","T","R","M","E","M","E","R","BOSS","M","?","?","?","?","R","M","E","T","$","E","?","R","?","R","BOSS","R","$","E","BOSS"],"items_purchased_type":["Relic","Relic","Relic","Card","Card","Potion","Card","Card","Potion"],"build_version":"2020-12-22","purchased_purges":1,"victory":false,"max_hp_per_floor":[82,82,82,82,82,82,82,82,82,82,82,82,82,82,82,82,82,82,82,82,82,82,82,79,79,79,79,79,79,79,79,79,79,79,79,79,79,79,79,79,79,79,79,79,79,79,79,79,79,79,79,79,79,79,79,79],"card_choices":[{"not_picked":["Anger","Twin Strike"],"picked":"Intimidate","floor":1},{"not_picked":["Ghostly Armor","Searing Blow"],"picked":"Inflame","floor":4},{"not_picked":["Power Through","Dark Embrace"],"picked":"Infernal Blade","floor":5},{"not_picked":["Flame Barrier","Offering"],"picked":"Dropkick","floor":6},{"not_picked":["True Grit","Fire Breathing"],"picked":"Shrug It Off","floor":8},{"not_picked":["Searing Blow","Anger"],"picked":"Dropkick","floor":10},{"not_picked":["Feed","Brutality"],"picked":"Reaper","floor":16},{"not_picked":["Sentinel","Wild Strike"],"picked":"Armaments+1","floor":18},{"not_picked":["Twin Strike","Warcry+1"],"picked":"Seeing Red+1","floor":19},{"not_picked":["Dark Embrace","True Grit","Feel No Pain"],"picked":"SKIP","floor":21},{"not_picked":["Entrench","Sword Boomerang"],"picked":"Shrug It Off","floor":22},{"not_picked":["Intimidate+1","Immolate"],"picked":"Thunderclap","floor":23},{"not_picked":["Cleave","Headbutt","Havoc"],"picked":"SKIP","floor":28},{"not_picked":["Dark Embrace","Searing Blow"],"picked":"Thunderclap+1","floor":29},{"not_picked":["Body Slam","Pommel Strike","Flame Barrier"],"picked":"SKIP","floor":30},{"not_picked":["Havoc","Rupture"],"picked":"Rage","floor":31},{"not_picked":["Reaper","Impervious"],"picked":"Demon Form","floor":33},{"not_picked":["Headbutt"],"picked":"SKIP","floor":35},{"not_picked":["Twin Strike"],"picked":"SKIP","floor":36},{"not_picked":["Ghostly Armor"],"picked":"SKIP","floor":41},{"not_picked":["Havoc"],"picked":"SKIP","floor":42},{"not_picked":["Searing Blow"],"picked":"SKIP","floor":45},{"not_picked":["Infernal Blade"],"picked":"SKIP","floor":54}],"player_experience":691953,"relics_obtained":[{"floor":6,"key":"construct:BoolHorns"},{"floor":8,"key":"Bottled Flame"},{"floor":10,"key":"construct:RocketBooster"},{"floor":12,"key":"PreservedInsect"},{"floor":19,"key":"Red Mask"},{"floor":23,"key":"Bag of Marbles"},{"floor":26,"key":"Nunchaku"},{"floor":29,"key":"Bronze Scales"},{"floor":31,"key":"MawBank"},{"floor":38,"key":"Magic Flower"},{"floor":42,"key":"Centennial Puzzle"},{"floor":43,"key":"Juzu Bracelet"},{"floor":45,"key":"MealTicket"},{"floor":54,"key":"Art of War"}],"event_choices":[{"damage_healed":0,"gold_gain":0,"player_choice":"Leave","damage_taken":0,"max_hp_gain":0,"max_hp_loss":0,"event_name":"The Cleric","floor":2,"gold_loss":0},{"damage_healed":0,"gold_gain":0,"player_choice":"Upgraded","damage_taken":0,"max_hp_gain":0,"max_hp_loss":0,"event_name":"Upgrade Shrine","floor":3,"gold_loss":0,"cards_upgraded":["Intimidate"]},{"damage_healed":27,"gold_gain":0,"player_choice":"Banana","damage_taken":0,"max_hp_gain":0,"max_hp_loss":0,"event_name":"Big Fish","floor":11,"gold_loss":0},{"damage_healed":20,"gold_gain":0,"player_choice":"Healed and dodged fight","damage_taken":0,"max_hp_gain":0,"max_hp_loss":0,"event_name":"Mushrooms","floor":13,"gold_loss":0,"cards_obtained":["Parasite"]},{"damage_healed":0,"gold_gain":0,"player_choice":"Success","damage_taken":11,"relics_obtained":["HollowMod:StagPassRelic"],"max_hp_gain":0,"max_hp_loss":0,"event_name":"Scrap Ooze","floor":14,"gold_loss":0},{"damage_healed":0,"gold_gain":0,"player_choice":"Fought Bandits","damage_taken":0,"max_hp_gain":0,"max_hp_loss":0,"event_name":"Masked Bandits","floor":19,"gold_loss":0},{"damage_healed":0,"gold_gain":0,"player_choice":"Upgraded","damage_taken":0,"max_hp_gain":0,"max_hp_loss":0,"event_name":"Upgrade Shrine","floor":20,"gold_loss":0,"cards_upgraded":["Inflame"]},{"damage_healed":0,"gold_gain":0,"cards_transformed":["Strike_R"],"player_choice":"Transformed","damage_taken":0,"max_hp_gain":0,"max_hp_loss":0,"event_name":"Transmorgrifier","floor":25,"gold_loss":0,"cards_obtained":["Clash"]},{"damage_healed":0,"gold_gain":0,"player_choice":"Embrace Madness","damage_taken":14,"max_hp_gain":0,"max_hp_loss":0,"event_name":"Winding Halls","floor":37,"gold_loss":0,"cards_obtained":["Madness","Madness"]},{"damage_healed":0,"gold_gain":0,"player_choice":"Fight","damage_taken":0,"max_hp_gain":0,"max_hp_loss":0,"event_name":"MindBloom","floor":38,"gold_loss":0},{"damage_healed":0,"gold_gain":0,"player_choice":"Damaged","damage_taken":11,"max_hp_gain":0,"max_hp_loss":0,"event_name":"Wheel of Change","floor":39,"gold_loss":0},{"damage_healed":0,"gold_gain":222,"player_choice":"Wore Mask","damage_taken":0,"max_hp_gain":0,"max_hp_loss":0,"event_name":"Tomb of Lord Red Mask","floor":46,"gold_loss":0},{"damage_healed":0,"gold_gain":0,"player_choice":"Copied","damage_taken":0,"max_hp_gain":0,"max_hp_loss":0,"event_name":"Duplicator","floor":48,"gold_loss":0,"cards_obtained":["Demon Form"]}],"is_beta":false,"boss_relics":[{"not_picked":["Empty Cage","Philosopher\u0027s Stone"],"picked":"Runic Pyramid"},{"not_picked":["construct:ClawGrip","Velvet Choker"],"picked":"Busted Crown"}],"items_purged_floors":[24],"is_endless":false,"potions_floor_spawned":[5,6,8,16,19,21,23,28,35,41],"killed_by":"The Heart","ascension_level":15}}