{"host":"pf47v7h0307523iy","time":1609535831,"event":{"mods":["BaseMod","Minty Spire (QoL Compilation)"],"gold_per_floor":[112,112,112,127,127,127,152,152,152,152,185,197,227,244,244,318,318,238,238,238,238,87,87,87,87,87,87,87,87,87,87,87,87,87,87,87,87,87,87,87,87,87,87,87,87,87,87,87,87,87,87],"floor_reached":50,"playtime":8108,"items_purged":["Strike_G"],"score":1412,"play_id":"3faa9709-fe82-4ee4-bd21-534780dd389b","local_time":"20210101231711","is_ascension_mode":true,"campfire_choices":[{"floor":6.0,"key":"REST"},{"data":"Deadly Poison","floor":8.0,"key":"SMITH"},{"floor":10.0,"key":"REST"},{"data":"Catalyst","floor":15.0,"key":"SMITH"},{"data":"Well Laid Plans","floor":23.0,"key":"SMITH"},{"data":"Crippling Poison","floor":27.0,"key":"SMITH"},{"data":"Cloak And Dagger","floor":32.0,"key":"SMITH"},{"data":"Noxious Fumes","floor":41,"key":"SMITH"},{"floor":46,"key":"REST"},{"floor":49,"key":"RECALL"}],"circlet_count":0,"master_deck":["AscendersBane","Strike_G+1","Strike_G","Strike_G","Strike_G","Defend_G","Defend_G","Defend_G","Defend_G","Defend_G+1","Survivor+1","Neutralize+1","Bouncing Flask+1","PiercingWail","Deadly Poison+1","Flying Knee","Dash","Catalyst+1","Corpse Explosion","PiercingWail","RitualDagger","Cloak And Dagger+1","Well Laid Plans+1","Crippling Poison+1","Dodge and Roll","Acrobatics","Backflip+1","Venomology","Blur","Noxious Fumes+1","PiercingWail"],"relics":["Ring of the Snake","NeowsBlessing","War Paint","Toy Ornithopter","Torii","Kunai","Mercury Hourglass","Ectoplasm","Red Mask","Unceasing Top","Turnip","Ginger","Tiny House","Regal Pillow","Incense Burner","Blue Candle","Molten Egg 2"],"acts_visited":["Exordium","TheCity","TheBeyond"],"potions_floor_usage":[42,47,48,50,50,50,50],"damage_taken":[{"damage":0.0,"enemies":"Cultist","floor":1.0,"turns":1.0},{"damage":0.0,"enemies":"Small Slimes","floor":4.0,"turns":1.0},{"damage":0.0,"enemies":"Gremlin Nob","floor":7.0,"turns":1.0},{"damage":23.0,"enemies":"3 Sentries","floor":11.0,"turns":9.0},{"damage":1.0,"enemies":"Jaw Worm","floor":12.0,"turns":3.0},{"damage":28.0,"enemies":"Gremlin Nob","floor":13.0,"turns":4.0},{"damage":0.0,"enemies":"Looter","floor":14.0,"turns":4.0},{"damage":0.0,"enemies":"The Guardian","floor":16.0,"turns":6.0},{"damage":0.0,"enemies":"2 Thieves","floor":18.0,"turns":3.0},{"damage":2.0,"enemies":"3 Byrds","floor":20.0,"turns":2.0},{"damage":0.0,"enemies":"Masked Bandits","floor":21.0,"turns":2.0},{"damage":9.0,"enemies":"Book of Stabbing","floor":24.0,"turns":5.0},{"damage":1.0,"enemies":"Centurion and Healer","floor":25.0,"turns":4.0},{"damage":1.0,"enemies":"Gremlin Leader","floor":28.0,"turns":5.0},{"damage":14.0,"enemies":"Chosen and Byrds","floor":30.0,"turns":5.0},{"damage":9.0,"enemies":"Book of Stabbing","floor":31.0,"turns":5.0},{"damage":22.0,"enemies":"Champ","floor":33.0,"turns":12.0},{"damage":0.0,"enemies":"Orb Walker","floor":35.0,"turns":3.0},{"damage":2.0,"enemies":"3 Darklings","floor":37.0,"turns":6.0},{"damage":0.0,"enemies":"4 Shapes","floor":38.0,"turns":1.0},{"damage":14.0,"enemies":"Jaw Worm Horde","floor":39.0,"turns":6.0},{"damage":14,"enemies":"Reptomancer","floor":40,"turns":7},{"damage":19,"enemies":"Nemesis","floor":42,"turns":8},{"damage":11,"enemies":"Maw","floor":47,"turns":7},{"damage":18,"enemies":"Reptomancer","floor":48,"turns":7},{"damage":77,"enemies":"Time Eater","floor":50,"turns":13}],"seed_played":"-6538140086999367515","potions_obtained":[{"floor":7.0,"key":"FairyPotion"},{"floor":11.0,"key":"EssenceOfSteel"},{"floor":14.0,"key":"GhostInAJar"},{"floor":18.0,"key":"BlessingOfTheForge"},{"floor":24.0,"key":"Regen Potion"},{"floor":25.0,"key":"FearPotion"},{"floor":35.0,"key":"BlessingOfTheForge"},{"floor":37.0,"key":"EntropicBrew"},{"floor":47,"key":"Swift Potion"}],"is_trial":false,"path_per_floor":["M","?","?","M","?","R","E","R","T","R","E","M","E","M","R","B",null,"M","?","M","?","$","R","E","M","T","R","E","$","M","E","R","B",null,"M","?","M","M","M","E","R","E","T","?","$","R","M","E","R","B"],"character_chosen":"THE_SILENT","items_purchased":["Well Laid Plans"],"campfire_rested":3,"item_purchase_floors":[22],"current_hp_per_floor":[59,24,4,4,4,23,23,23,23,42,19,18,19,19,19,19,54,59,53,51,51,51,51,47,63,63,63,62,62,48,44,44,22,60,60,60,63,63,54,40,40,26,26,26,26,62,56,43,43,0,0],"gold":87,"neow_bonus":"THREE_ENEMY_KILL","is_daily":false,"chose_seed":false,"campfire_upgraded":6,"win_rate":0.0,"timestamp":1609535831,"path_taken":["M","?","?","?","?","R","E","R","T","R","E","?","E","M","R","BOSS","M","?","M","?","?","R","E","M","T","R","E","$","?","E","R","BOSS","M","?","M","M","?","E","R","E","T","?","$","R","M","E","R","BOSS"],"items_purchased_type":["Card"],"build_version":"2020-12-22","purchased_purges":1,"victory":false,"max_hp_per_floor":[66,66,66,66,66,66,66,66,66,66,66,66,66,66,66,66,66,66,66,66,66,66,66,66,66,66,66,66,66,66,66,66,66,71,71,71,71,71,71,71,71,71,71,71,71,71,71,71,71,71,71],"card_choices":[{"not_picked":["Deflect","Dagger Spray"],"picked":"Bouncing Flask","floor":1.0},{"not_picked":["Flying Knee","Backstab"],"picked":"PiercingWail","floor":4.0},{"not_picked":["Prepared","Tactician"],"picked":"Deadly Poison","floor":7.0},{"not_picked":["Sucker Punch","Distraction"],"picked":"Flying Knee","floor":11.0},{"not_picked":["Eviscerate","Deflect"],"picked":"Dash","floor":12.0},{"not_picked":["Infinite Blades","Prepared","Slice"],"picked":"SKIP","floor":13.0},{"not_picked":["Slice","Skewer"],"picked":"Catalyst","floor":14.0},{"not_picked":["Tools of the Trade","Grand Finale"],"picked":"Corpse Explosion","floor":16.0},{"not_picked":["Deflect","Outmaneuver"],"picked":"PiercingWail","floor":18.0},{"not_picked":["Deadly Poison","Acrobatics","Outmaneuver"],"picked":"SKIP","floor":20.0},{"not_picked":["Expertise","Bouncing Flask"],"picked":"Cloak And Dagger","floor":21.0},{"not_picked":["Outmaneuver","Underhanded Strike","Terror"],"picked":"SKIP","floor":24.0},{"not_picked":["Flechettes","Well Laid Plans"],"picked":"Crippling Poison","floor":25.0},{"not_picked":["Outmaneuver","Envenom"],"picked":"Dodge and Roll","floor":28.0},{"not_picked":["Flechettes+1","Sucker Punch+1"],"picked":"Acrobatics","floor":30.0},{"not_picked":["Finisher","Deflect"],"picked":"Backflip","floor":31.0},{"not_picked":["Storm of Steel","Malaise"],"picked":"Venomology","floor":33.0},{"not_picked":["Crippling Poison","Dagger Spray+1"],"picked":"Blur","floor":35.0},{"not_picked":["Distraction","Underhanded Strike","Deadly Poison"],"picked":"SKIP","floor":37.0},{"not_picked":["All Out Attack+1","Flying Knee"],"picked":"Noxious Fumes","floor":38.0},{"not_picked":["Endless Agony","Dodge and Roll","Acrobatics"],"picked":"SKIP","floor":39.0},{"not_picked":["All Out Attack+1","Dagger Throw","Noxious Fumes"],"picked":"SKIP","floor":40},{"not_picked":["Predator+1","Die Die Die","Bane"],"picked":"SKIP","floor":42},{"not_picked":["Endless Agony","Underhanded Strike","Sucker Punch"],"picked":"SKIP","floor":47},{"not_picked":["Endless Agony","Underhanded Strike","Sucker Punch"],"picked":"SKIP","floor":47},{"not_picked":["Calculated Gamble","A Thousand Cuts"],"picked":"PiercingWail","floor":48}],"player_experience":1564754,"relics_obtained":[{"floor":7.0,"key":"Toy Ornithopter"},{"floor":9.0,"key":"Torii"},{"floor":11.0,"key":"Kunai"},{"floor":13.0,"key":"Mercury Hourglass"},{"floor":21.0,"key":"Red Mask"},{"floor":24.0,"key":"Unceasing Top"},{"floor":28.0,"key":"Turnip"},{"floor":31.0,"key":"Ginger"},{"floor":40,"key":"Regal Pillow"},{"floor":42,"key":"Incense Burner"},{"floor":43,"key":"Blue Candle"},{"floor":48,"key":"Molten Egg 2"}],"event_choices":[{"damage_healed":0.0,"max_hp_gain":0.0,"max_hp_loss":0.0,"gold_gain":0.0,"event_name":"Scrap Ooze","player_choice":"Success","floor":2.0,"gold_loss":0.0,"damage_taken":35.0,"relics_obtained":["War Paint"]},{"damage_healed":0.0,"max_hp_gain":0.0,"max_hp_loss":0.0,"gold_gain":0.0,"event_name":"Shining Light","player_choice":"Entered Light","floor":3.0,"gold_loss":0.0,"damage_taken":20.0,"cards_upgraded":["Strike_G","Bouncing Flask"]},{"damage_healed":0.0,"max_hp_gain":0.0,"max_hp_loss":0.0,"gold_gain":0.0,"event_name":"Accursed Blacksmith","player_choice":"Forge","floor":5.0,"gold_loss":0.0,"damage_taken":0.0,"cards_upgraded":["Neutralize"]},{"damage_healed":0.0,"max_hp_gain":0.0,"max_hp_loss":0.0,"gold_gain":0.0,"event_name":"Nest","player_choice":"Joined the Cult","floor":19.0,"gold_loss":0.0,"damage_taken":6.0,"cards_obtained":["RitualDagger"]},{"damage_healed":0.0,"max_hp_gain":0.0,"max_hp_loss":0.0,"gold_gain":0.0,"event_name":"Masked Bandits","player_choice":"Fought Bandits","floor":21.0,"gold_loss":0.0,"damage_taken":0.0},{"damage_healed":0.0,"max_hp_gain":0.0,"max_hp_loss":0.0,"gold_gain":50.0,"event_name":"Golden Shrine","player_choice":"Pray","floor":36.0,"gold_loss":0.0,"damage_taken":0.0},{"damage_healed":0,"gold_gain":0,"player_choice":"Got Potions","damage_taken":0,"max_hp_gain":0,"max_hp_loss":0,"event_name":"Lab","floor":44,"gold_loss":0}],"is_beta":false,"boss_relics":[{"not_picked":["Philosopher\u0027s Stone","Runic Pyramid"],"picked":"Ectoplasm"},{"not_picked":["WristBlade","Velvet Choker"],"picked":"Tiny House"}],"items_purged_floors":[22],"is_endless":false,"potions_floor_spawned":[7,11,14,18,21,24,25,30,35,37,42,47],"killed_by":"Time Eater","ascension_level":20}}