{"host":"xshq2rhao6qj608z","time":1609515140,"event":{"mods":["AchievementEnabler","BaseMod","BetterRewards","Block Reminder","Colored Powertips","Downfall","Energized Spire","Highlight Path","Infinite Spire","Minty Spire (QoL Compilation)","Quick Restart","Rare Cards Sparkle","Replay The Spire","StSLib","The Blue Laboratory","The Jungle"],"gold_per_floor":[119,119,119,44,54,89,103,103,103],"floor_reached":8,"playtime":587,"items_purged":["infinitespire:Pacifist"],"score":64,"play_id":"03926de8-49dc-4cb7-9f13-f688dce798c4","local_time":"20210101183220","is_ascension_mode":true,"campfire_choices":[],"circlet_count":0,"master_deck":["Strike_B","Strike_B","Strike_B","Strike_B","Defend_B","Defend_B","Defend_B","Defend_B","Zap","Dualcast","expansioncontent:Collect","Redo","Sunder","Cold Snap","Hello World","Time Bomb"],"relics":["Cracked Core","Pet Ghost","Pocketwatch"],"acts_visited":["Exordium"],"potions_floor_usage":[8],"damage_taken":[{"damage":11,"enemies":"Small Slimes","floor":1,"turns":4},{"damage":0,"enemies":"Jaw Worm","floor":5,"turns":3},{"damage":27,"enemies":"Lagavulin","floor":6,"turns":8},{"damage":6,"enemies":"Cultist","floor":7,"turns":3},{"damage":60,"enemies":"Gremlin Nob","floor":8,"turns":4}],"seed_played":"5491384907599875470","potions_obtained":[{"floor":5,"key":"Venom Potion"}],"is_trial":false,"path_per_floor":["M","?","?","$","M","E","M","E"],"character_chosen":"DEFECT","items_purchased":[],"campfire_rested":0,"item_purchase_floors":[],"current_hp_per_floor":[64,64,64,64,64,37,31,0,0],"gold":103,"neow_bonus":"RANDOM_COLORLESS","is_daily":false,"chose_seed":false,"campfire_upgraded":0,"win_rate":0.0,"timestamp":1609515140,"path_taken":["M","?","?","$","M","E","?","E"],"items_purchased_type":[],"build_version":"2020-12-22","purchased_purges":1,"victory":false,"max_hp_per_floor":[75,75,75,75,75,75,75,75,75],"card_choices":[{"not_picked":["Replay:Sssssssssshield","Finesse"],"picked":"expansioncontent:Collect","floor":0},{"not_picked":["Sweeping Beam","Conserve Battery"],"picked":"Redo","floor":1},{"not_picked":["Rebound","Auto Shields"],"picked":"Cold Snap","floor":5},{"not_picked":["Amplify","Blizzard"],"picked":"Hello World","floor":6},{"not_picked":["Rip and Tear","Cold Snap"],"picked":"Time Bomb","floor":7}],"player_experience":219105,"relics_obtained":[{"floor":2,"key":"Pet Ghost"},{"floor":6,"key":"Pocketwatch"}],"event_choices":[{"damage_healed":0,"gold_gain":0,"player_choice":"2 cards matched","damage_taken":0,"max_hp_gain":0,"max_hp_loss":0,"event_name":"Match and Keep!","floor":3,"gold_loss":0,"cards_obtained":["Sunder","infinitespire:Pacifist"]},{"damage_healed":0,"gold_gain":0,"player_choice":"2 cards matched","damage_taken":0,"max_hp_gain":0,"max_hp_loss":0,"event_name":"Match and Keep!","floor":3,"gold_loss":0,"cards_obtained":["Sunder","infinitespire:Pacifist"]}],"is_beta":false,"boss_relics":[],"items_purged_floors":[4],"is_endless":false,"potions_floor_spawned":[5],"killed_by":"Gremlin Nob","ascension_level":3}}