{"host":"onmzcmq5a68cxj3d","time":1609535186,"event":{"mods":["BaseMod","Colored Map","Minty Spire (QoL Compilation)","Remove Card Discount Mod"],"gold_per_floor":[118,136,153,147,162,162,162,162,162,162,162,6,6,25,25,127,127,144,144,160,160,160],"floor_reached":21,"playtime":1218,"items_purged":["Wraith Form v2","Defend_G","Strike_G"],"score":169,"play_id":"7067853b-084a-4098-aa6a-988d419bbc33","local_time":"20210101140626","daily_mods":["Heirloom","Time Dilation","Flight"],"is_ascension_mode":false,"campfire_choices":[{"data":"DevaForm","floor":6,"key":"SMITH"},{"data":"Echo Form","floor":7,"key":"SMITH"},{"data":"Demon Form","floor":10,"key":"SMITH"},{"floor":11,"key":"REST"},{"floor":15,"key":"REST"}],"circlet_count":0,"master_deck":["Demon Form+1","Echo Form+1","DevaForm+1","Strike_G","Strike_G","Strike_G","Defend_G","Defend_G","Defend_G","Defend_G","Survivor","Neutralize","Noxious Fumes","Blade Dance","Bane","Night Terror","Outmaneuver+1","Bane"],"relics":["Unceasing Top","Torii","Paper Crane","Bag of Preparation","Black Star"],"acts_visited":["Exordium","TheCity"],"potions_floor_usage":[18],"damage_taken":[{"damage":11,"enemies":"Jaw Worm","floor":1,"turns":4},{"damage":10,"enemies":"Cultist","floor":2,"turns":5},{"damage":1,"enemies":"Small Slimes","floor":3,"turns":6},{"damage":12,"enemies":"Exordium Thugs","floor":5,"turns":8},{"damage":8,"enemies":"3 Louse","floor":14,"turns":3},{"damage":33,"enemies":"Hexaghost","floor":16,"turns":6},{"damage":24,"enemies":"Spheric Guardian","floor":18,"turns":6},{"damage":17,"enemies":"Chosen","floor":20,"turns":6},{"damage":29,"enemies":"Centurion and Healer","floor":21,"turns":5}],"seed_played":"-1520478027706228861","potions_obtained":[{"floor":2,"key":"CultistPotion"},{"floor":5,"key":"BlessingOfTheForge"},{"floor":16,"key":"AttackPotion"}],"is_trial":true,"path_per_floor":["M","M","M","$","M","R","R","?","T","R","R","$","$","M","R","B",null,"M","?","M","M"],"character_chosen":"THE_SILENT","items_purchased":["Bag of Preparation"],"campfire_rested":2,"item_purchase_floors":[12],"current_hp_per_floor":[59,49,48,48,36,36,36,36,36,36,57,57,57,49,70,37,70,46,46,29,0,0],"gold":160,"neow_bonus":"","is_daily":false,"chose_seed":false,"campfire_upgraded":3,"win_rate":0.0,"timestamp":1609535186,"path_taken":["M","M","M","$","M","R","R","?","T","R","R","$","$","M","R","BOSS","M","?","?","?"],"items_purchased_type":["Relic"],"build_version":"2020-12-22","purchased_purges":3,"victory":false,"max_hp_per_floor":[70,70,70,70,70,70,70,70,70,70,70,70,70,70,70,70,70,70,70,70,70,70],"card_choices":[{"not_picked":["Slice","Sucker Punch","Underhanded Strike"],"picked":"SKIP","floor":1},{"not_picked":["Dagger Spray","Deadly Poison","Outmaneuver"],"picked":"SKIP","floor":2},{"not_picked":["Tactician","Dagger Spray"],"picked":"Noxious Fumes","floor":3},{"not_picked":["Choke","Concentrate"],"picked":"Blade Dance","floor":5},{"not_picked":["Underhanded Strike","Prepared"],"picked":"Bane","floor":14},{"not_picked":["Grand Finale","Burst"],"picked":"Night Terror","floor":16},{"not_picked":["Sucker Punch","Acrobatics"],"picked":"Outmaneuver+1","floor":18},{"not_picked":["Choke+1","Endless Agony","Acrobatics"],"picked":"SKIP","floor":20}],"player_experience":438630,"relics_obtained":[{"floor":9,"key":"Paper Crane"}],"event_choices":[{"cards_removed":["Strike_G"],"damage_healed":0,"gold_gain":0,"player_choice":"Forget","damage_taken":0,"max_hp_gain":0,"max_hp_loss":0,"event_name":"Living Wall","floor":8,"gold_loss":0},{"damage_healed":0,"gold_gain":0,"player_choice":"Copied","damage_taken":0,"max_hp_gain":0,"max_hp_loss":0,"event_name":"Duplicator","floor":19,"gold_loss":0,"cards_obtained":["Bane"]}],"is_beta":false,"boss_relics":[{"not_picked":["Ectoplasm","Cursed Key"],"picked":"Black Star"}],"items_purged_floors":[4,4,4],"is_endless":false,"potions_floor_spawned":[2,5,16],"killed_by":"Centurion and Healer","ascension_level":0}}