{"host":"m77rrhbqzv44va4v","time":1609529804,"event":{"mods":["AchievementEnabler","BaseMod","Colored Map","DeckTracker","Keyboard Shortcuts","Minty Spire (QoL Compilation)","StSLib","SuperFastMode","everything is the same but u backflip on backflip"],"gold_per_floor":[117,117,134,144,144,170,170,205,257,271,271,302,302,58,58,135,135,135,135,60,60,60,60,60,60,60,60,60,30,30,30,30,30,30,30,30,30,30,30,30,30,30,30,30,30,30,30,30,30,30,30],"floor_reached":50,"playtime":1179,"items_purged":[],"score":1086,"play_id":"04e7754c-5416-4d50-96e0-f652f203d0f9","local_time":"20210102043644","is_ascension_mode":true,"campfire_choices":[{"data":"Pommel Strike","floor":7.0,"key":"SMITH"},{"data":"Body Slam","floor":11.0,"key":"SMITH"},{"data":"Bloodletting","floor":15.0,"key":"SMITH"},{"data":"Evolve","floor":25.0,"key":"SMITH"},{"floor":32.0,"key":"REST"},{"data":"Armaments","floor":40,"key":"SMITH"},{"floor":42,"key":"REST"},{"floor":44,"key":"REST"},{"floor":49,"key":"REST"}],"circlet_count":0,"master_deck":["AscendersBane","Strike_R","Strike_R","Strike_R","Defend_R","Defend_R","Defend_R","Bash","Cleave","Anger","Pommel Strike+1","Flame Barrier","Shockwave","Body Slam+1","Fire Breathing","Bloodletting+1","Immolate","Evolve+1","Ghostly Armor+1","Dropkick+1","J.A.X.","Uppercut","Reaper","Shrug It Off","Armaments+1","Sadistic Nature","Limit Break","Entrench+1"],"relics":["Burning Blood","Ancient Tea Set","Mercury Hourglass","Red Skull","Calipers","MealTicket","CaptainsWheel","Sling","Ectoplasm","Bag of Preparation","Potion Belt","Dream Catcher","Runic Pyramid","Regal Pillow","Blue Candle"],"acts_visited":["Exordium","TheCity","TheBeyond"],"potions_floor_usage":[33,35,38,46,50],"damage_taken":[{"damage":11.0,"enemies":"Small Slimes","floor":1.0,"turns":3.0},{"damage":7.0,"enemies":"Jaw Worm","floor":3.0,"turns":3.0},{"damage":0.0,"enemies":"Cultist","floor":4.0,"turns":2.0},{"damage":20.0,"enemies":"3 Sentries","floor":6.0,"turns":5.0},{"damage":21.0,"enemies":"Lagavulin","floor":8.0,"turns":6.0},{"damage":8.0,"enemies":"Blue Slaver","floor":10.0,"turns":2.0},{"damage":8.0,"enemies":"Gremlin Nob","floor":12.0,"turns":3.0},{"damage":38.0,"enemies":"The Guardian","floor":16.0,"turns":9.0},{"damage":0.0,"enemies":"Chosen","floor":18.0,"turns":4.0},{"damage":7.0,"enemies":"Spheric Guardian","floor":21.0,"turns":4.0},{"damage":41.0,"enemies":"Shelled Parasite and Fungi","floor":22.0,"turns":6.0},{"damage":8.0,"enemies":"Slavers","floor":23.0,"turns":3.0},{"damage":4.0,"enemies":"Cultist and Chosen","floor":24.0,"turns":4.0},{"damage":0.0,"enemies":"Centurion and Healer","floor":27.0,"turns":3.0},{"damage":6.0,"enemies":"Gremlin Leader","floor":30.0,"turns":4.0},{"damage":3.0,"enemies":"Sentry and Sphere","floor":31.0,"turns":4.0},{"damage":43,"enemies":"Collector","floor":33,"turns":7},{"damage":26,"enemies":"3 Darklings","floor":35,"turns":4},{"damage":8,"enemies":"Orb Walker","floor":36,"turns":3},{"damage":7,"enemies":"4 Shapes","floor":37,"turns":5},{"damage":31,"enemies":"Maw","floor":38,"turns":7},{"damage":44,"enemies":"Giant Head","floor":41,"turns":7},{"damage":26,"enemies":"Spire Growth","floor":46,"turns":5},{"damage":32,"enemies":"Transient","floor":47,"turns":6},{"damage":106,"enemies":"Donu and Deca","floor":50,"turns":6}],"seed_played":"-2442682062351879681","potions_obtained":[{"floor":3.0,"key":"AttackPotion"},{"floor":4.0,"key":"EssenceOfSteel"},{"floor":8.0,"key":"SkillPotion"},{"floor":16.0,"key":"ColorlessPotion"},{"floor":23.0,"key":"Weak Potion"},{"floor":24.0,"key":"EssenceOfSteel"},{"floor":29.0,"key":"Fruit Juice"},{"floor":29.0,"key":"ElixirPotion"},{"floor":33,"key":"EssenceOfSteel"},{"floor":35,"key":"Block Potion"},{"floor":41,"key":"SpeedPotion"},{"floor":47,"key":"SteroidPotion"}],"is_trial":false,"path_per_floor":["M","?","M","M","?","E","R","E","T","M","R","E","?","$","R","B",null,"M","?","?","M","M","E","M","R","T","M","?","?","E","M","R","B",null,"M","M","M","M","?","R","E","R","T","R","?","M","M","?","R","B"],"character_chosen":"IRONCLAD","items_purchased":["Bloodletting","Sling"],"campfire_rested":4,"item_purchase_floors":[14,14],"current_hp_per_floor":[63,58,57,63,63,49,49,34,34,32,32,30,30,45,45,13,60,66,66,66,65,30,28,30,30,30,36,36,41,41,44,68,31,68,53,57,68,53,53,53,36,75,75,80,80,70,53,53,80,0,0],"gold":30,"neow_bonus":"RANDOM_COMMON_RELIC","is_daily":false,"chose_seed":false,"campfire_upgraded":5,"win_rate":0.0,"timestamp":1609529804,"path_taken":["M","?","M","M","?","E","R","E","T","?","R","E","?","$","R","BOSS","M","?","?","M","M","E","M","R","T","M","?","?","E","M","R","BOSS","M","?","M","M","?","R","E","R","T","R","?","M","?","?","R","BOSS"],"items_purchased_type":["Card","Relic"],"build_version":"2020-12-22","purchased_purges":0,"victory":false,"max_hp_per_floor":[75,75,75,75,75,75,75,75,75,75,75,75,75,75,75,75,75,75,75,75,75,75,75,75,75,75,75,75,80,80,80,80,80,80,80,80,80,80,80,80,80,80,80,80,80,80,80,80,80,80,80],"card_choices":[{"not_picked":["Headbutt","Rage"],"picked":"Cleave","floor":1.0},{"not_picked":["Rage","Heavy Blade"],"picked":"Anger","floor":3.0},{"not_picked":["Clothesline","Perfected Strike"],"picked":"Pommel Strike","floor":4.0},{"not_picked":["True Grit","Headbutt"],"picked":"Flame Barrier","floor":6.0},{"not_picked":["Heavy Blade","Dropkick"],"picked":"Shockwave","floor":8.0},{"not_picked":["Sentinel","Headbutt"],"picked":"Body Slam","floor":10.0},{"not_picked":["True Grit","Perfected Strike"],"picked":"Fire Breathing","floor":12.0},{"not_picked":["Juggernaut","Reaper"],"picked":"Immolate","floor":16.0},{"not_picked":["Sword Boomerang","Combust+1","Heavy Blade+1"],"picked":"SKIP","floor":18.0},{"not_picked":["Twin Strike","Cleave","Headbutt"],"picked":"SKIP","floor":21.0},{"not_picked":["Headbutt","Heavy Blade","Anger"],"picked":"SKIP","floor":22.0},{"not_picked":["Blood for Blood","Body Slam"],"picked":"Ghostly Armor+1","floor":23.0},{"not_picked":["Iron Wave","Exhume"],"picked":"Dropkick+1","floor":24.0},{"not_picked":["Iron Wave","Pommel Strike","Whirlwind"],"picked":"SKIP","floor":27.0},{"not_picked":["Hemokinesis+1","True Grit","Flame Barrier"],"picked":"SKIP","floor":30.0},{"not_picked":["Flex","Warcry"],"picked":"Uppercut","floor":31.0},{"not_picked":["Bludgeon","Berserk"],"picked":"Reaper","floor":33},{"not_picked":["Flex","Armaments"],"picked":"Shrug It Off","floor":35},{"not_picked":["Armaments","Searing Blow","Double Tap"],"picked":"SKIP","floor":36},{"not_picked":["Searing Blow","Double Tap"],"picked":"Armaments","floor":36},{"not_picked":["Pummel","Twin Strike+1","Pommel Strike"],"picked":"SKIP","floor":37},{"not_picked":["Body Slam","Anger","Clash+1"],"picked":"SKIP","floor":38},{"not_picked":["Discovery","Finesse"],"picked":"Sadistic Nature","floor":39},{"not_picked":["Wild Strike","Battle Trance","Shrug It Off"],"picked":"SKIP","floor":41},{"not_picked":["Clash","Flex"],"picked":"Limit Break","floor":46},{"not_picked":["Wild Strike+1","Shrug It Off"],"picked":"Entrench+1","floor":47}],"player_experience":872678,"relics_obtained":[{"floor":6.0,"key":"Red Skull"},{"floor":8.0,"key":"Calipers"},{"floor":9.0,"key":"MealTicket"},{"floor":12.0,"key":"CaptainsWheel"},{"floor":23.0,"key":"Bag of Preparation"},{"floor":26.0,"key":"Potion Belt"},{"floor":30.0,"key":"Dream Catcher"},{"floor":41,"key":"Regal Pillow"},{"floor":43,"key":"Blue Candle"}],"event_choices":[{"damage_healed":0.0,"max_hp_gain":0.0,"max_hp_loss":0.0,"gold_gain":0.0,"event_name":"Scrap Ooze","player_choice":"Success","floor":2.0,"gold_loss":0.0,"damage_taken":5.0,"relics_obtained":["Mercury Hourglass"]},{"cards_removed":["Strike_R"],"damage_healed":0.0,"max_hp_gain":0.0,"max_hp_loss":0.0,"gold_gain":0.0,"event_name":"Purifier","player_choice":"Purged","floor":5.0,"gold_loss":0.0,"damage_taken":0.0},{"damage_healed":0.0,"max_hp_gain":0.0,"max_hp_loss":0.0,"gold_gain":0.0,"event_name":"Liars Game","player_choice":"Ignored","floor":13.0,"gold_loss":0.0,"damage_taken":0.0},{"damage_healed":0.0,"max_hp_gain":0.0,"max_hp_loss":0.0,"gold_gain":0.0,"event_name":"The Library","player_choice":"Read","floor":19.0,"gold_loss":0.0,"damage_taken":0.0,"cards_obtained":["Evolve"]},{"cards_removed":["Strike_R"],"damage_healed":0.0,"max_hp_gain":0.0,"max_hp_loss":0.0,"gold_gain":0.0,"event_name":"Beggar","player_choice":"Gave Gold","floor":20.0,"gold_loss":75.0,"damage_taken":0.0},{"damage_healed":0.0,"max_hp_gain":0.0,"max_hp_loss":0.0,"gold_gain":0.0,"event_name":"Drug Dealer","player_choice":"Obtain J.A.X.","floor":28.0,"gold_loss":0.0,"damage_taken":0.0,"cards_obtained":["J.A.X."]},{"damage_healed":0.0,"max_hp_gain":0.0,"max_hp_loss":0.0,"gold_gain":0.0,"event_name":"The Woman in Blue","player_choice":"Bought 2 Potions","floor":29.0,"gold_loss":0.0,"damage_taken":0.0},{"damage_healed":0,"gold_gain":0,"player_choice":"Memory 1","damage_taken":0,"max_hp_gain":0,"max_hp_loss":0,"event_name":"SensoryStone","floor":39,"gold_loss":0},{"cards_removed":["Defend_R"],"damage_healed":0,"gold_gain":0,"player_choice":"Removed Skill","damage_taken":0,"max_hp_gain":0,"max_hp_loss":0,"event_name":"Falling","floor":45,"gold_loss":0},{"damage_healed":0,"gold_gain":0,"player_choice":"Ignored","damage_taken":0,"max_hp_gain":0,"max_hp_loss":0,"event_name":"Mysterious Sphere","floor":48,"gold_loss":0}],"is_beta":false,"boss_relics":[{"not_picked":["Coffee Dripper","Empty Cage"],"picked":"Ectoplasm"},{"not_picked":["Velvet Choker","Philosopher\u0027s Stone"],"picked":"Runic Pyramid"}],"items_purged_floors":[],"is_endless":false,"potions_floor_spawned":[3,4,8,16,21,23,24,33,35,41,47],"killed_by":"Donu and Deca","ascension_level":19}}