{"host":"5fpb1gzflhq9886n","time":1609539905,"event":{"mods":["AchievementEnabler","BaseMod","Colored Map","Colored Powertips","Minty Spire (QoL Compilation)","Permanent Neow"],"gold_per_floor":[112,112,77,77,102,102,121,137,163,163,17,42,78,92,92,211,211,226,69,69,69,90,90,133,164,164,164,164,195,195,233,233,356,356,377,433,766,778,788,788,838,838,838,838,838,857,492,521,521,521],"floor_reached":51,"playtime":4807,"items_purged":["Shame"],"score":861,"play_id":"a6ddeaa2-30ad-4b57-8e05-721cacae5bed","local_time":"20210101172505","is_ascension_mode":true,"campfire_choices":[{"data":"Masterful Stab","floor":6.0,"key":"SMITH"},{"data":"Skewer","floor":10.0,"key":"SMITH"},{"floor":15.0,"key":"REST"},{"data":"RitualDagger","floor":23.0,"key":"SMITH"},{"floor":27.0,"key":"REST"},{"floor":30.0,"key":"REST"},{"data":"Envenom","floor":32.0,"key":"SMITH"},{"floor":40.0,"key":"REST"},{"floor":45.0,"key":"RECALL"},{"data":"Footwork","floor":49.0,"key":"SMITH"}],"circlet_count":0,"master_deck":["Strike_G","Strike_G+1","Strike_G","Strike_G","Defend_G+1","Defend_G","Defend_G","Defend_G","Defend_G","Survivor","Neutralize","Masterful Stab+1","Skewer+1","Poisoned Stab","Acrobatics","Adrenaline","Footwork+1","Envenom+1","Deadly Poison","RitualDagger+1","Outmaneuver","Flechettes","Concentrate","Die Die Die","All Out Attack+1","Cloak And Dagger","The Bomb","PiercingWail+1","PiercingWail"],"relics":["Ring of the Snake","Regal Pillow","Orichalcum","Blood Vial","Anchor","Lantern","Runic Pyramid","Oddly Smooth Stone","Bag of Preparation","Red Mask","Strawberry","Pear","Pen Nib","Centennial Puzzle","SlaversCollar","Lizard Tail","Du-Vu Doll","PreservedInsect","StrikeDummy","Bottled Flame"],"acts_visited":["Exordium","TheCity","TheBeyond"],"potions_floor_usage":[50,50],"damage_taken":[{"damage":9.0,"enemies":"Jaw Worm","floor":1.0,"turns":5.0},{"damage":0.0,"enemies":"2 Louse","floor":7.0,"turns":2.0},{"damage":0.0,"enemies":"Small Slimes","floor":8.0,"turns":2.0},{"damage":1.0,"enemies":"3 Louse","floor":12.0,"turns":2.0},{"damage":31.0,"enemies":"Lagavulin","floor":13.0,"turns":6.0},{"damage":0.0,"enemies":"Large Slime","floor":14.0,"turns":2.0},{"damage":35.0,"enemies":"Slime Boss","floor":16.0,"turns":10.0},{"damage":8.0,"enemies":"Spheric Guardian","floor":18.0,"turns":4.0},{"damage":0.0,"enemies":"Chosen","floor":22.0,"turns":3.0},{"damage":17.0,"enemies":"Masked Bandits","floor":24.0,"turns":5.0},{"damage":18.0,"enemies":"Book of Stabbing","floor":25.0,"turns":7.0},{"damage":24.0,"enemies":"Gremlin Leader","floor":29.0,"turns":5.0},{"damage":19.0,"enemies":"Book of Stabbing","floor":31.0,"turns":4.0},{"damage":54.0,"enemies":"Collector","floor":33.0,"turns":10.0},{"damage":2.0,"enemies":"Orb Walker","floor":35.0,"turns":2.0},{"damage":33.0,"enemies":"2 Orb Walkers","floor":36.0,"turns":5.0},{"damage":12.0,"enemies":"3 Shapes","floor":38.0,"turns":2.0},{"damage":12.0,"enemies":"Sphere and 2 Shapes","floor":39.0,"turns":3.0},{"damage":0.0,"enemies":"Mind Bloom Boss Battle","floor":41.0,"turns":7.0},{"damage":0.0,"enemies":"Spire Growth","floor":46.0,"turns":2.0},{"damage":0.0,"enemies":"Nemesis","floor":48.0,"turns":3.0},{"damage":71,"enemies":"Awakened One","floor":50,"turns":13}],"seed_played":"2396554801725769056","potions_obtained":[{"floor":7.0,"key":"SteroidPotion"},{"floor":8.0,"key":"Weak Potion"},{"floor":16.0,"key":"EssenceOfSteel"},{"floor":24.0,"key":"Energy Potion"},{"floor":25.0,"key":"Weak Potion"},{"floor":29.0,"key":"ColorlessPotion"},{"floor":33.0,"key":"Swift Potion"},{"floor":38.0,"key":"SneckoOil"},{"floor":41.0,"key":"EssenceOfSteel"}],"is_trial":false,"path_per_floor":["M","?","?","?","T","R","M","M","T","R","$","M","E","M","R","B",null,"M","$","?","?","M","R","?","E","T","R","?","E","R","E","R","B",null,"M","?","?","M","M","R","?","?","T","?","R","M","$","E","R","B",null],"character_chosen":"THE_SILENT","items_purchased":["Anchor","Oddly Smooth Stone","StrikeDummy","PiercingWail"],"campfire_rested":4,"item_purchase_floors":[11,19,47,47],"current_hp_per_floor":[61,47,64,64,64,64,64,64,64,64,64,64,34,36,65,30,65,57,57,51,51,53,53,38,29,39,78,78,56,82,63,63,11,82,80,49,49,39,29,68,70,70,70,70,70,72,72,74,74,5],"gold":521,"neow_bonus":"RANDOM_COMMON_RELIC","is_daily":false,"chose_seed":false,"campfire_upgraded":5,"win_rate":0.0,"timestamp":1609539905,"path_taken":["M","?","?","?","?","R","M","M","T","R","?","M","E","M","R","BOSS","M","$","?","?","M","R","?","E","T","R","?","E","R","E","R","BOSS","M","?","?","M","M","R","?","?","T","?","R","M","$","E","R","BOSS"],"items_purchased_type":["Relic","Relic","Relic","Card"],"build_version":"2020-12-22","purchased_purges":1,"victory":true,"max_hp_per_floor":[70,70,70,65,65,65,65,65,65,65,65,65,65,65,65,65,65,65,65,65,65,65,65,65,72,82,82,82,82,82,82,82,82,82,82,82,82,82,82,82,82,78,78,78,78,78,78,78,78,78],"card_choices":[{"not_picked":["Blade Dance","Quick Slash"],"picked":"Masterful Stab","floor":1.0},{"not_picked":["Expertise","Blade Dance"],"picked":"Skewer","floor":7.0},{"not_picked":["Backflip","Underhanded Strike"],"picked":"Poisoned Stab","floor":8.0},{"not_picked":["Expertise","Riddle With Holes"],"picked":"Acrobatics","floor":12.0},{"not_picked":["Slice","Blade Dance"],"picked":"Adrenaline","floor":13.0},{"not_picked":["Bane","Poisoned Stab"],"picked":"Footwork","floor":14.0},{"not_picked":["Glass Knife","Venomology"],"picked":"Envenom","floor":16.0},{"not_picked":["Dagger Throw+1","Dodge and Roll"],"picked":"Deadly Poison","floor":18.0},{"not_picked":["Slice","Acrobatics"],"picked":"Outmaneuver","floor":22.0},{"not_picked":["Calculated Gamble","Heel Hook"],"picked":"Flechettes","floor":24.0},{"not_picked":["Masterful Stab","Slice"],"picked":"Concentrate","floor":25.0},{"not_picked":["Cloak And Dagger","Distraction","Endless Agony"],"picked":"SKIP","floor":29.0},{"not_picked":["Sucker Punch","Blade Dance+1","Dodge and Roll"],"picked":"SKIP","floor":31.0},{"not_picked":["Doppelganger","Storm of Steel"],"picked":"Die Die Die","floor":33.0},{"not_picked":["Blur+1","Quick Slash"],"picked":"All Out Attack+1","floor":35.0},{"not_picked":["Prepared+1","Setup","Bane"],"picked":"SKIP","floor":38.0},{"not_picked":["Flying Knee","Dagger Throw+1"],"picked":"Cloak And Dagger","floor":39.0},{"not_picked":["Panacea","Magnetism"],"picked":"The Bomb","floor":44.0},{"not_picked":["Underhanded Strike","Slice+1"],"picked":"PiercingWail+1","floor":46.0},{"not_picked":["Glass Knife","Dodge and Roll+1","Accuracy+1"],"picked":"SKIP","floor":48.0}],"player_experience":648584,"relics_obtained":[{"floor":5.0,"key":"Orichalcum"},{"floor":9.0,"key":"Blood Vial"},{"floor":13.0,"key":"Lantern"},{"floor":24.0,"key":"Red Mask"},{"floor":25.0,"key":"Strawberry"},{"floor":26.0,"key":"Pear"},{"floor":29.0,"key":"Pen Nib"},{"floor":31.0,"key":"Centennial Puzzle"},{"floor":36.0,"key":"Lizard Tail"},{"floor":41.0,"key":"Du-Vu Doll"},{"floor":43.0,"key":"PreservedInsect"},{"floor":48.0,"key":"Bottled Flame"}],"event_choices":[{"damage_healed":0.0,"max_hp_gain":0.0,"max_hp_loss":0.0,"gold_gain":0.0,"event_name":"Shining Light","player_choice":"Entered Light","floor":2.0,"gold_loss":0.0,"damage_taken":14.0,"cards_upgraded":["Defend_G","Strike_G"]},{"damage_healed":17.0,"max_hp_gain":0.0,"max_hp_loss":0.0,"gold_gain":0.0,"event_name":"The Cleric","player_choice":"Healed","floor":3.0,"gold_loss":35.0,"damage_taken":0.0},{"damage_healed":0.0,"max_hp_gain":0.0,"max_hp_loss":5.0,"gold_gain":0.0,"event_name":"Golden Idol","player_choice":"Lose Max HP","floor":4.0,"gold_loss":0.0,"damage_taken":0.0,"relics_obtained":["Golden Idol"]},{"damage_healed":0.0,"max_hp_gain":0.0,"max_hp_loss":0.0,"gold_gain":0.0,"event_name":"Nest","player_choice":"Joined the Cult","floor":20.0,"gold_loss":0.0,"damage_taken":6.0,"cards_obtained":["RitualDagger"]},{"damage_healed":0.0,"max_hp_gain":0.0,"max_hp_loss":0.0,"gold_gain":0.0,"event_name":"Addict","player_choice":"Stole Relic","floor":21.0,"gold_loss":0.0,"damage_taken":0.0,"relics_obtained":["Bag of Preparation"],"cards_obtained":["Shame"]},{"damage_healed":0.0,"max_hp_gain":0.0,"max_hp_loss":0.0,"gold_gain":0.0,"event_name":"Masked Bandits","player_choice":"Fought Bandits","floor":24.0,"gold_loss":0.0,"damage_taken":0.0},{"cards_removed":["Strike_G"],"damage_healed":0.0,"max_hp_gain":0.0,"max_hp_loss":0.0,"gold_gain":0.0,"event_name":"Purifier","player_choice":"Purged","floor":28.0,"gold_loss":0.0,"damage_taken":0.0},{"damage_healed":0.0,"max_hp_gain":0.0,"max_hp_loss":0.0,"gold_gain":0.0,"event_name":"Mysterious Sphere","player_choice":"Fight","floor":36.0,"gold_loss":0.0,"damage_taken":0.0},{"damage_healed":0.0,"max_hp_gain":0.0,"max_hp_loss":0.0,"gold_gain":333.0,"event_name":"The Moai Head","player_choice":"Gave Idol","floor":37.0,"relics_lost":["Golden Idol"],"gold_loss":0.0,"damage_taken":0.0},{"damage_healed":0.0,"max_hp_gain":0.0,"max_hp_loss":0.0,"gold_gain":0.0,"event_name":"MindBloom","player_choice":"Fight","floor":41.0,"gold_loss":0.0,"damage_taken":0.0},{"damage_healed":0.0,"max_hp_gain":0.0,"max_hp_loss":4.0,"gold_gain":0.0,"event_name":"Winding Halls","player_choice":"Max HP","floor":42.0,"gold_loss":0.0,"damage_taken":0.0},{"damage_healed":0.0,"max_hp_gain":0.0,"max_hp_loss":0.0,"gold_gain":0.0,"event_name":"SensoryStone","player_choice":"Memory 1","floor":44.0,"gold_loss":0.0,"damage_taken":0.0}],"is_beta":false,"boss_relics":[{"not_picked":["Black Star","HoveringKite"],"picked":"Runic Pyramid"},{"not_picked":["WristBlade","Runic Dome"],"picked":"SlaversCollar"}],"items_purged_floors":[47],"is_endless":false,"potions_floor_spawned":[7,8,16,24,25,29,33,38,41],"ascension_level":3}}