{"host":"sabve5zmqufxyc5o","time":1609496024,"event":{"mods":["2.2 Compatiblity","AchievementEnabler","Act Like it!","BaseMod","Block Reminder","Colored Map","Colored Powertips","DeckTracker","KOR Keyword Fix","Keyboard Shortcuts","Minty Spire (QoL Compilation)","Quick Restart","Rare Cards Sparkle","Relic Stats","StSLib","SuperFastMode"],"gold_per_floor":[115,134,134,154,169,169,169],"floor_reached":6,"playtime":106,"items_purged":[],"score":76,"play_id":"5419a886-13dd-4873-922a-fade975d0199","local_time":"20210101191344","is_ascension_mode":true,"campfire_choices":[],"circlet_count":0,"master_deck":["AscendersBane","Strike_B","Strike_B","Strike_B","Strike_B","Defend_B","Defend_B","Defend_B","Defend_B","Zap","Dualcast","Self Repair","Coolheaded","Gash","Cold Snap"],"relics":["Cracked Core","Omamori"],"acts_visited":["Exordium"],"potions_floor_usage":[5],"damage_taken":[{"damage":4,"enemies":"Jaw Worm","floor":1,"turns":4},{"damage":10,"enemies":"Small Slimes","floor":2,"turns":4},{"damage":4,"enemies":"Cultist","floor":4,"turns":4},{"damage":9,"enemies":"Lots of Slimes","floor":5,"turns":4},{"damage":50,"enemies":"Gremlin Nob","floor":6,"turns":5}],"seed_played":"3081734506279844283","potions_obtained":[{"floor":1,"key":"Block Potion"},{"floor":5,"key":"SpeedPotion"}],"is_trial":false,"path_per_floor":["M","M","?","M","M","E"],"character_chosen":"DEFECT","items_purchased":[],"campfire_rested":0,"item_purchase_floors":[],"current_hp_per_floor":[60,57,57,60,58,8,8],"gold":169,"neow_bonus":"RANDOM_COMMON_RELIC","is_daily":false,"chose_seed":false,"campfire_upgraded":0,"win_rate":0.0,"timestamp":1609496024,"path_taken":["M","M","?","M","M","E"],"items_purchased_type":[],"build_version":"2020-12-22","purchased_purges":0,"victory":false,"max_hp_per_floor":[71,71,71,71,71,71,71],"relic_stats":{"counters":[5,21],"obtain_stats":[{"Omamori":0,"Cracked Core":0},{"Omamori":0,"Cracked Core":0},{"Omamori":0,"Cracked Core":0}]},"card_choices":[{"not_picked":["Reprogram","Compile Driver"],"picked":"Self Repair","floor":1},{"not_picked":["Conserve Battery","Steam"],"picked":"Coolheaded","floor":2},{"not_picked":["Steam Power","Turbo"],"picked":"Gash","floor":4},{"not_picked":["Coolheaded","Hologram"],"picked":"Cold Snap","floor":5}],"player_experience":815777,"relics_obtained":[],"event_choices":[{"damage_healed":0,"gold_gain":0,"player_choice":"Ignored","damage_taken":0,"max_hp_gain":0,"max_hp_loss":0,"event_name":"Liars Game","floor":3,"gold_loss":0}],"is_beta":false,"boss_relics":[],"items_purged_floors":[],"is_endless":false,"potions_floor_spawned":[1,5],"killed_by":"Gremlin Nob","ascension_level":20}}