{"host":"wcdwdpnxbe04tinu","time":1609535464,"event":{"mods":["Aspiration","BaseMod","Downfall","Minty Spire (QoL Compilation)","Relic Sorter","StSLib"],"gold_per_floor":[99,114,129,144,159,71,71,101,101,116,116,131,146,161,176,276,276,276,291,291,306,321,321,321,321,351,193,208,223,323,323,338,338,338],"floor_reached":33,"playtime":1969,"items_purged":["All Out Attack"],"score":325,"play_id":"09891004-3b84-4707-a54b-46e83abde691","local_time":"20210101151104","daily_mods":["downfall:ChampStances","Uncertain Future","downfall:ExchangeController"],"is_ascension_mode":false,"campfire_choices":[{"data":"Neutralize","floor":1,"key":"SMITH"},{"data":"Blade Dance","floor":18,"key":"SMITH"},{"data":"Prepared","floor":23,"key":"SMITH"},{"floor":25,"key":"RECALL"}],"circlet_count":0,"master_deck":["Strike_G","Strike_G","Strike_G","Strike_G","Defend_G","Defend_G","Defend_G","Defend_G","Defend_G","Survivor","Neutralize+1","Slice","Prepared+1","Deflect","Infinite Blades","Blade Dance+1","Deflect","Blade Dance","Ghostly Armor","Blade Dance","Twin Strike","Finisher","Limit Break"],"relics":["Ring of the Snake","champ:ChampStancesModRelic","downfall:NeowBlessing_Player","Orichalcum","Dream Catcher","Juzu Bracelet","aspiration:IroncladSkillbook","Shuriken","Vajra","The Specimen","Bottled Flame"],"acts_visited":["Exordium","TheCity"],"potions_floor_usage":[],"damage_taken":[{"damage":0,"enemies":"Cultist","floor":2,"turns":3},{"damage":18,"enemies":"Small Slimes","floor":3,"turns":3},{"damage":21,"enemies":"2 Louse","floor":4,"turns":3},{"damage":36,"enemies":"Blue Slaver","floor":5,"turns":5},{"damage":0,"enemies":"downfall:FleeingMerchant","floor":6,"turns":4},{"damage":25,"enemies":"3 Sentries","floor":8,"turns":11},{"damage":22,"enemies":"Exordium Wildlife","floor":10,"turns":5},{"damage":1,"enemies":"3 Louse","floor":12,"turns":6},{"damage":29,"enemies":"Exordium Thugs","floor":13,"turns":4},{"damage":18,"enemies":"3 Louse","floor":14,"turns":5},{"damage":11,"enemies":"Lots of Slimes","floor":15,"turns":6},{"damage":62,"enemies":"downfall:Watcher","floor":16,"turns":9},{"damage":5,"enemies":"Chosen","floor":19,"turns":5},{"damage":3,"enemies":"3 Byrds","floor":21,"turns":5},{"damage":8,"enemies":"Centurion and Healer","floor":22,"turns":9},{"damage":116,"enemies":"Gremlin Leader","floor":26,"turns":9},{"damage":16,"enemies":"downfall:FleeingMerchant","floor":27,"turns":4},{"damage":15,"enemies":"3 Cultists","floor":28,"turns":4},{"damage":26,"enemies":"Snake Plant","floor":29,"turns":6},{"damage":32,"enemies":"Colosseum Nobs","floor":30,"turns":6},{"damage":19,"enemies":"Centurion and Healer","floor":32,"turns":6},{"damage":81,"enemies":"downfall:Silent","floor":33,"turns":8}],"seed_played":"-2495295926900846280","potions_obtained":[{"floor":2,"key":"CunningPotion"},{"floor":3,"key":"Dexterity Potion"},{"floor":4,"key":"AttackPotion"},{"floor":8,"key":"Block Potion"},{"floor":14,"key":"SpeedPotion"},{"floor":21,"key":"Explosive Potion"},{"floor":22,"key":"LiquidMemories"},{"floor":26,"key":"CultistPotion"},{"floor":28,"key":"DistilledChaos"}],"is_trial":false,"path_per_floor":["R","M","M","M","M","$","T","E","?","M","?","M","M","M","M","B",null,"R","M","?","M","M","R","T","R","E","$","M","M","?","?","M","B"],"character_chosen":"THE_SILENT","items_purchased":["Infinite Blades","Finisher"],"campfire_rested":0,"item_purchase_floors":[6,27],"current_hp_per_floor":[170,170,170,167,158,158,158,133,133,129,126,125,114,114,103,74,270,270,269,269,270,266,266,266,266,154,154,143,121,93,93,78,0,0],"gold":338,"neow_bonus":"","is_daily":true,"chose_seed":false,"campfire_upgraded":3,"win_rate":0.0,"timestamp":1609535464,"path_taken":["R","M","M","?","M","$","T","E","?","M","?","M","M","M","M","BOSS","R","M","?","M","M","R","T","R","E","$","M","M","?","?","M","BOSS"],"items_purchased_type":["Card","Card"],"build_version":"2020-12-22","purchased_purges":1,"victory":false,"max_hp_per_floor":[170,170,170,170,170,170,170,170,170,170,170,170,170,170,170,170,270,270,270,270,270,270,270,270,270,270,270,270,270,270,270,270,270,270],"card_choices":[{"not_picked":["Masterful Stab","Flying Knee"],"picked":"Slice","floor":2},{"not_picked":["Leg Sweep","Riddle With Holes"],"picked":"Prepared","floor":3},{"not_picked":["Finisher","Caltrops","Bane"],"picked":"SKIP","floor":4},{"not_picked":["Dagger Throw","Skewer"],"picked":"Deflect","floor":5},{"not_picked":["Poisoned Stab","Acrobatics","Night Terror"],"picked":"SKIP","floor":6},{"not_picked":["Leg Sweep","Choke"],"picked":"Blade Dance","floor":8},{"not_picked":["Slice","Choke"],"picked":"Deflect","floor":10},{"not_picked":["Dagger Throw","Underhanded Strike","Distraction"],"picked":"SKIP","floor":12},{"not_picked":["Deadly Poison","Acrobatics","Bouncing Flask"],"picked":"SKIP","floor":13},{"not_picked":["Masterful Stab","Choke"],"picked":"Blade Dance","floor":14},{"not_picked":["Dagger Throw","Backflip"],"picked":"All Out Attack","floor":15},{"not_picked":["True Grit","Noxious Fumes","Dagger Throw"],"picked":"Ghostly Armor","floor":19},{"not_picked":["Well Laid Plans+1","Choke","Backflip"],"picked":"Blade Dance","floor":21},{"not_picked":["Terror","Wild Strike","Warcry+1","Pommel Strike"],"picked":"SKIP","floor":22},{"not_picked":["Catalyst","Reaper","Phantasmal Killer","Wild Strike+1"],"picked":"SKIP","floor":26},{"not_picked":["Dagger Throw+1","Outmaneuver","Concentrate"],"picked":"Twin Strike","floor":27},{"not_picked":["Anger","Calculated Gamble","PiercingWail+1","Armaments"],"picked":"SKIP","floor":28},{"not_picked":["Skewer+1","Underhanded Strike+1","Blade Dance","Twin Strike"],"picked":"SKIP","floor":29},{"not_picked":["Headbutt","Inflame+1","True Grit"],"picked":"Limit Break","floor":30},{"not_picked":["Clothesline","Inflame+1","Wild Strike","Prepared"],"picked":"SKIP","floor":32}],"player_experience":542879,"relics_obtained":[{"floor":7,"key":"Orichalcum"},{"floor":8,"key":"Dream Catcher"},{"floor":24,"key":"Shuriken"},{"floor":26,"key":"Vajra"},{"floor":30,"key":"The Specimen"},{"floor":30,"key":"Bottled Flame"}],"event_choices":[{"damage_healed":0,"gold_gain":0,"player_choice":"Success","damage_taken":3,"relics_obtained":["Juzu Bracelet"],"max_hp_gain":0,"max_hp_loss":0,"event_name":"Scrap Ooze","floor":11,"gold_loss":0},{"damage_healed":0,"gold_gain":0,"player_choice":"Ignored","damage_taken":0,"max_hp_gain":0,"max_hp_loss":0,"event_name":"Ghosts","floor":20,"gold_loss":0}],"is_beta":false,"boss_relics":[{"not_picked":["SlaversCollar","aspiration:RitualDagger"],"picked":"aspiration:IroncladSkillbook"}],"items_purged_floors":[27],"is_endless":false,"potions_floor_spawned":[2,3,4,8,14,21,22,26,28],"killed_by":"downfall:Silent","ascension_level":0}}