{"host":"uy3vg6glkp8m6iit","time":1609491833,"event":{"mods":["AchievementEnabler","BaseMod","Colored Map","DeckTracker","Highlight Path","Keyboard Shortcuts","Minty Spire (QoL Compilation)","Quick Restart","Random Character Button","Rare Cards Sparkle","Relic Stats","StSLib","everything is the same but u backflip on backflip"],"gold_per_floor":[16,16,35,53,76,76,99,99,124,124,160,184,184,163,163,289,289,291,305,166,166,166,166,21,40,49,49,49],"floor_reached":27,"playtime":745,"items_purged":["Strike_G","Strike_G"],"score":285,"play_id":"7c421e73-2dcd-49f7-ae9b-3138a2835676","local_time":"20210101180353","is_ascension_mode":true,"campfire_choices":[{"data":"Crippling Poison","floor":6.0,"key":"SMITH"},{"data":"Caltrops","floor":8.0,"key":"SMITH"},{"data":"Neutralize","floor":10.0,"key":"SMITH"},{"floor":15.0,"key":"REST"},{"floor":23.0,"key":"REST"}],"circlet_count":0,"master_deck":["Strike_G","Strike_G","Strike_G","Defend_G","Defend_G","Defend_G","Defend_G","Defend_G","Survivor","Neutralize+1","Caltrops+1","Crippling Poison+1","Dagger Throw","Catalyst","Leg Sweep","Cloak And Dagger","Acrobatics","Well Laid Plans","Deadly Poison","Regret"],"relics":["Ring of the Snake","Lizard Tail","Golden Idol","Ancient Tea Set","CeramicFish","Cursed Key","StrikeDummy"],"acts_visited":["Exordium","TheCity"],"potions_floor_usage":[],"damage_taken":[{"damage":0.0,"enemies":"2 Louse","floor":1.0,"turns":2.0},{"damage":0.0,"enemies":"Jaw Worm","floor":3.0,"turns":5.0},{"damage":9.0,"enemies":"Small Slimes","floor":4.0,"turns":4.0},{"damage":1.0,"enemies":"Blue Slaver","floor":5.0,"turns":7.0},{"damage":1.0,"enemies":"Exordium Thugs","floor":7.0,"turns":5.0},{"damage":15.0,"enemies":"Lagavulin","floor":11.0,"turns":8.0},{"damage":3.0,"enemies":"Looter","floor":14.0,"turns":4.0},{"damage":26.0,"enemies":"The Guardian","floor":16.0,"turns":11.0},{"damage":0.0,"enemies":"2 Thieves","floor":18.0,"turns":4.0},{"damage":30.0,"enemies":"Spheric Guardian","floor":19.0,"turns":7.0},{"damage":7.0,"enemies":"Centurion and Healer","floor":25.0,"turns":6.0},{"damage":0,"enemies":"Slavers","floor":27,"turns":1}],"seed_played":"8662902069068986574","potions_obtained":[{"floor":1.0,"key":"Strength Potion"},{"floor":3.0,"key":"Block Potion"},{"floor":7.0,"key":"AttackPotion"},{"floor":11.0,"key":"DuplicationPotion"},{"floor":25.0,"key":"BlessingOfTheForge"}],"is_trial":false,"path_per_floor":["M","?","M","M","M","R","M","R","T","R","E","T","?","M","R","B",null,"M","M","$","?","?","R","$","M","T","E"],"character_chosen":"THE_SILENT","items_purchased":["Well Laid Plans","Deadly Poison"],"campfire_rested":2,"item_purchase_floors":[20,24],"current_hp_per_floor":[63,46,46,37,36,36,35,35,35,35,20,20,20,17,38,12,56,56,26,26,26,26,47,47,40,40,40,40],"gold":49,"neow_bonus":"ONE_RARE_RELIC","is_daily":false,"chose_seed":false,"campfire_upgraded":3,"win_rate":0.0,"timestamp":1609491833,"path_taken":["M","?","M","M","M","R","M","R","T","R","E","?","?","M","R","BOSS","M","M","$","?","?","R","$","M","T","E"],"items_purchased_type":["Card","Card"],"build_version":"2020-12-22","purchased_purges":2,"victory":false,"max_hp_per_floor":[70,70,70,70,70,70,70,70,70,70,70,70,70,70,70,70,70,70,70,70,70,70,70,70,70,70,70,70],"relic_stats":{"Lizard Tail":0,"counters":[12,63],"Golden Idol":62,"CeramicFish":45,"Cursed Key":1,"obtain_stats":[{"Lizard Tail":0,"Golden Idol":2,"CeramicFish":12,"Ancient Tea Set":11,"Cursed Key":17,"StrikeDummy":26,"Ring of the Snake":0},{"Lizard Tail":0,"Golden Idol":1,"CeramicFish":6,"Ancient Tea Set":6,"Cursed Key":8,"StrikeDummy":11,"Ring of the Snake":0},{"Lizard Tail":0,"Golden Idol":2,"CeramicFish":31,"Ancient Tea Set":31,"Cursed Key":46,"StrikeDummy":63,"Ring of the Snake":0}],"Ring of the Snake":[22]},"card_choices":[{"not_picked":["Choke","Quick Slash"],"picked":"Caltrops","floor":1.0},{"not_picked":["Expertise","Infinite Blades","Prepared"],"picked":"SKIP","floor":3.0},{"not_picked":["Tactician","Blade Dance"],"picked":"Crippling Poison","floor":4.0},{"not_picked":["Dagger Spray","Quick Slash"],"picked":"Dagger Throw","floor":5.0},{"not_picked":["Dagger Throw","Infinite Blades"],"picked":"Catalyst","floor":7.0},{"not_picked":["Bane","Night Terror"],"picked":"Leg Sweep","floor":11.0},{"not_picked":["Catalyst","Flying Knee"],"picked":"Cloak And Dagger","floor":14.0},{"not_picked":["Dodge and Roll+1","Deflect"],"picked":"Acrobatics","floor":18.0},{"not_picked":["Quick Slash","Infinite Blades+1","Dash"],"picked":"SKIP","floor":19.0},{"not_picked":["Sucker Punch","Dagger Spray+1","Setup+1"],"picked":"SKIP","floor":25.0}],"player_experience":1446220,"relics_obtained":[{"floor":11.0,"key":"Ancient Tea Set"},{"floor":12.0,"key":"CeramicFish"},{"floor":26.0,"key":"StrikeDummy"}],"event_choices":[{"damage_healed":0.0,"max_hp_gain":0.0,"max_hp_loss":0.0,"gold_gain":0.0,"event_name":"Golden Idol","player_choice":"Take Damage","floor":2.0,"gold_loss":0.0,"damage_taken":17.0,"relics_obtained":["Golden Idol"]},{"damage_healed":0.0,"max_hp_gain":0.0,"max_hp_loss":0.0,"gold_gain":0.0,"event_name":"Dead Adventurer","player_choice":"Searched \u00270\u0027 times","floor":13.0,"gold_loss":0.0,"damage_taken":0.0},{"damage_healed":0.0,"max_hp_gain":0.0,"max_hp_loss":0.0,"gold_gain":0.0,"event_name":"Ghosts","player_choice":"Ignored","floor":21.0,"gold_loss":0.0,"damage_taken":0.0},{"damage_healed":0.0,"max_hp_gain":0.0,"max_hp_loss":0.0,"gold_gain":0.0,"event_name":"Cursed Tome","player_choice":"Ignored","floor":22.0,"gold_loss":0.0,"damage_taken":0.0}],"is_beta":false,"boss_relics":[{"not_picked":["WristBlade","Astrolabe"],"picked":"Cursed Key"}],"items_purged_floors":[20,24],"is_endless":false,"potions_floor_spawned":[1,3,7,11,25],"killed_by":"Slavers","ascension_level":7}}