{"host":"hbvn1mkfq2iixsau","time":1609505797,"event":{"mods":["AchievementEnabler","Act Like it!","BaseMod","Better Altar","Better Match","Better Sensory Stone","Better Skull","Better Third Choice","Colored Map","Displayed Cursed Tome","Minty Spire (QoL Compilation)","Quick Restart","Relic Stats","Shop Mod","StSLib","The Cursed"],"gold_per_floor":[118,118,118,118,118,154,154,195,195,195,229,243,282,306,306,434,434,450,77,97,120,30,68,68,81,81,94,135,15,15,46,46,177,177,200,214,214,227,250,294,294,328,378,418,432,12,12,75,75,75,75,75,85,117,117],"floor_reached":56,"playtime":3613,"items_purged":[],"score":1539,"play_id":"a3bad157-3b74-4089-8e11-3bfe031f1c9e","local_time":"20210101145637","is_ascension_mode":true,"campfire_choices":[{"data":"Bash","floor":7.0,"key":"SMITH"},{"data":"Berserk","floor":10.0,"key":"SMITH"},{"data":"Metallicize","floor":15.0,"key":"SMITH"},{"data":"Feed","floor":24.0,"key":"SMITH"},{"data":"Double Tap","floor":30.0,"key":"SMITH"},{"data":"Juggernaut","floor":32.0,"key":"SMITH"},{"data":"Demon Form","floor":41.0,"key":"SMITH"},{"floor":49.0,"key":"RECALL"},{"data":"Berserk","floor":52,"key":"SMITH"}],"circlet_count":0,"master_deck":["Strike_R+1","Strike_R","Strike_R","Strike_R","Strike_R","Defend_R","Defend_R","Defend_R","Defend_R","Bash+1","Metallicize+1","Apotheosis+1","Berserk+1","Sword Boomerang","Clash","Pommel Strike","Feed+1","Heavy Blade","Thunderclap+1","Sword Boomerang","Double Tap+1","Juggernaut+1","Demon Form+1","Armaments","Twin Strike","Clash+1","Bludgeon","Berserk+1","Twin Strike+1","Spot Weakness","Seeing Red+1","Demon Form+1","Madness","Madness","Sword Boomerang","Immolate","Sword Boomerang","Twin Strike","Sword Boomerang"],"relics":["Burning Blood","NeowsBlessing","Mercury Hourglass","PreservedInsect","Ice Cream","Odd Mushroom","Happy Flower","Bronze Scales","Kunai","Champion Belt","Lizard Tail","Meat on the Bone","Letter Opener","Art of War","SlaversCollar","Ancient Tea Set","Red Skull","MerchantsRug","DollysMirror","Vajra","StrikeDummy","CaptainsWheel","Dead Branch","Bag of Preparation","Lantern"],"acts_visited":["Exordium","TheCity","TheBeyond","TheEnding"],"potions_floor_usage":[50,55,55,55,55],"damage_taken":[{"damage":0.0,"enemies":"Small Slimes","floor":1.0,"turns":1.0},{"damage":0.0,"enemies":"3 Sentries","floor":6.0,"turns":1.0},{"damage":0.0,"enemies":"Gremlin Nob","floor":8.0,"turns":1.0},{"damage":17.0,"enemies":"The Mushroom Lair","floor":11.0,"turns":5.0},{"damage":0.0,"enemies":"Jaw Worm","floor":12.0,"turns":3.0},{"damage":15.0,"enemies":"Lagavulin","floor":13.0,"turns":5.0},{"damage":4.0,"enemies":"Cultist","floor":14.0,"turns":2.0},{"damage":41.0,"enemies":"Hexaghost","floor":16.0,"turns":6.0},{"damage":12.0,"enemies":"Shell Parasite","floor":18.0,"turns":5.0},{"damage":15.0,"enemies":"3 Byrds","floor":20.0,"turns":4.0},{"damage":25.0,"enemies":"Centurion and Healer","floor":21.0,"turns":6.0},{"damage":20.0,"enemies":"Book of Stabbing","floor":23.0,"turns":4.0},{"damage":18.0,"enemies":"Snake Plant","floor":25.0,"turns":2.0},{"damage":13.0,"enemies":"Sentry and Sphere","floor":27.0,"turns":4.0},{"damage":23.0,"enemies":"Gremlin Leader","floor":28.0,"turns":3.0},{"damage":27.0,"enemies":"Book of Stabbing","floor":31.0,"turns":3.0},{"damage":71.0,"enemies":"Automaton","floor":33.0,"turns":9.0},{"damage":16.0,"enemies":"3 Shapes","floor":35.0,"turns":2.0},{"damage":20.0,"enemies":"Orb Walker","floor":36.0,"turns":5.0},{"damage":19.0,"enemies":"4 Shapes","floor":38.0,"turns":4.0},{"damage":41.0,"enemies":"Transient","floor":39.0,"turns":5.0},{"damage":15.0,"enemies":"Giant Head","floor":40.0,"turns":5.0},{"damage":10.0,"enemies":"Nemesis","floor":42.0,"turns":3.0},{"damage":17.0,"enemies":"Giant Head","floor":44.0,"turns":7.0},{"damage":40.0,"enemies":"Spire Growth","floor":45.0,"turns":5.0},{"damage":11.0,"enemies":"Mind Bloom Boss Battle","floor":48.0,"turns":4.0},{"damage":42,"enemies":"Awakened One","floor":50,"turns":5},{"damage":52,"enemies":"Shield and Spear","floor":54,"turns":3},{"damage":103,"enemies":"The Heart","floor":55,"turns":6}],"seed_played":"7300604651722259687","potions_obtained":[{"floor":1.0,"key":"BloodPotion"},{"floor":6.0,"key":"SteroidPotion"},{"floor":8.0,"key":"GamblersBrew"},{"floor":25.0,"key":"SmokeBomb"},{"floor":33.0,"key":"Weak Potion"},{"floor":37.0,"key":"Fruit Juice"},{"floor":37.0,"key":"SteroidPotion"},{"floor":39.0,"key":"FairyPotion"}],"is_trial":false,"path_per_floor":["M","?","?","?","$","E","R","E","T","R","?","M","E","M","R","B",null,"M","$","M","M","?","E","R","M","T","M","E","$","R","E","R","B",null,"M","M","?","M","M","E","R","E","T","E","M","$","?","?","R","B",null,"R","$","E","B",null],"character_chosen":"IRONCLAD","items_purchased":["Membership Card","Lizard Tail","Blood Vial","Pear","Red Skull","MerchantsRug","DollysMirror","Potion Belt","Vajra","Fruit Juice","StrikeDummy","CaptainsWheel","Bag of Preparation","Immolate","Sword Boomerang","Twin Strike","PowerPotion","PowerPotion","Ancient Potion","Explosive Potion"],"campfire_rested":0,"item_purchase_floors":[19,19,19,29,46,46,46,46,46,46,46,46,53,53,53,53,53,53,53,53],"current_hp_per_floor":[80,80,80,60,60,66,66,72,72,72,61,67,58,60,60,25,80,78,78,71,54,54,42,42,48,48,55,52,62,62,55,55,23,98,88,80,85,78,57,62,62,64,64,67,47,67,52,61,61,39,120,120,120,74,25],"gold":117,"neow_bonus":"THREE_ENEMY_KILL","is_daily":false,"chose_seed":false,"campfire_upgraded":8,"win_rate":0.0,"timestamp":1609505797,"path_taken":["M","?","?","?","$","E","R","E","T","R","?","M","E","M","R","BOSS","M","$","M","M","?","E","R","M","T","M","E","$","R","E","R","BOSS","M","?","?","M","?","E","R","E","T","E","M","$","?","?","R","BOSS","R","$","E","BOSS"],"items_purchased_type":["Relic","Relic","Relic","Relic","Relic","Relic","Relic","Relic","Relic","Potion","Relic","Relic","Relic","Card","Card","Card","Potion","Potion","Potion","Potion"],"build_version":"2020-12-22","purchased_purges":0,"victory":true,"max_hp_per_floor":[80,80,80,80,80,80,80,80,80,80,80,80,80,80,80,80,80,84,84,84,84,84,84,84,88,88,88,88,98,98,98,98,98,98,98,102,107,111,111,111,111,115,115,115,115,120,120,120,120,120,120,120,120,120,120],"relic_stats":{"Happy Flower":[34],"counters":[29,117],"Dead Branch":[12],"PreservedInsect":521,"Bag of Preparation":[4],"Letter Opener":[45],"Burning Blood":168,"Mercury Hourglass":[423],"Lizard Tail":0,"Bronze Scales":[330],"Art of War":[5],"Kunai":[46],"Champion Belt":[32],"obtain_stats":[{"Ice Cream":9,"Lantern":54,"Gremlin Horn":26,"Vajra":46,"Bag of Preparation":53,"Ancient Tea Set":40,"Burning Blood":0,"Blood Vial":19,"Lizard Tail":19,"DollysMirror":46,"MealTicket":42,"Kunai":17,"Red Skull":46,"Potion Belt":46,"MerchantsRug":46,"Pear":29,"NeowsBlessing":0,"Happy Flower":13,"Golden Idol":4,"Dead Branch":48,"PreservedInsect":8,"The Courier":44,"Omamori":6,"Letter Opener":28,"Odd Mushroom":11,"Mercury Hourglass":2,"Calling Bell":17,"SlaversCollar":34,"CaptainsWheel":46,"Bronze Scales":17,"Art of War":31,"Champion Belt":17,"Membership Card":19,"StrikeDummy":46,"Meat on the Bone":23},{"Ice Cream":3,"Lantern":28,"Gremlin Horn":13,"Vajra":25,"Bag of Preparation":27,"Ancient Tea Set":22,"Burning Blood":0,"Blood Vial":9,"Lizard Tail":9,"DollysMirror":25,"MealTicket":23,"Kunai":8,"Red Skull":25,"Potion Belt":25,"MerchantsRug":25,"Pear":15,"NeowsBlessing":0,"Happy Flower":6,"Golden Idol":1,"Dead Branch":26,"PreservedInsect":3,"The Courier":24,"Omamori":2,"Letter Opener":15,"Odd Mushroom":4,"Mercury Hourglass":1,"Calling Bell":8,"SlaversCollar":17,"CaptainsWheel":25,"Bronze Scales":8,"Art of War":16,"Champion Belt":8,"Membership Card":9,"StrikeDummy":25,"Meat on the Bone":12},{"Ice Cream":3,"Lantern":111,"Gremlin Horn":44,"Vajra":99,"Bag of Preparation":108,"Ancient Tea Set":84,"Burning Blood":0,"Blood Vial":29,"Lizard Tail":29,"DollysMirror":99,"MealTicket":87,"Kunai":24,"Red Skull":99,"Potion Belt":99,"MerchantsRug":99,"Pear":51,"NeowsBlessing":0,"Happy Flower":16,"Golden Idol":1,"Dead Branch":103,"PreservedInsect":3,"The Courier":94,"Omamori":2,"Letter Opener":51,"Odd Mushroom":8,"Mercury Hourglass":1,"Calling Bell":24,"SlaversCollar":63,"CaptainsWheel":99,"Bronze Scales":24,"Art of War":54,"Champion Belt":24,"Membership Card":29,"StrikeDummy":99,"Meat on the Bone":42}],"Meat on the Bone":144},"card_choices":[{"not_picked":["Havoc","Cleave"],"picked":"Metallicize","floor":1.0},{"not_picked":["Rampage","Havoc","Feel No Pain"],"picked":"SKIP","floor":6.0},{"not_picked":["Whirlwind","Dual Wield"],"picked":"Berserk","floor":8.0},{"not_picked":["Thunderclap","Cleave"],"picked":"Sword Boomerang","floor":11.0},{"not_picked":["Sword Boomerang","Infernal Blade"],"picked":"Clash","floor":12.0},{"not_picked":["Searing Blow","True Grit"],"picked":"Pommel Strike","floor":13.0},{"not_picked":["Cleave","Perfected Strike","Warcry"],"picked":"SKIP","floor":14.0},{"not_picked":["Fiend Fire","Barricade"],"picked":"Feed","floor":16.0},{"not_picked":["Havoc","Bloodletting","Pommel Strike"],"picked":"SKIP","floor":18.0},{"not_picked":["Headbutt","Anger+1"],"picked":"Heavy Blade","floor":20.0},{"not_picked":["Wild Strike","Perfected Strike"],"picked":"Thunderclap+1","floor":21.0},{"not_picked":["Headbutt","Pommel Strike+1"],"picked":"Sword Boomerang","floor":23.0},{"not_picked":["Anger","Reckless Charge+1","Armaments"],"picked":"SKIP","floor":25.0},{"not_picked":["Reckless Charge","Inflame"],"picked":"Double Tap","floor":27.0},{"not_picked":["Hemokinesis+1","Rampage","Anger"],"picked":"SKIP","floor":28.0},{"not_picked":["Sever Soul","Clash"],"picked":"Juggernaut","floor":31.0},{"not_picked":["Immolate","Bludgeon"],"picked":"Demon Form","floor":33.0},{"not_picked":["Thunderclap+1","Sentinel"],"picked":"Armaments","floor":35.0},{"not_picked":["Clash","Heavy Blade"],"picked":"Twin Strike","floor":36.0},{"not_picked":["Anger","Armaments"],"picked":"Clash+1","floor":38.0},{"not_picked":["Havoc","Sword Boomerang+1"],"picked":"Bludgeon","floor":39.0},{"not_picked":["Power Through","Flex"],"picked":"Berserk","floor":40.0},{"not_picked":["Headbutt+1","Feel No Pain+1"],"picked":"Twin Strike+1","floor":42.0},{"not_picked":["Feel No Pain+1","Dark Embrace"],"picked":"Spot Weakness","floor":44.0},{"not_picked":["Body Slam+1","Clash+1"],"picked":"Seeing Red+1","floor":45.0},{"not_picked":["Inflame","Spot Weakness"],"picked":"Sword Boomerang","floor":48.0},{"not_picked":["Sever Soul","Hemokinesis+1"],"picked":"Sword Boomerang","floor":54}],"player_experience":280327,"relics_obtained":[{"floor":6.0,"key":"Omamori"},{"floor":8.0,"key":"PreservedInsect"},{"floor":9.0,"key":"Ice Cream"},{"floor":11.0,"key":"Odd Mushroom"},{"floor":13.0,"key":"Happy Flower"},{"floor":17.0,"key":"Bronze Scales"},{"floor":17.0,"key":"Kunai"},{"floor":17.0,"key":"Champion Belt"},{"floor":23.0,"key":"Meat on the Bone"},{"floor":26.0,"key":"Gremlin Horn"},{"floor":28.0,"key":"Letter Opener"},{"floor":31.0,"key":"Art of War"},{"floor":40.0,"key":"Ancient Tea Set"},{"floor":42.0,"key":"MealTicket"},{"floor":44.0,"key":"The Courier"},{"floor":48.0,"key":"Dead Branch"},{"floor":54,"key":"Lantern"}],"event_choices":[{"damage_healed":0.0,"max_hp_gain":0.0,"max_hp_loss":0.0,"gold_gain":0.0,"event_name":"Big Fish","player_choice":"Box","floor":2.0,"gold_loss":0.0,"damage_taken":0.0,"relics_obtained":["Mercury Hourglass"],"cards_obtained":["Regret"]},{"damage_healed":80.0,"max_hp_gain":0.0,"max_hp_loss":80.0,"gold_gain":0.0,"event_name":"betterThird:BetterShining","player_choice":"Embrace","floor":3.0,"gold_loss":0.0,"damage_taken":0.0},{"damage_healed":0.0,"max_hp_gain":0.0,"max_hp_loss":0.0,"gold_gain":0.0,"event_name":"Golden Idol","player_choice":"Take Damage","floor":4.0,"gold_loss":0.0,"damage_taken":20.0,"relics_obtained":["Golden Idol"]},{"damage_healed":0.0,"max_hp_gain":0.0,"max_hp_loss":0.0,"gold_gain":0.0,"event_name":"Mushrooms","player_choice":"Fought Mushrooms","floor":11.0,"gold_loss":0.0,"damage_taken":0.0},{"cards_removed":["Regret"],"damage_healed":0.0,"max_hp_gain":0.0,"max_hp_loss":0.0,"gold_gain":0.0,"event_name":"Designer","player_choice":"Upgrade and Remove","floor":22.0,"gold_loss":90.0,"damage_taken":0.0,"cards_upgraded":["Strike_R"]},{"damage_healed":0.0,"max_hp_gain":0.0,"max_hp_loss":0.0,"gold_gain":0.0,"event_name":"Lab","player_choice":"Got Potions","floor":37.0,"gold_loss":0.0,"damage_taken":0.0},{"damage_healed":0.0,"max_hp_gain":0.0,"max_hp_loss":0.0,"gold_gain":0.0,"event_name":"Winding Halls","player_choice":"Embrace Madness","floor":47.0,"gold_loss":0.0,"damage_taken":15.0,"cards_obtained":["Madness","Madness"]},{"damage_healed":0.0,"max_hp_gain":0.0,"max_hp_loss":0.0,"gold_gain":0.0,"event_name":"MindBloom","player_choice":"Fight","floor":48.0,"gold_loss":0.0,"damage_taken":0.0}],"is_beta":false,"boss_relics":[{"not_picked":["Mark of Pain","Snecko Eye"],"picked":"Calling Bell"},{"not_picked":["Empty Cage","Sozu"],"picked":"SlaversCollar"}],"items_purged_floors":[],"is_endless":false,"potions_floor_spawned":[1,6,8,12,18,25,28,33,38,39,44,45],"ascension_level":1}}