{"host":"1kq2ingo3j45gyyp","time":1609460886,"event":{"mods":["BaseMod","Better Note","Better Third Choice","Downfall","Minty Spire (QoL Compilation)","StSLib"],"gold_per_floor":[99,110,20,32,17,117,195,226,76,93,393,404,199,229,249,249,249,249],"floor_reached":16,"playtime":729,"items_purged":[],"score":135,"play_id":"5cc35ef0-9302-4eaa-b9a7-3460b20e0377","local_time":"20201231192806","is_ascension_mode":false,"campfire_choices":[{"floor":1,"key":"RECALL"},{"data":"champ:CalledShot","floor":9,"key":"SMITH"}],"circlet_count":0,"master_deck":["champ:Strike","champ:Strike","champ:Strike","champ:Strike","champ:Defend","champ:Defend","champ:Defend","champ:Defend","champ:Execute","champ:Taunt","champ:SwordThrow","champ:CrookedStrike","champ:CalledShot","champ:FocusedBerserking","champ:GutPunch","champ:CalledShot+1","champ:AdrenalArmor","champ:FanOfKnives","champ:Improvising","champ:FightOn","champ:Encircle","champ:CrookedStrike"],"relics":["champ:ChampionCrown","Mango","downfall:HeartBlessingRed","downfall:HeartBlessingBlue","Old Coin","ClockworkSouvenir","PreservedInsect"],"acts_visited":["Exordium"],"potions_floor_usage":[16],"damage_taken":[{"damage":10,"enemies":"Cultist","floor":2,"turns":4},{"damage":10,"enemies":"downfall:FleeingMerchant","floor":3,"turns":4},{"damage":0,"enemies":"Small Slimes","floor":4,"turns":2},{"damage":15,"enemies":"downfall:FleeingMerchant","floor":5,"turns":4},{"damage":40,"enemies":"3 Sentries","floor":8,"turns":8},{"damage":0,"enemies":"2 Louse","floor":10,"turns":3},{"damage":12,"enemies":"2 Fungi Beasts","floor":12,"turns":4},{"damage":22,"enemies":"downfall:FleeingMerchant","floor":13,"turns":4},{"damage":40,"enemies":"Lagavulin","floor":14,"turns":6},{"damage":17,"enemies":"Large Slime","floor":15,"turns":4},{"damage":41,"enemies":"downfall:Watcher","floor":16,"turns":5}],"seed_played":"-7760781859802301285","potions_obtained":[{"floor":4,"key":"DistilledChaos"},{"floor":8,"key":"Strength Potion"},{"floor":14,"key":"Block Potion"}],"is_trial":false,"path_per_floor":["R","M","$","M","$","?","T","E","R","M","?","M","$","E","M","B"],"character_chosen":"THE_CHAMP","items_purchased":["champ:FocusedBerserking","ClockworkSouvenir","champ:FightOn"],"campfire_rested":0,"item_purchase_floors":[3,13,13],"current_hp_per_floor":[90,90,85,85,85,85,85,74,84,84,77,69,59,45,41,0,0,0],"gold":249,"neow_bonus":"ONE_RANDOM_RARE_CARD","is_daily":false,"chose_seed":false,"campfire_upgraded":1,"win_rate":0.0,"timestamp":1609460886,"path_taken":["R","M","?","M","$","?","T","E","R","M","?","M","$","E","M","BOSS"],"items_purchased_type":["Card","Relic","Card"],"build_version":"2020-12-22","purchased_purges":0,"victory":false,"max_hp_per_floor":[90,90,90,90,90,90,90,104,114,114,114,114,114,114,114,114,114,114],"card_choices":[{"not_picked":["champ:Circumvent","champ:PerfectedStrike"],"picked":"champ:CrookedStrike","floor":2},{"not_picked":["champ:ViciousMockery","champ:FlashCut"],"picked":"champ:CalledShot","floor":3},{"not_picked":["champ:FalseCounter","champ:Circumvent","champ:FocusedGladiator"],"picked":"SKIP","floor":4},{"not_picked":["champ:PerfectedStrike","champ:HeartStrike"],"picked":"champ:GutPunch","floor":5},{"not_picked":["champ:TornadoPunch","champ:FaceSlap"],"picked":"champ:CalledShot","floor":8},{"not_picked":["champ:StanceDance","champ:TornadoPunch"],"picked":"champ:AdrenalArmor","floor":10},{"not_picked":["champ:FocusedBerserking","champ:TornadoPunch"],"picked":"champ:FanOfKnives","floor":12},{"not_picked":["champ:BladeFlurry","champ:RapidStrikes"],"picked":"champ:Improvising","floor":13},{"not_picked":["champ:SwordThrow","champ:ShieldWall"],"picked":"champ:Encircle","floor":14},{"not_picked":["champ:Backstep","champ:BladeFlurry"],"picked":"champ:CrookedStrike","floor":15}],"player_experience":820550,"relics_obtained":[{"floor":8,"key":"Mango"},{"floor":14,"key":"PreservedInsect"}],"event_choices":[{"damage_healed":0,"gold_gain":0,"player_choice":"Relic ","damage_taken":7,"max_hp_gain":0,"max_hp_loss":0,"event_name":"betterThird:BetterScrap","floor":11,"gold_loss":0,"cards_obtained":["Blur"]}],"is_beta":false,"boss_relics":[],"items_purged_floors":[],"is_endless":false,"potions_floor_spawned":[4,8,14,15],"killed_by":"downfall:Watcher","ascension_level":0}}