{"host":"rknezr0ykt7pds1i","time":1609536042,"event":{"mods":["BaseMod","Downfall","Marisa????????","Minty Spire (QoL Compilation)","Replay The Spire","StSLib","The Alterego","The Servant 0.9.4","Waifu the Spire"],"gold_per_floor":[117,127,52,52,52,52,66,101,175,201,212,270,122,141,141,241,241,251,251,131,149,159,159,193,204,204,204,236,236,261,281,281,378,378,388,243,262,262,272,304,304,304,304],"floor_reached":42,"playtime":3792,"items_purged":["Regret"],"score":546,"play_id":"fee3ef0d-125f-4cd8-8dd8-9ae6018d8646","local_time":"20210101162042","is_ascension_mode":true,"campfire_choices":[{"data":"DoubleEdge","floor":6,"key":"SMITH"},{"floor":15,"key":"REST"},{"data":"BestPractice","floor":23,"key":"SMITH"},{"data":"expansioncontent:DashGenerateEvil","floor":27,"key":"SMITH"},{"data":"TheWorld","floor":29,"key":"SMITH"},{"floor":32,"key":"DIG"},{"data":"MurderousAura","floor":41,"key":"SMITH"}],"circlet_count":0,"master_deck":["Defend_S","Defend_S","Defend_S","KidneyShot","Exchange","Replace","DoubleEdge+1","BestPractice+1","PendulumOfEternity","Spin","Revamp","SilverBlades","MurderousAura+1","Rearm","Rewind","Starlight","Dilation","DualDimension+1","Foresight","Potential","Pot Of Greed","Pot Of Greed","RealityMarble","BottledTime+1","expansioncontent:DashGenerateEvil+1","Collapse+1","TheWorld+1","Defy","Luminosity","SoulSculpture","KillingDoll","MoonPhase","Wraith","SurpressingFire","WasteNot","Pot Of Greed"],"relics":["Uniform","MealTicket","Anchor","InkBottle","Quantum Egg","Orrery","Replay:Grab Bag","Painkiller Herb","Sozu","Empty Cage","Black Star","alterego_mod:SomeoneToFightFor","Grinning Jar","Replay:PocketPolymizer","Sundial","StoneCalendar","Snack Pack","Bag of Preparation","WingedGreaves","Orichalcum","Philosopher\u0027s Stone","Nunchaku","ReplayTheSpireMod:Shallot","Divine Protection"],"acts_visited":["Exordium","TheCity","TheBeyond"],"potions_floor_usage":[28],"damage_taken":[{"damage":4,"enemies":"Small Slimes","floor":1,"turns":4},{"damage":2,"enemies":"2 Louse","floor":2,"turns":4},{"damage":0,"enemies":"Cultist","floor":7,"turns":2},{"damage":26,"enemies":"3 Sentries","floor":8,"turns":12},{"damage":5,"enemies":"Lagavulin","floor":10,"turns":7},{"damage":2,"enemies":"2 Fungi Beasts","floor":11,"turns":3},{"damage":6,"enemies":"3 Louse","floor":14,"turns":4},{"damage":40,"enemies":"Hexaghost","floor":16,"turns":9},{"damage":13,"enemies":"3 Byrds","floor":18,"turns":6},{"damage":14,"enemies":"Shell Parasite","floor":21,"turns":4},{"damage":16,"enemies":"Shelled Parasite and Fungi","floor":22,"turns":7},{"damage":14,"enemies":"Book of Stabbing","floor":24,"turns":6},{"damage":5,"enemies":"Snecko","floor":25,"turns":5},{"damage":25,"enemies":"Slavers","floor":28,"turns":6},{"damage":28,"enemies":"Gremlin Leader","floor":30,"turns":5},{"damage":7,"enemies":"3 Cultists","floor":31,"turns":4},{"damage":5,"enemies":"Pondfish","floor":33,"turns":7},{"damage":12,"enemies":"3 Shapes","floor":35,"turns":4},{"damage":13,"enemies":"3 Darklings","floor":37,"turns":4},{"damage":0,"enemies":"Spire Growth","floor":39,"turns":4},{"damage":11,"enemies":"Nemesis","floor":40,"turns":7},{"damage":60,"enemies":"Reptomancer","floor":42,"turns":2}],"seed_played":"5674087836963432490","potions_obtained":[{"floor":1,"key":"Strength Potion"},{"floor":2,"key":"Venom Potion"},{"floor":16,"key":"Block Potion"}],"is_trial":false,"path_per_floor":["M","M","$","?","?","R","M","E","T","E","M","?","$","M","R","B",null,"?","?","T","?","?","T","E","?","T","T","E","T","E","?","T","B",null,"?","T","?","?","?","E","T","E"],"character_chosen":"THE_SERVANT","items_purchased":["Orrery","Foresight","Potential","Nunchaku"],"campfire_rested":1,"item_purchase_floors":[13,20,20,36],"current_hp_per_floor":[61,59,65,65,65,65,65,39,39,34,32,32,47,41,60,20,65,52,52,65,58,56,56,49,44,44,44,40,40,39,34,34,33,65,59,65,53,53,61,52,52,0,0],"gold":304,"neow_bonus":"RANDOM_EVENT","is_daily":false,"chose_seed":false,"campfire_upgraded":5,"win_rate":0.0,"timestamp":1609536042,"path_taken":["M","M","$","?","?","R","?","E","T","E","M","?","$","M","R","BOSS","?","?","T","?","?","T","E","?","T","T","E","T","E","?","T","BOSS","?","T","?","?","?","E","T","E"],"items_purchased_type":["Relic","Card","Card","Relic"],"build_version":"2020-12-22","purchased_purges":1,"victory":false,"max_hp_per_floor":[65,65,65,65,65,65,65,65,65,65,65,65,65,65,65,65,65,65,65,65,65,65,65,65,65,65,65,65,65,65,65,65,65,65,65,65,65,65,65,65,65,65,65],"card_choices":[{"not_picked":["Snipe","Advance"],"picked":"Replace","floor":1},{"not_picked":["Ricochet","Potential"],"picked":"DoubleEdge","floor":2},{"not_picked":["TimeWarp","Alleviate"],"picked":"BestPractice","floor":7},{"not_picked":["Solidify","Moondial"],"picked":"PendulumOfEternity","floor":8},{"not_picked":["Advance","Replace"],"picked":"Spin","floor":10},{"not_picked":["DoubleEdge","Alleviate"],"picked":"Revamp","floor":11},{"not_picked":["ReturningBlade","Alleviate"],"picked":"BottledTime","floor":13},{"not_picked":["Rewind","DoubleEdge"],"picked":"SilverBlades","floor":13},{"not_picked":["TimeWarp","Spin"],"picked":"MurderousAura","floor":13},{"not_picked":["Potential","Revamp"],"picked":"Rearm","floor":13},{"not_picked":["Sunlight","Snipe"],"picked":"Rewind","floor":13},{"not_picked":["FastForward","Replace"],"picked":"Starlight","floor":14},{"not_picked":["Initiator","Solidify"],"picked":"Dilation","floor":16},{"not_picked":["Advance","Potential"],"picked":"DualDimension+1","floor":18},{"not_picked":["FastForward+1","Rearm","Revamp"],"picked":"SKIP","floor":21},{"not_picked":["Alleviate","Snipe","Gouge"],"picked":"SKIP","floor":22},{"not_picked":["Comet","SilverBlades+1"],"picked":"RealityMarble","floor":24},{"not_picked":["Ricochet+1","Starlight"],"picked":"BottledTime+1","floor":25},{"not_picked":["ReturningBlade","DoubleEdge"],"picked":"Collapse+1","floor":28},{"not_picked":["Rewind+1","TimeWarp"],"picked":"Defy","floor":30},{"not_picked":["FastForward+1","FanOfKnives"],"picked":"Luminosity","floor":31},{"not_picked":["Sunlight","ForgedInTime"],"picked":"KillingDoll","floor":33},{"not_picked":["ShatteredReality","Replace+1"],"picked":"MoonPhase","floor":35},{"not_picked":["Starlight","Alleviate+1","Hightail"],"picked":"SKIP","floor":37},{"not_picked":["BottledTime","Rearm"],"picked":"SurpressingFire","floor":39},{"not_picked":["Ricochet","Rewind+1","Gouge"],"picked":"SKIP","floor":40}],"player_experience":211357,"relics_obtained":[{"floor":8,"key":"Anchor"},{"floor":9,"key":"InkBottle"},{"floor":10,"key":"Quantum Egg"},{"floor":24,"key":"Grinning Jar"},{"floor":24,"key":"Replay:PocketPolymizer"},{"floor":26,"key":"Sundial"},{"floor":28,"key":"StoneCalendar"},{"floor":28,"key":"Snack Pack"},{"floor":30,"key":"Bag of Preparation"},{"floor":30,"key":"WingedGreaves"},{"floor":32,"key":"Orichalcum"},{"floor":40,"key":"ReplayTheSpireMod:Shallot"},{"floor":40,"key":"Divine Protection"}],"event_choices":[{"damage_healed":0,"gold_gain":0,"player_choice":"Box","damage_taken":0,"relics_obtained":["MealTicket"],"max_hp_gain":0,"max_hp_loss":0,"event_name":"Big Fish","floor":0,"gold_loss":0,"cards_obtained":["Regret"]},{"damage_healed":0,"gold_gain":0,"cards_transformed":["Strike_S"],"player_choice":"Transformed","damage_taken":0,"max_hp_gain":0,"max_hp_loss":0,"event_name":"Transmorgrifier","floor":5,"gold_loss":0,"cards_obtained":["Hightail"]},{"damage_healed":0,"gold_gain":58,"player_choice":"Gained Gold","damage_taken":0,"max_hp_gain":0,"max_hp_loss":0,"event_name":"Golden Wing","floor":12,"gold_loss":0},{"damage_healed":0,"gold_gain":0,"player_choice":"Choice 2","damage_taken":0,"relics_obtained":["alterego_mod:SomeoneToFightFor"],"max_hp_gain":0,"max_hp_loss":0,"event_name":"Secret Garden","floor":19,"gold_loss":0},{"damage_healed":0,"gold_gain":0,"player_choice":"Ignored","damage_taken":0,"max_hp_gain":0,"max_hp_loss":0,"event_name":"OrinTheCat","floor":38,"gold_loss":0}],"is_beta":false,"boss_relics":[{"not_picked":["SlaversCollar","Replay:Bronze Core"],"picked":"Replay:Grab Bag"},{"not_picked":["ReplayTheSpireMod:Onyx Gauntlets","ChewingGum"],"picked":"Painkiller Herb"},{"not_picked":["Busted Crown","Velvet Choker"],"picked":"Sozu"},{"not_picked":["Replay:Drink Me","Pandora\u0027s Box"],"picked":"Empty Cage"},{"not_picked":["Snecko Eye","Astrolabe"],"picked":"Black Star"},{"not_picked":["Coffee Dripper","Cursed Key"],"picked":"Philosopher\u0027s Stone"}],"items_purged_floors":[3],"is_endless":false,"potions_floor_spawned":[1,2,16,24,25,31,33,35],"killed_by":"Reptomancer","ascension_level":1}}