{"host":"wkcoec525dnrk4jw","time":1609507595,"event":{"mods":["BaseMod","Conspire","Minty Spire (QoL Compilation)","Quick Restart","Replay The Spire","Shop Mod","StSLib","TestMod","The Bug Knight","The Cursed","[IsaacMod]以撒尖塔"],"gold_per_floor":[418,250,250,550,569,603,622,665,691,726,726,748,764,779,779,892,892,944,884,1284,1340,762,783,858,304,304,386,449,519,560,38,117,277,595,648,674,589,628,628,628,666,736,736,802,873,927,927,927,945,1001,1001,1036,1036,1036,29,101,155],"floor_reached":58,"playtime":2576,"items_purged":[],"score":1719,"play_id":"4a226efe-8510-41eb-8ddf-ec7c62d6e4fd","local_time":"20210101212635","is_ascension_mode":true,"campfire_choices":[{"data":"ForeignInfluence","floor":15,"key":"SMITH"},{"data":"Wish","floor":43,"key":"SMITH"},{"floor":47,"key":"RECALL"},{"data":"ConjureBlade","floor":51,"key":"SMITH"},{"data":"DevaForm","floor":54,"key":"SMITH"}],"circlet_count":0,"master_deck":["Strike_P","Strike_P","Strike_P","Strike_P","Defend_P","Defend_P","Defend_P","Eruption","Vigilance","FlurryOfBlows","WheelKick","Wallop","Swivel","Swivel","ForeignInfluence+1","Replay:ManipulateFuture","Wish+1","WaveOfTheHand+1","Prostrate","Weave","Swivel","testmod-EternalityOfKhronos","FlurryOfBlows","DevaForm+1","ReplayTheSpireMod:Brewmster","testmod-SubstituteBySubterfuge","Crescendo+1","Collect","Protect","Pray","ConjureBlade+1","Ragnarok","Shame","Decay","Injury","Alpha","Ragnarok","Study","Survey Options","Replay:ManipulateFuture","ClearTheMind+1","Consecrate+1","Ragnarok","Replay:Battleflow","Replay:ManipulateFuture","Madness","Madness","Replay:ManipulateFuture"],"relics":["PureWater","HushsDoor","testmod-DeterminationOfClimber","DoctorsRemote","TheBattery","BookofShadows","Calipers","testmod-Antiphasic","MagicMushroom","testmod-BalancedPeriapt","CeramicFish","BelialBook","Chaos","testmod-Justice","Void","testmod-Laevatain","GuppysCollar","Replay:Purple Gloves","FossilizedHelix","testmod-CardMagician"],"acts_visited":["Exordium","TheCity","TheBeyond","TheEnding"],"potions_floor_usage":[],"damage_taken":[{"damage":2.0,"enemies":"conspire:RoseBush","floor":1.0,"turns":3.0},{"damage":0.0,"enemies":"Cultist","floor":5.0,"turns":2.0},{"damage":0.0,"enemies":"3 Sentries","floor":6.0,"turns":2.0},{"damage":0.0,"enemies":"2 Louse","floor":7.0,"turns":1.0},{"damage":0.0,"enemies":"Lagavulin","floor":8.0,"turns":1.0},{"damage":0.0,"enemies":"3 Sentries","floor":10.0,"turns":1.0},{"damage":0,"enemies":"2 Fungi Beasts","floor":12,"turns":1},{"damage":0,"enemies":"Blue Slaver","floor":13,"turns":1},{"damage":0,"enemies":"Gremlin Gang","floor":14,"turns":1},{"damage":0,"enemies":"Slime Boss","floor":16,"turns":1},{"damage":0,"enemies":"3 Byrds","floor":18,"turns":1},{"damage":0,"enemies":"Shell Parasite","floor":21,"turns":1},{"damage":0,"enemies":"Shelled Parasite and Fungi","floor":23,"turns":1},{"damage":0,"enemies":"Slavers","floor":24,"turns":1},{"damage":0,"enemies":"Gremlin Leader","floor":27,"turns":2},{"damage":0,"enemies":"Centurion and Healer","floor":28,"turns":1},{"damage":0,"enemies":"Snake Plant","floor":29,"turns":1},{"damage":0,"enemies":"Chosen and Byrds","floor":30,"turns":1},{"damage":0,"enemies":"Champ","floor":33,"turns":2},{"damage":0,"enemies":"Orb Walker","floor":35,"turns":1},{"damage":0,"enemies":"3 Shapes","floor":36,"turns":1},{"damage":0,"enemies":"Spire Growth","floor":38,"turns":1},{"damage":0,"enemies":"Jaw Worm Horde","floor":41,"turns":1},{"damage":0,"enemies":"R_Hoarder","floor":42,"turns":2},{"damage":0,"enemies":"Reptomancer","floor":46,"turns":1},{"damage":0,"enemies":"Nemesis","floor":50,"turns":1},{"damage":0,"enemies":"Replay:Hell Engine","floor":52,"turns":1},{"damage":0,"enemies":"Shield and Spear","floor":56,"turns":2},{"damage":0,"enemies":"The Heart","floor":57,"turns":3}],"seed_played":"717861250239380801","potions_obtained":[{"floor":1.0,"key":"SteroidPotion"},{"floor":6.0,"key":"Fire Potion"},{"floor":10.0,"key":"PowerPotion"},{"floor":44,"key":"Ambrosia"}],"is_trial":false,"path_per_floor":["M","$","?","?","M","E","M","E","T","E","?","M","M","M","R","B",null,"M","?","?","M","$","M","E","$","T","E","M","M","M","$","R","B",null,"M","M","$","M","PTL","PTL","M","E","R","?","T","E","R","?","?","E","R","B",null,"R","$","E","B",null],"character_chosen":"WATCHER","items_purchased":["FlurryOfBlows","TheBattery","Weave","Swivel","testmod-BalancedPeriapt","testmod-EternalityOfKhronos","BelialBook","ReplayTheSpireMod:Brewmster","Chaos","testmod-SubstituteBySubterfuge","ConjureBlade","Ragnarok","testmod-Laevatain","Ragnarok","GuppysCollar","Study","Survey Options","testmod-CardMagician","Replay:ManipulateFuture"],"campfire_rested":0,"item_purchase_floors":[2,2,22,22,22,22,25,25,25,25,31,31,31,34,34,34,37,55,55],"current_hp_per_floor":[70,70,70,70,72,72,72,72,72,72,72,72,72,72,72,72,79,79,79,79,79,79,79,79,79,79,79,79,79,79,79,79,79,76,76,76,76,76,76,76,76,76,76,57,57,73,73,73,63,76,76,76,76,76,76,76,76],"gold":155,"neow_bonus":"RANDOM_EVENT","is_daily":false,"chose_seed":false,"campfire_upgraded":4,"win_rate":0.0,"timestamp":1609507595,"path_taken":["M","$","?","?","M","E","M","E","T","E","?","M","?","M","R","BOSS","M","?","?","M","$","M","E","?","T","E","?","M","M","$","R","BOSS","M","M","$","M","PTL","PTL","M","E","R","?","T","E","R","?","?","E","R","BOSS","R","$","E","BOSS"],"items_purchased_type":["Card","Relic","Card","Card","Relic","Card","Relic","Card","Card","Card","Card","Card","Relic","Card","Relic","Card","Card","Relic","Card"],"build_version":"2020-12-22","purchased_purges":0,"victory":true,"max_hp_per_floor":[72,72,72,72,72,72,72,72,72,72,72,72,72,72,72,72,79,79,79,79,79,79,79,79,79,79,79,79,79,79,79,79,79,76,76,76,76,76,76,76,76,76,76,76,76,76,76,76,76,76,76,76,76,76,76,76,76],"card_choices":[{"not_picked":[],"picked":"ChaosCard","floor":0.0},{"not_picked":["BowlingBash","Perseverance","Replay:AtTheReady"],"picked":"SKIP","floor":1.0},{"not_picked":["FlyingSleeves","Evaluate"],"picked":"WheelKick","floor":5.0},{"not_picked":["WreathOfFlame","Weave"],"picked":"Wallop","floor":6.0},{"not_picked":["Halt","FollowUp","EmptyBody"],"picked":"SKIP","floor":7.0},{"not_picked":["Indignation","EmptyFist"],"picked":"Swivel","floor":8.0},{"not_picked":["CrushJoints","FlyingSleeves"],"picked":"Swivel","floor":10.0},{"not_picked":["SpiritShield","EmptyBody"],"picked":"ForeignInfluence","floor":12},{"not_picked":["CrushJoints","WaveOfTheHand","Tantrum"],"picked":"SKIP","floor":13},{"not_picked":["EmptyBody","SashWhip"],"picked":"Replay:ManipulateFuture","floor":14},{"not_picked":["LessonLearned","Vault"],"picked":"Wish","floor":16},{"not_picked":["Crescendo","Replay:Anticipation"],"picked":"WaveOfTheHand+1","floor":18},{"not_picked":["CutThroughFate","Perseverance"],"picked":"Prostrate","floor":21},{"not_picked":["EmptyFist","Perseverance+1"],"picked":"FlurryOfBlows","floor":23},{"not_picked":["Evaluate","Fasting2"],"picked":"DevaForm","floor":24},{"not_picked":["Consecrate+1","WaveOfTheHand+1"],"picked":"Crescendo+1","floor":27},{"not_picked":["PathToVictory","Halt+1"],"picked":"Collect","floor":28},{"not_picked":["Consecrate+1","Scrawl"],"picked":"Protect","floor":29},{"not_picked":["EmptyFist","BowlingBash+1"],"picked":"Pray","floor":30},{"not_picked":["Replay:AllIn","Vault"],"picked":"Alpha","floor":33},{"not_picked":["FlyingSleeves","Crescendo","ThirdEye"],"picked":"SKIP","floor":35},{"not_picked":["Replay:BluntJabs","Nirvana","PathToVictory"],"picked":"SKIP","floor":36},{"not_picked":["EmptyBody","Halt+1"],"picked":"Replay:ManipulateFuture","floor":38},{"not_picked":["CrushJoints+1","FlyingSleeves"],"picked":"ClearTheMind+1","floor":41},{"not_picked":["TalkToTheHand+1","FollowUp"],"picked":"Consecrate+1","floor":42},{"not_picked":["WreathOfFlame","ClearTheMind"],"picked":"Ragnarok","floor":44},{"not_picked":["Evaluate+1","MentalFortress+1"],"picked":"Replay:Battleflow","floor":44},{"not_picked":["CutThroughFate+1","ClearTheMind"],"picked":"Replay:ManipulateFuture","floor":46},{"not_picked":["MasterReality","Replay:Vibes+1","CrushJoints+1"],"picked":"SKIP","floor":50},{"not_picked":["Replay:Hum","Perseverance","EmptyFist+1"],"picked":"SKIP","floor":56}],"player_experience":186135,"relics_obtained":[{"floor":6.0,"key":"BookofShadows"},{"floor":8.0,"key":"Calipers"},{"floor":9.0,"key":"Smiling Mask"},{"floor":10.0,"key":"testmod-Antiphasic"},{"floor":24,"key":"CeramicFish"},{"floor":26,"key":"testmod-Justice"},{"floor":27,"key":"Void"},{"floor":42,"key":"Replay:Purple Gloves"},{"floor":44,"key":"FossilizedHelix"},{"floor":50,"key":"Dead Branch"},{"floor":56,"key":"Chameleon Ring"}],"event_choices":[{"damage_healed":0,"gold_gain":0,"player_choice":"Ignored","damage_taken":0,"max_hp_gain":0,"max_hp_loss":0,"event_name":"Purifier","floor":11,"gold_loss":0},{"damage_healed":0,"gold_gain":400,"player_choice":"Sell","damage_taken":0,"max_hp_gain":0,"max_hp_loss":0,"event_name":"恩洛斯的盘子","floor":20,"relics_lost":["testmod-TestBox"],"gold_loss":0},{"damage_healed":0,"gold_gain":0,"player_choice":"Ignored","damage_taken":0,"max_hp_gain":0,"max_hp_loss":0,"event_name":"给自己的盒子","floor":48,"gold_loss":0},{"damage_healed":0,"gold_gain":0,"player_choice":"Embrace Madness","damage_taken":10,"max_hp_gain":0,"max_hp_loss":0,"event_name":"Winding Halls","floor":49,"gold_loss":0,"cards_obtained":["Madness","Madness"]}],"is_beta":false,"boss_relics":[{"not_picked":["ChampionBelt","Snecko Heart"],"picked":"MagicMushroom"},{"not_picked":[]},{"not_picked":["AnarchistCookbook","Replay:Wax Seal"],"picked":"Old Coin"},{"not_picked":[]}],"items_purged_floors":[],"is_endless":false,"potions_floor_spawned":[1,6,10,14,18,21,30,41,46,50,56],"ascension_level":1}}