{"host":"bbcqjedmotowk2e9","time":1609511743,"event":{"mods":["AchievementEnabler","Aspiration","BaseMod","Colored Powertips","Energized Spire","GifTheSpireLib","Halation","Hubris","Hyrulean Relics","Infinite Spire","Marisa????????","Minty Spire (QoL Compilation)","Permanent Neow","Quick Restart","Relic Stats","Replay The Spire","Spires And Sneckos","StSLib","Stuff the Spire","Synergy Search","The Disciple"],"gold_per_floor":[110,124,136,61,61,61,78,78,78,98,116,116,36,51,51,51,51],"floor_reached":16,"playtime":435,"items_purged":["Strike_R"],"score":94,"play_id":"dfdffd09-e988-4aa8-a35b-137347a54d32","local_time":"20210101173543","is_ascension_mode":false,"campfire_choices":[{"data":"Shrug It Off","floor":6,"key":"SMITH"},{"data":"Battle Trance","floor":8,"key":"SMITH"},{"data":"ReplayReversal","floor":15,"key":"SMITH"}],"circlet_count":0,"master_deck":["Defend_R","Defend_R","Defend_R","Defend_R","Shrug It Off+1","aspiration:Lunge","Flying Knee","Battle Trance+1","ReplayReversal+1"],"relics":["Burning Blood","infinitespire:Lucky Rock"],"acts_visited":["Exordium"],"potions_floor_usage":[16,16,16],"damage_taken":[{"damage":6,"enemies":"Cultist","floor":1,"turns":3},{"damage":11,"enemies":"Small Slimes","floor":2,"turns":4},{"damage":9,"enemies":"Jaw Worm","floor":3,"turns":4},{"damage":0,"enemies":"Exordium Wildlife","floor":7,"turns":1},{"damage":0,"enemies":"3 Louse","floor":10,"turns":1},{"damage":0,"enemies":"Looter","floor":11,"turns":3},{"damage":0,"enemies":"Blue Slaver","floor":14,"turns":3},{"damage":75,"enemies":"Hexaghost","floor":16,"turns":18}],"seed_played":"311144757480972544","potions_obtained":[{"floor":2,"key":"GamblersBrew"},{"floor":7,"key":"SpeedPotion"},{"floor":11,"key":"Swift Potion"}],"is_trial":false,"path_per_floor":["M","M","M","$","?","R","M","R","T","M","M","?","$","M","R","B"],"character_chosen":"IRONCLAD","items_purchased":["ReplayReversal"],"campfire_rested":0,"item_purchase_floors":[13],"current_hp_per_floor":[72,67,64,64,64,64,70,70,70,72,72,72,72,72,72,0,0],"gold":51,"neow_bonus":"REMOVE_TWO","is_daily":false,"chose_seed":false,"campfire_upgraded":3,"win_rate":0.0,"timestamp":1609511743,"path_taken":["M","M","?","$","?","R","M","R","T","M","M","?","$","?","R","BOSS"],"items_purchased_type":["Card"],"build_version":"2020-12-22","purchased_purges":1,"victory":false,"max_hp_per_floor":[72,72,72,72,72,72,72,72,72,72,72,72,72,72,72,72,72],"relic_stats":{"counters":[8,37],"obtain_stats":[{"infinitespire:Lucky Rock":9,"Burning Blood":0},{"infinitespire:Lucky Rock":4,"Burning Blood":0},{"infinitespire:Lucky Rock":12,"Burning Blood":0}],"Burning Blood":26},"card_choices":[{"not_picked":["ReplayTheSpireMod:Muscle Training","StuffTheSpire:Pyroclast","Cleave"],"picked":"SKIP","floor":1},{"not_picked":["Thunderclap","Second Wind"],"picked":"Shrug It Off","floor":2},{"not_picked":["ReplayTheSpireMod:Strike From Hell","Twin Strike","Rage"],"picked":"SKIP","floor":3},{"not_picked":["Twin Strike","StuffTheSpire:Slingshot"],"picked":"Battle Trance","floor":7},{"not_picked":["Thunderclap","StuffTheSpire:Incineration","Power Through"],"picked":"SKIP","floor":10},{"not_picked":["Shrug It Off","StuffTheSpire:BloodClot","Pommel Strike"],"picked":"SKIP","floor":11},{"not_picked":["True Grit","Flex","Armaments"],"picked":"SKIP","floor":14}],"player_experience":577588,"relics_obtained":[{"floor":9,"key":"infinitespire:Lucky Rock"}],"event_choices":[{"cards_removed":["Endless Agony"],"damage_healed":0,"gold_gain":0,"player_choice":"Purged","damage_taken":0,"max_hp_gain":0,"max_hp_loss":0,"event_name":"Purifier","floor":12,"gold_loss":0}],"is_beta":false,"boss_relics":[],"items_purged_floors":[4],"is_endless":false,"potions_floor_spawned":[2,7,11],"killed_by":"Hexaghost","ascension_level":0}}