{"host":"ln76an1o32p2wxtf","time":1609501870,"event":{"mods":["AchievementEnabler","Act Like it!","BaseMod","BetterRewards","Colored Powertips","Energized Spire","GifTheSpireLib","Infinite Spire","Minty Spire (QoL Compilation)","Shop Mod","StSLib"],"gold_per_floor":[112,128,53,53,66,66,95,108,108,108,108],"floor_reached":10,"playtime":399,"items_purged":[],"score":71,"play_id":"44edf608-bfd4-4cb5-886e-1c1687c8b354","local_time":"20210101195110","is_ascension_mode":true,"campfire_choices":[{"floor":6,"key":"RECALL"}],"circlet_count":0,"master_deck":["Strike_P","Strike_P","Strike_P","Strike_P","Defend_P","Defend_P","Defend_P","Defend_P","Eruption","Vigilance","Prostrate"],"relics":["PureWater","NeowsBlessing","Gambling Chip","Meat on the Bone"],"acts_visited":["Exordium"],"potions_floor_usage":[],"damage_taken":[{"damage":0,"enemies":"Cultist","floor":1,"turns":1},{"damage":0,"enemies":"Jaw Worm","floor":2,"turns":1},{"damage":0,"enemies":"2 Louse","floor":5,"turns":2},{"damage":40,"enemies":"Gremlin Nob","floor":7,"turns":5},{"damage":0,"enemies":"2 Fungi Beasts","floor":8,"turns":3},{"damage":46,"enemies":"Lagavulin","floor":10,"turns":7}],"seed_played":"623105830468025465","potions_obtained":[{"floor":1,"key":"Dexterity Potion"},{"floor":7,"key":"SteroidPotion"}],"is_trial":false,"path_per_floor":["M","M","$","?","M","R","E","M","T","E"],"character_chosen":"WATCHER","items_purchased":["Fasting2"],"campfire_rested":0,"item_purchase_floors":[3],"current_hp_per_floor":[72,72,72,72,72,72,32,44,44,0,0],"gold":108,"neow_bonus":"THREE_ENEMY_KILL","is_daily":false,"chose_seed":false,"campfire_upgraded":0,"win_rate":0.0,"timestamp":1609501870,"path_taken":["M","?","$","?","?","R","E","M","T","E"],"items_purchased_type":["Card"],"build_version":"2020-12-22","purchased_purges":0,"victory":false,"max_hp_per_floor":[72,72,72,72,72,72,72,72,72,72,72],"card_choices":[{"not_picked":["EmptyFist","Sanctity","EmptyBody"],"picked":"SKIP","floor":1},{"not_picked":["ThirdEye","Swivel","Conclude"],"picked":"SKIP","floor":2},{"not_picked":["ClearTheMind","CrushJoints","BowlingBash"],"picked":"SKIP","floor":5},{"not_picked":["Conclude","FlurryOfBlows","FollowUp"],"picked":"SKIP","floor":7},{"not_picked":["MentalFortress","CutThroughFate"],"picked":"Prostrate","floor":8}],"player_experience":674016,"relics_obtained":[{"floor":7,"key":"Meat on the Bone"}],"event_choices":[{"cards_removed":["Fasting2"],"damage_healed":0,"gold_gain":0,"player_choice":"Gave Card","damage_taken":0,"relics_obtained":["Gambling Chip"],"max_hp_gain":0,"max_hp_loss":0,"event_name":"WeMeetAgain","floor":4,"gold_loss":0}],"is_beta":false,"boss_relics":[],"items_purged_floors":[],"is_endless":false,"potions_floor_spawned":[1,7],"killed_by":"Lagavulin","ascension_level":1}}