{"host":"t7mx8yfj1no5p62f","time":1609519587,"event":{"mods":["BaseMod","Colored Map","Colored Powertips","Minty Spire (QoL Compilation)","Relic Stats","StSLib"],"gold_per_floor":[15,35,35,56,75,75,93,129,129,173,173,191,18,31,31,127,127,151,176,191,191,191,191],"floor_reached":22,"playtime":1014,"items_purged":[],"score":400,"play_id":"82ba6de2-5a6f-4606-a199-650aa93fc61a","local_time":"20210101114627","is_ascension_mode":true,"campfire_choices":[{"data":"Crippling Poison","floor":6,"key":"SMITH"},{"data":"Predator","floor":15,"key":"SMITH"}],"circlet_count":0,"master_deck":["AscendersBane","Strike_G","Strike_G","Strike_G","Strike_G","Defend_G","Defend_G","Defend_G","Defend_G","Defend_G","Survivor","Neutralize","Quick Slash","Predator+1","Dodge and Roll","Crippling Poison+1","Backstab","Dagger Throw","Backflip","Dash","Corpse Explosion","Outmaneuver+1","Dagger Spray+1","Backstab+1","Dash"],"relics":["Ring of the Snake","Calipers","Golden Idol","Snake Skull","Matryoshka","Art of War","Oddly Smooth Stone","Bottled Flame","Lee\u0027s Waffle","Runic Pyramid"],"acts_visited":["Exordium","TheCity"],"potions_floor_usage":[7,8,10,20,22],"damage_taken":[{"damage":1,"enemies":"Jaw Worm","floor":1,"turns":6},{"damage":6,"enemies":"Cultist","floor":2,"turns":4},{"damage":0,"enemies":"Small Slimes","floor":4,"turns":3},{"damage":0,"enemies":"2 Fungi Beasts","floor":5,"turns":3},{"damage":28,"enemies":"Large Slime","floor":7,"turns":13},{"damage":19,"enemies":"3 Sentries","floor":8,"turns":12},{"damage":6,"enemies":"Gremlin Nob","floor":10,"turns":3},{"damage":1,"enemies":"Exordium Wildlife","floor":12,"turns":6},{"damage":0,"enemies":"Lots of Slimes","floor":14,"turns":2},{"damage":44,"enemies":"The Guardian","floor":16,"turns":16},{"damage":0,"enemies":"3 Byrds","floor":18,"turns":3},{"damage":0,"enemies":"Chosen","floor":19,"turns":4},{"damage":26,"enemies":"Snake Plant","floor":20,"turns":6},{"damage":33,"enemies":"Shelled Parasite and Fungi","floor":22,"turns":6}],"seed_played":"7120357318124853925","potions_obtained":[{"floor":4,"key":"LiquidMemories"},{"floor":5,"key":"Regen Potion"},{"floor":8,"key":"SkillPotion"},{"floor":16,"key":"BlessingOfTheForge"},{"floor":18,"key":"Swift Potion"}],"is_trial":false,"path_per_floor":["M","M","?","M","M","R","M","E","T","E","T","M","$","M","R","B",null,"M","M","M","?","M"],"character_chosen":"THE_SILENT","items_purchased":["Lee\u0027s Waffle"],"campfire_rested":0,"item_purchase_floors":[13],"current_hp_per_floor":[58,52,52,52,52,52,39,20,20,14,14,13,67,67,67,23,56,56,56,30,30,0,0],"gold":191,"neow_bonus":"ONE_RARE_RELIC","is_daily":false,"chose_seed":false,"campfire_upgraded":2,"win_rate":0.0,"timestamp":1609519587,"path_taken":["M","M","?","M","M","R","M","E","T","E","?","?","$","M","R","BOSS","M","M","M","?","M"],"items_purchased_type":["Relic"],"build_version":"2020-12-22","purchased_purges":0,"victory":false,"max_hp_per_floor":[66,66,60,60,60,60,60,60,60,60,60,60,67,67,67,67,67,67,67,67,67,67,67],"relic_stats":{"Lee\u0027s Waffle":54,"counters":[14,87],"Golden Idol":67,"Snake Skull":[15],"Art of War":[4],"obtain_stats":[{"Bottled Flame":11,"Lee\u0027s Waffle":13,"Calipers":0,"Matryoshka":9,"Golden Idol":3,"Oddly Smooth Stone":11,"Snake Skull":8,"Art of War":10,"Ring of the Snake":0,"Runic Pyramid":17},{"Bottled Flame":7,"Lee\u0027s Waffle":8,"Calipers":0,"Matryoshka":6,"Golden Idol":2,"Oddly Smooth Stone":7,"Snake Skull":6,"Art of War":7,"Ring of the Snake":0,"Runic Pyramid":10},{"Bottled Flame":44,"Lee\u0027s Waffle":50,"Calipers":0,"Matryoshka":41,"Golden Idol":10,"Oddly Smooth Stone":44,"Snake Skull":41,"Art of War":44,"Ring of the Snake":0,"Runic Pyramid":68}],"Ring of the Snake":[28]},"card_choices":[{"not_picked":["Choke","Underhanded Strike"],"picked":"Quick Slash","floor":1},{"not_picked":["Slice","Quick Slash"],"picked":"Predator","floor":2},{"not_picked":["Caltrops","Deflect"],"picked":"Dodge and Roll","floor":4},{"not_picked":["Distraction","Blade Dance"],"picked":"Crippling Poison","floor":5},{"not_picked":["PiercingWail","Poisoned Stab"],"picked":"Backstab","floor":7},{"not_picked":["Riddle With Holes","Slice"],"picked":"Dagger Throw","floor":8},{"not_picked":["Night Terror","Poisoned Stab"],"picked":"Backflip","floor":10},{"not_picked":["Backflip","Dagger Spray"],"picked":"Dash","floor":12},{"not_picked":["Slice","Riddle With Holes","Dagger Spray"],"picked":"SKIP","floor":14},{"not_picked":["A Thousand Cuts","Adrenaline"],"picked":"Corpse Explosion","floor":16},{"not_picked":["Bane","Eviscerate"],"picked":"Outmaneuver+1","floor":18},{"not_picked":["Underhanded Strike","Sucker Punch"],"picked":"Dagger Spray+1","floor":19},{"not_picked":["Poisoned Stab","Masterful Stab"],"picked":"Backstab+1","floor":20}],"player_experience":1625928,"relics_obtained":[{"floor":8,"key":"Snake Skull"},{"floor":9,"key":"Matryoshka"},{"floor":10,"key":"Art of War"},{"floor":11,"key":"Oddly Smooth Stone"},{"floor":11,"key":"Bottled Flame"}],"event_choices":[{"damage_healed":0,"gold_gain":0,"player_choice":"Lose Max HP","damage_taken":0,"relics_obtained":["Golden Idol"],"max_hp_gain":0,"max_hp_loss":6,"event_name":"Golden Idol","floor":3,"gold_loss":0},{"damage_healed":0,"gold_gain":0,"cards_transformed":["Strike_G"],"player_choice":"Transformed","damage_taken":0,"max_hp_gain":0,"max_hp_loss":0,"event_name":"Transmorgrifier","floor":21,"gold_loss":0,"cards_obtained":["Dash"]}],"is_beta":false,"boss_relics":[{"not_picked":["Calling Bell","Sozu"],"picked":"Runic Pyramid"}],"items_purged_floors":[],"is_endless":false,"potions_floor_spawned":[4,5,8,16,18],"killed_by":"Shelled Parasite and Fungi","ascension_level":20}}