{"host":"089us5wx8446qekd","time":1609542899,"event":{"mods":["AchievementEnabler","BaseMod","Bestiary","Colored Powertips","Highlight Path","Minty Spire (QoL Compilation)"],"gold_per_floor":[119,119,119,136,136,136,136,162,162,222,24,42,42,52,52,147,147,166,256,273,273,293,293,143,157,157,157,172,172,185,203,203,306,356,376,388,244,299,317,317,333,348,348,348,366,366,416,426,426,426],"floor_reached":51,"playtime":4194,"items_purged":[],"score":681,"play_id":"780d5194-0e53-421f-93e1-88f46a3a14a0","local_time":"20210102001459","is_ascension_mode":true,"campfire_choices":[{"data":"Feed","floor":6,"key":"SMITH"},{"data":"Rampage","floor":13,"key":"SMITH"},{"data":"Bash","floor":15,"key":"SMITH"},{"data":"Brutality","floor":23,"key":"SMITH"},{"floor":27,"key":"REST"},{"floor":29,"key":"REST"},{"floor":32,"key":"REST"},{"data":"Heavy Blade","floor":40,"key":"SMITH"},{"data":"Thunderclap","floor":44,"key":"SMITH"},{"data":"Anger","floor":46,"key":"SMITH"},{"floor":49,"key":"REST"}],"circlet_count":0,"master_deck":["Strike_R","Strike_R+1","Strike_R","Strike_R","Strike_R+1","Defend_R","Defend_R","Bash+1","Feed+1","Inflame+1","Flex+1","Flex+1","Rampage+1","Brutality+1","Finesse+1","Sword Boomerang","Clash","Bandage Up+1","Spot Weakness+1","Heavy Blade+1","Clash","Anger+1","Immolate+1","Iron Wave+1","Hemokinesis+1","Rage+1","Thunderclap+1","Thunderclap+1","Twin Strike+1","Clash+1"],"relics":["Burning Blood","Nunchaku","Toxic Egg 2","Paper Frog","Omamori","Sozu","Whetstone","Tiny House","Bag of Preparation","Unceasing Top","Sundial","StoneCalendar"],"acts_visited":["Exordium","TheCity","TheBeyond"],"potions_floor_usage":[],"damage_taken":[{"damage":6,"enemies":"Jaw Worm","floor":1,"turns":2},{"damage":7,"enemies":"Small Slimes","floor":4,"turns":3},{"damage":36,"enemies":"Lagavulin","floor":8,"turns":5},{"damage":0,"enemies":"Cultist","floor":12,"turns":2},{"damage":10,"enemies":"3 Louse","floor":14,"turns":2},{"damage":37,"enemies":"Hexaghost","floor":16,"turns":6},{"damage":7,"enemies":"Chosen","floor":18,"turns":3},{"damage":33,"enemies":"3 Byrds","floor":20,"turns":5},{"damage":21,"enemies":"3 Cultists","floor":22,"turns":4},{"damage":27,"enemies":"Centurion and Healer","floor":25,"turns":4},{"damage":35,"enemies":"Chosen and Byrds","floor":28,"turns":5},{"damage":17,"enemies":"Snake Plant","floor":30,"turns":2},{"damage":29,"enemies":"Snecko","floor":31,"turns":4},{"damage":57,"enemies":"Collector","floor":33,"turns":6},{"damage":25,"enemies":"3 Darklings","floor":35,"turns":3},{"damage":11,"enemies":"Orb Walker","floor":36,"turns":2},{"damage":39,"enemies":"2 Orb Walkers","floor":38,"turns":3},{"damage":17,"enemies":"4 Shapes","floor":39,"turns":2},{"damage":14,"enemies":"Jaw Worm Horde","floor":41,"turns":3},{"damage":5,"enemies":"Maw","floor":42,"turns":4},{"damage":14,"enemies":"Sphere and 2 Shapes","floor":45,"turns":3},{"damage":15,"enemies":"Mind Bloom Boss Battle","floor":47,"turns":5},{"damage":4,"enemies":"Transient","floor":48,"turns":5},{"damage":77,"enemies":"Donu and Deca","floor":50,"turns":6}],"seed_played":"888698219789675732","potions_obtained":[{"floor":12,"key":"Strength Potion"},{"floor":16,"key":"SpeedPotion"}],"is_trial":false,"path_per_floor":["M","?","?","M","?","R","?","E","T","?","$","M","R","M","R","B",null,"M","?","M","?","M","R","$","M","T","R","M","R","M","M","R","B",null,"M","M","$","?","M","R","M","M","T","R","M","R","?","M","R","B",null],"character_chosen":"IRONCLAD","items_purchased":["Omamori","Flex+1","Clash","Bandage Up+1","Bag of Preparation"],"campfire_rested":4,"item_purchase_floors":[11,11,24,24,37],"current_hp_per_floor":[83,83,83,85,85,85,67,41,41,41,41,51,51,51,51,20,98,97,79,52,52,41,41,41,30,30,61,42,75,64,45,79,38,123,110,105,105,78,71,71,73,80,80,80,76,76,73,81,121,56],"gold":426,"neow_bonus":"TRANSFORM_CARD","is_daily":false,"chose_seed":false,"campfire_upgraded":7,"win_rate":0.0,"timestamp":1609542899,"path_taken":["M","?","?","?","?","R","?","E","T","?","$","M","R","M","R","BOSS","M","?","?","?","M","R","$","M","T","R","?","R","M","M","R","BOSS","M","M","$","?","M","R","M","M","T","R","M","R","?","M","R","BOSS"],"items_purchased_type":["Relic","Card","Card","Card","Relic"],"build_version":"2020-12-22","purchased_purges":0,"victory":true,"max_hp_per_floor":[83,83,83,86,86,86,86,90,90,90,90,94,94,98,98,98,98,98,98,98,98,102,102,102,106,106,106,110,110,110,114,114,118,123,123,123,123,123,127,127,131,131,131,131,135,135,135,135,135,135],"card_choices":[{"not_picked":["Body Slam","Shrug It Off","Iron Wave"],"picked":"SKIP","floor":1},{"not_picked":["Perfected Strike","Dropkick"],"picked":"Inflame","floor":4},{"not_picked":["Feed","Pommel Strike"],"picked":"Flex+1","floor":8},{"not_picked":["Uppercut","Dark Embrace"],"picked":"Rampage","floor":12},{"not_picked":["Whirlwind","Headbutt","Shrug It Off+1"],"picked":"SKIP","floor":14},{"not_picked":["Barricade","Corruption"],"picked":"Brutality","floor":16},{"not_picked":["Burning Pact+1","Iron Wave"],"picked":"Flex+1","floor":18},{"not_picked":["Ghostly Armor+1","Perfected Strike"],"picked":"Sword Boomerang","floor":20},{"not_picked":["Rupture","Second Wind+1","Armaments+1"],"picked":"SKIP","floor":22},{"not_picked":["Metallicize","Carnage"],"picked":"Spot Weakness+1","floor":25},{"not_picked":["Blood for Blood+1","Warcry+1"],"picked":"Heavy Blade","floor":28},{"not_picked":["Twin Strike","Heavy Blade"],"picked":"Clash","floor":30},{"not_picked":["Thunderclap","Burning Pact+1"],"picked":"Anger","floor":31},{"not_picked":["Fiend Fire","Demon Form"],"picked":"Immolate","floor":33},{"not_picked":["Wild Strike","Ghostly Armor+1"],"picked":"Iron Wave+1","floor":34},{"not_picked":["Rampage","Disarm+1"],"picked":"Hemokinesis+1","floor":35},{"not_picked":["Flex+1","Body Slam","Iron Wave"],"picked":"SKIP","floor":36},{"not_picked":["Inflame+1","Armaments+1"],"picked":"Rage+1","floor":39},{"not_picked":["Shrug It Off+1","Uppercut+1"],"picked":"Thunderclap+1","floor":41},{"not_picked":["Perfected Strike+1","Cleave"],"picked":"Thunderclap","floor":42},{"not_picked":["Thunderclap","Carnage+1"],"picked":"Twin Strike+1","floor":45},{"not_picked":["Second Wind+1","Clothesline+1"],"picked":"Clash+1","floor":47},{"not_picked":["Cleave","Feed","Feel No Pain"],"picked":"SKIP","floor":48}],"player_experience":28952,"relics_obtained":[{"floor":8,"key":"Toxic Egg 2"},{"floor":9,"key":"Paper Frog"},{"floor":26,"key":"Whetstone"},{"floor":38,"key":"Unceasing Top"},{"floor":43,"key":"Sundial"},{"floor":47,"key":"StoneCalendar"}],"event_choices":[{"damage_healed":0,"gold_gain":0,"player_choice":"Ignored","damage_taken":0,"max_hp_gain":0,"max_hp_loss":0,"event_name":"Liars Game","floor":2,"gold_loss":0},{"cards_removed":["Defend_R"],"damage_healed":0,"gold_gain":0,"player_choice":"Offered Basic","damage_taken":0,"max_hp_gain":0,"max_hp_loss":0,"event_name":"Bonfire Elementals","floor":3,"gold_loss":0},{"damage_healed":0,"gold_gain":0,"player_choice":"Grow","damage_taken":0,"max_hp_gain":0,"max_hp_loss":0,"event_name":"Living Wall","floor":5,"gold_loss":0,"cards_upgraded":["Inflame"]},{"damage_healed":0,"gold_gain":0,"player_choice":"Success","damage_taken":18,"relics_obtained":["Nunchaku"],"max_hp_gain":0,"max_hp_loss":0,"event_name":"Scrap Ooze","floor":7,"gold_loss":0},{"damage_healed":0,"gold_gain":60,"player_choice":"Gained Gold","damage_taken":0,"max_hp_gain":0,"max_hp_loss":0,"event_name":"Golden Wing","floor":10,"gold_loss":0},{"damage_healed":0,"gold_gain":90,"player_choice":"CARD GOLD ","damage_taken":18,"max_hp_gain":0,"max_hp_loss":0,"event_name":"Knowing Skull","floor":19,"potions_obtained":[],"gold_loss":0,"cards_obtained":["Finesse"]},{"cards_removed":["Flex"],"damage_healed":0,"gold_gain":0,"player_choice":"Purged","damage_taken":0,"max_hp_gain":0,"max_hp_loss":0,"event_name":"Purifier","floor":21,"gold_loss":0},{"damage_healed":0,"gold_gain":0,"player_choice":"Fight","damage_taken":0,"max_hp_gain":0,"max_hp_loss":0,"event_name":"Mysterious Sphere","floor":38,"gold_loss":0},{"damage_healed":0,"gold_gain":0,"player_choice":"Fight","damage_taken":0,"max_hp_gain":0,"max_hp_loss":0,"event_name":"MindBloom","floor":47,"gold_loss":0}],"is_beta":false,"boss_relics":[{"not_picked":["Black Star","Coffee Dripper"],"picked":"Sozu"},{"not_picked":["Philosopher\u0027s Stone","Cursed Key"],"picked":"Tiny House"}],"items_purged_floors":[],"is_endless":false,"potions_floor_spawned":[12,16,22,25,28,31,38,39,42,47,48],"ascension_level":1}}