{"host":"nnqdcpockwq7zc6f","time":1609471175,"event":{"mods":["BaseMod","Better Note","Downfall","Hubris","Minty Spire (QoL Compilation)","Replay The Spire","StSLib","The Servant 0.9.4"],"gold_per_floor":[114,125,125,105,123,123,123,133,159,187,187,200,218,218,218,320,320,330,81,81,93,93,93,93,49,49,8,8,18,50,69,69,69,69],"floor_reached":33,"playtime":1232,"items_purged":["Defend_S"],"score":265,"play_id":"f487dc43-2dde-46e7-8733-f3e5a481f7cd","local_time":"20201231201935","is_ascension_mode":false,"campfire_choices":[{"data":"Luminosity","floor":6,"key":"SMITH"},{"floor":11,"key":"REST"},{"floor":15,"key":"REST"},{"data":"SurpressingFire","floor":24,"key":"SMITH"},{"data":"SilverBlades","floor":28,"key":"SMITH"},{"floor":32,"key":"REST"}],"circlet_count":0,"master_deck":["Strike_S+1","Strike_S","Strike_S","Strike_S+1","Defend_S","Defend_S","Defend_S+1","KidneyShot+1","Exchange+1","Luminosity+1","SilverBlades+1","BottledTime","Comet","TimeTheft","Initiator+1","FastForward","SurpressingFire+1","Madness+1","BottledTime","BestPractice+1","Ricochet"],"relics":["Uniform","Whetstone","hubris:OldNail","Blue Doll","Philosopher\u0027s Stone","The Courier","Strawberry"],"acts_visited":["Exordium","TheCity"],"potions_floor_usage":[10,10,16,21,30,30,31],"damage_taken":[{"damage":0,"enemies":"2 Louse","floor":1,"turns":2},{"damage":0,"enemies":"Small Slimes","floor":2,"turns":4},{"damage":0,"enemies":"Cultist","floor":5,"turns":4},{"damage":2,"enemies":"2 Fungi Beasts","floor":8,"turns":4},{"damage":11,"enemies":"Lagavulin","floor":10,"turns":4},{"damage":12,"enemies":"Gremlin Gang","floor":12,"turns":4},{"damage":0,"enemies":"3 Louse","floor":13,"turns":4},{"damage":23,"enemies":"Hexaghost","floor":16,"turns":10},{"damage":22,"enemies":"2 Thieves","floor":18,"turns":4},{"damage":12,"enemies":"Chosen","floor":21,"turns":4},{"damage":11,"enemies":"Snake Plant","floor":29,"turns":4},{"damage":16,"enemies":"Gremlin Leader","floor":30,"turns":5},{"damage":4,"enemies":"Cultist and Chosen","floor":31,"turns":3},{"damage":42,"enemies":"Automaton","floor":33,"turns":4}],"seed_played":"4743081718340711674","potions_obtained":[{"floor":1,"key":"Milkshake"},{"floor":4,"key":"Strength Potion"},{"floor":7,"key":"Strength Potion"},{"floor":12,"key":"GamblersBrew"},{"floor":13,"key":"Venom Potion"},{"floor":16,"key":"Regen Potion"},{"floor":21,"key":"SmokeBomb"},{"floor":30,"key":"Explosive Potion"}],"is_trial":false,"path_per_floor":["M","M","?","?","M","R","?","M","T","E","R","M","M","?","R","B",null,"M","$","?","M","?","?","R","$","T","$","R","M","E","M","R","B"],"character_chosen":"THE_SERVANT","items_purchased":["FastForward","SurpressingFire","Madness","BestPractice+1","Adrenaline Potion"],"campfire_rested":3,"item_purchase_floors":[19,19,19,25,27],"current_hp_per_floor":[65,65,52,52,52,52,52,50,50,39,58,46,46,34,53,30,65,43,43,43,43,43,43,43,43,43,43,43,32,23,19,40,0,0],"gold":69,"neow_bonus":"UPGRADE_CARD","is_daily":false,"chose_seed":false,"campfire_upgraded":3,"win_rate":0.0,"timestamp":1609471175,"path_taken":["M","M","?","?","?","R","?","M","T","E","R","?","M","?","R","BOSS","M","$","?","?","?","?","R","$","T","?","R","M","E","M","R","BOSS"],"items_purchased_type":["Card","Card","Card","Card","Potion"],"build_version":"2020-12-22","purchased_purges":1,"victory":false,"max_hp_per_floor":[65,65,65,65,65,65,65,65,65,65,65,65,65,65,65,65,65,65,65,65,65,65,65,65,65,65,65,65,65,72,72,72,72,72],"card_choices":[{"not_picked":["MoonPhase","Alleviate"],"picked":"Luminosity","floor":1},{"not_picked":["Revamp","Luminosity","Alleviate"],"picked":"SKIP","floor":2},{"not_picked":["Manipulate","Alleviate"],"picked":"SilverBlades","floor":5},{"not_picked":["Hightail","Manipulate"],"picked":"BottledTime","floor":8},{"not_picked":["Hightail","TimeWarp"],"picked":"Comet","floor":10},{"not_picked":["ShatteredReality","Spin","Duplication"],"picked":"SKIP","floor":12},{"not_picked":["SpecialFormula","Alleviate"],"picked":"TimeTheft","floor":13},{"not_picked":["ForgedInTime","Dilation"],"picked":"Initiator","floor":16},{"not_picked":["Rewind","Deadline","Advance"],"picked":"SKIP","floor":18},{"not_picked":["Unruled","Replace+1"],"picked":"BottledTime","floor":21},{"not_picked":["MoonPhase","TimeTheft+1"],"picked":"Ricochet","floor":29},{"not_picked":["TimeWarp+1","Rewind","Initiator"],"picked":"SKIP","floor":30},{"not_picked":["FastForward","DualDimension","Manipulate"],"picked":"SKIP","floor":31}],"player_experience":365646,"relics_obtained":[{"floor":9,"key":"Whetstone"},{"floor":10,"key":"hubris:OldNail"},{"floor":26,"key":"The Courier"},{"floor":30,"key":"Strawberry"}],"event_choices":[{"damage_healed":0,"gold_gain":0,"player_choice":"Entered Light","damage_taken":13,"max_hp_gain":0,"max_hp_loss":0,"event_name":"Shining Light","floor":3,"gold_loss":0,"cards_upgraded":["Defend_S","Exchange"]},{"damage_healed":0,"gold_gain":0,"player_choice":"Bought 1 Potion","damage_taken":0,"max_hp_gain":0,"max_hp_loss":0,"event_name":"The Woman in Blue","floor":4,"gold_loss":0},{"damage_healed":0,"gold_gain":0,"player_choice":"Got Potions","damage_taken":0,"max_hp_gain":0,"max_hp_loss":0,"event_name":"Lab","floor":7,"gold_loss":0},{"damage_healed":0,"gold_gain":0,"player_choice":"Success","damage_taken":12,"relics_obtained":["Blue Doll"],"max_hp_gain":0,"max_hp_loss":0,"event_name":"Scrap Ooze","floor":14,"gold_loss":0},{"damage_healed":0,"gold_gain":0,"player_choice":"Forge","damage_taken":0,"max_hp_gain":0,"max_hp_loss":0,"event_name":"Accursed Blacksmith","floor":20,"gold_loss":0,"cards_upgraded":["Initiator"]},{"damage_healed":0,"gold_gain":0,"player_choice":"Upgraded","damage_taken":0,"max_hp_gain":0,"max_hp_loss":0,"event_name":"Upgrade Shrine","floor":22,"gold_loss":0,"cards_upgraded":["Madness"]},{"cards_removed":["TimeTheft"],"damage_healed":0,"gold_gain":0,"player_choice":"Give","damage_taken":0,"max_hp_gain":0,"max_hp_loss":0,"event_name":"betterNote:BetterNote","floor":23,"gold_loss":0,"cards_obtained":["None"]}],"is_beta":false,"boss_relics":[{"not_picked":["hubris:RunicObelisk","Replay:Ancient Bell"],"picked":"Philosopher\u0027s Stone"}],"items_purged_floors":[19],"is_endless":false,"potions_floor_spawned":[1,12,13,16,21,30],"killed_by":"Automaton","ascension_level":0}}