{"host":"3jpcvpprzj9sjffh","time":1609466404,"event":{"mods":["AchievementEnabler","BaseMod","Colored Map","Minty Spire (QoL Compilation)","Rare Cards Sparkle","SuperFastMode","everything is the same but u backflip on backflip"],"gold_per_floor":[369,132,149,149,149,149,224,72,124,149,149,170,210,233,233,233,233],"floor_reached":16,"playtime":452,"items_purged":["Defend_P","Strike_P"],"score":98,"play_id":"3dfffac3-5a49-4c6e-85a5-867c23131d33","local_time":"20210101110004","is_ascension_mode":false,"campfire_choices":[{"floor":6.0,"key":"REST"},{"floor":15.0,"key":"REST"}],"circlet_count":0,"master_deck":["Strike_P","Strike_P","Strike_P","Defend_P","Defend_P","Defend_P","Eruption","Vigilance","FollowUp","Bandage Up","Vengeance","BowlingBash","FlurryOfBlows"],"relics":["PureWater","Tiny Chest","Golden Idol","Bag of Preparation","Gremlin Horn","Sundial","Blood Vial"],"acts_visited":["Exordium"],"potions_floor_usage":[16],"damage_taken":[{"damage":7.0,"enemies":"2 Louse","floor":1.0,"turns":3.0},{"damage":0.0,"enemies":"Small Slimes","floor":3.0,"turns":3.0},{"damage":3.0,"enemies":"Jaw Worm","floor":10.0,"turns":2.0},{"damage":0.0,"enemies":"Exordium Wildlife","floor":12.0,"turns":1.0},{"damage":21.0,"enemies":"Lagavulin","floor":13.0,"turns":4.0},{"damage":54,"enemies":"The Guardian","floor":16,"turns":11}],"seed_played":"6963557263763183635","potions_obtained":[{"floor":3.0,"key":"SteroidPotion"},{"floor":10.0,"key":"Regen Potion"},{"floor":13.0,"key":"AttackPotion"}],"is_trial":false,"path_per_floor":["M","$","M","?","?","R","?","$","T","M","T","M","E","T","R","B"],"character_chosen":"WATCHER","items_purchased":["Bandage Up","Vengeance","BowlingBash"],"campfire_rested":2,"item_purchase_floors":[2,2,8],"current_hp_per_floor":[44,44,48,41,23,44,33,33,33,34,34,34,29,29,50,2,2],"gold":233,"neow_bonus":"TWO_FIFTY_GOLD","is_daily":false,"chose_seed":false,"campfire_upgraded":0,"win_rate":0.0,"timestamp":1609466404,"path_taken":["M","$","M","?","?","R","?","$","T","M","?","M","E","?","R","BOSS"],"items_purchased_type":["Card","Card","Card"],"build_version":"2020-12-22","purchased_purges":2,"victory":false,"max_hp_per_floor":[72,72,72,72,72,72,72,72,72,72,72,72,72,72,72,72,72],"card_choices":[{"not_picked":["Prostrate","Sanctity"],"picked":"FollowUp","floor":1.0},{"not_picked":["Halt","PathToVictory","WheelKick"],"picked":"SKIP","floor":3.0},{"not_picked":["Wish","Conclude","Crescendo"],"picked":"SKIP","floor":10.0},{"not_picked":["JustLucky","Sanctity"],"picked":"FlurryOfBlows","floor":12.0},{"not_picked":["DeceiveReality","SashWhip","CrushJoints"],"picked":"SKIP","floor":13.0}],"player_experience":284401,"relics_obtained":[{"floor":9.0,"key":"Bag of Preparation"},{"floor":11.0,"key":"Gremlin Horn"},{"floor":13.0,"key":"Sundial"},{"floor":14.0,"key":"Blood Vial"}],"event_choices":[{"damage_healed":0.0,"max_hp_gain":0.0,"max_hp_loss":0.0,"gold_gain":0.0,"event_name":"Scrap Ooze","player_choice":"Success","floor":4.0,"gold_loss":0.0,"damage_taken":7.0,"relics_obtained":["Tiny Chest"]},{"damage_healed":0.0,"max_hp_gain":0.0,"max_hp_loss":0.0,"gold_gain":0.0,"event_name":"Golden Idol","player_choice":"Take Damage","floor":5.0,"gold_loss":0.0,"damage_taken":18.0,"relics_obtained":["Golden Idol"]},{"damage_healed":0.0,"max_hp_gain":0.0,"max_hp_loss":0.0,"gold_gain":75.0,"event_name":"World of Goop","player_choice":"Gather Gold","floor":7.0,"gold_loss":0.0,"damage_taken":11.0}],"is_beta":false,"boss_relics":[],"items_purged_floors":[2,8],"is_endless":false,"potions_floor_spawned":[3,10,13],"killed_by":"The Guardian","ascension_level":0}}