{"host":"w2hto19w79vb5o6z","time":1609462232,"event":{"mods":["BaseMod","Better Match","Better Vampires","GifTheSpireLib","Hermit","Highlight Path","JesterMod","Marisa????????","Minty Spire (QoL Compilation)","Railgun Mod","Relic Filter","Robot Space Explorer","StSLib","The Blackbeard","The Bladedancer","The Bug Knight","The Marked","The Poker Player","The Servant 0.9.4","The Wild Card","TheArtist"],"gold_per_floor":[116,116,116,41,58,89,39,74,154,165,247,264,264,277,277,376,376,386,386,386,396,415,415,429,294,294,328,342,375,125,140,140,244,294,310,310,310],"floor_reached":36,"playtime":3635,"items_purged":["jesterMod:Defend","jesterMod:Strike","theWildCard:Sakuya"],"score":444,"play_id":"2c85e71c-620a-4ce4-a2a8-0dd48c514b11","local_time":"20201231195032","is_ascension_mode":false,"campfire_choices":[{"data":"jesterMod:Haste","floor":15.0,"key":"SMITH"},{"data":"jesterMod:Flee","floor":23.0,"key":"SMITH"},{"data":"jesterMod:Mending","floor":32.0,"key":"SMITH"}],"circlet_count":0,"master_deck":["jesterMod:Strike","jesterMod:Sickle+1","jesterMod:Dodge","jesterMod:Finale","jesterMod:RecklessStrike","jesterMod:BouncingKnife","jesterMod:RecklessStrike","jesterMod:BouncingKnife","jesterMod:Haste+1","jesterMod:Feint","jesterMod:Placebo","jesterMod:OblivionStrike","jesterMod:ButterKnife","jesterMod:Flee+1","jesterMod:Squander","jesterMod:Mending+1","jesterMod:DancingMad","jesterMod:Haste","jesterMod:Overthink+1"],"relics":["jesterMod:JesterCap","MealTicket","White Beast Statue","Bottled Flame","Empty Cage","HornCleat","The Courier","Singing Bowl","Red Mask","TheAbacus","Tiny House"],"acts_visited":["Exordium","TheCity","TheBeyond"],"potions_floor_usage":[],"damage_taken":[{"damage":5.0,"enemies":"Small Slimes","floor":1.0,"turns":2.0},{"damage":0.0,"enemies":"2 Louse","floor":5.0,"turns":2.0},{"damage":0.0,"enemies":"Gremlin Nob","floor":6.0,"turns":2.0},{"damage":18.0,"enemies":"Lagavulin","floor":8.0,"turns":4.0},{"damage":0.0,"enemies":"Jaw Worm","floor":10.0,"turns":1.0},{"damage":0.0,"enemies":"Large Slime","floor":12.0,"turns":2.0},{"damage":9.0,"enemies":"Exordium Thugs","floor":14.0,"turns":4.0},{"damage":20.0,"enemies":"Slime Boss","floor":16.0,"turns":9.0},{"damage":12.0,"enemies":"3 Byrds","floor":18.0,"turns":5.0},{"damage":0.0,"enemies":"Chosen","floor":21.0,"turns":3.0},{"damage":15.0,"enemies":"Snake Plant","floor":22.0,"turns":3.0},{"damage":14.0,"enemies":"Sentry and Sphere","floor":24.0,"turns":4.0},{"damage":5.0,"enemies":"Gremlin Leader","floor":27.0,"turns":6.0},{"damage":9.0,"enemies":"Shelled Parasite and Fungi","floor":28.0,"turns":5.0},{"damage":1.0,"enemies":"Masked Bandits","floor":29.0,"turns":5.0},{"damage":0.0,"enemies":"Centurion and Healer","floor":31.0,"turns":6.0},{"damage":5.0,"enemies":"Champ","floor":33.0,"turns":15.0},{"damage":0.0,"enemies":"Orb Walker","floor":35.0,"turns":3.0},{"damage":97,"enemies":"Orin","floor":36,"turns":6}],"seed_played":"-2337673513065049276","potions_obtained":[{"floor":1.0,"key":"LiquidBronze"},{"floor":10.0,"key":"Fire Potion"},{"floor":12.0,"key":"Fruit Juice"},{"floor":14.0,"key":"SneckoOil"},{"floor":16.0,"key":"Energy Potion"},{"floor":18.0,"key":"Block Potion"},{"floor":22.0,"key":"Fire Potion"},{"floor":24.0,"key":"Fruit Juice"},{"floor":27.0,"key":"Fire Potion"},{"floor":31.0,"key":"Energy Potion"}],"is_trial":false,"path_per_floor":["M","?","?","$","M","E","?","E","T","M","T","M","?","M","R","B",null,"M","?","?","M","M","R","M","$","T","E","M","?","$","M","R","B",null,"M","?"],"character_chosen":"THE_JESTER","items_purchased":["jesterMod:Mending","TheAbacus","jesterMod:Haste"],"campfire_rested":0,"item_purchase_floors":[25,30,30],"current_hp_per_floor":[65,65,65,65,65,65,65,47,47,47,47,52,45,36,36,16,75,63,56,56,56,41,41,32,47,47,44,35,36,51,53,53,48,93,95,0,0],"gold":310,"neow_bonus":"ONE_RANDOM_RARE_CARD","is_daily":false,"chose_seed":false,"campfire_upgraded":3,"win_rate":0.0,"timestamp":1609462232,"path_taken":["M","?","?","?","M","E","?","E","T","M","?","?","?","M","R","BOSS","M","?","?","M","?","R","M","$","T","E","M","?","$","M","R","BOSS","M","?"],"items_purchased_type":["Card","Relic","Card"],"build_version":"2020-12-22","purchased_purges":3,"victory":false,"max_hp_per_floor":[70,70,70,70,70,70,70,70,70,70,70,75,75,75,75,75,75,75,75,75,75,75,75,80,80,80,82,82,84,84,86,86,86,93,95,95,95],"card_choices":[{"not_picked":["jesterMod:Talion","jesterMod:TrickyDodge"],"picked":"jesterMod:RecklessStrike","floor":1.0},{"not_picked":["jesterMod:Hide","jesterMod:Twirl"],"picked":"jesterMod:BouncingKnife","floor":5.0},{"not_picked":["jesterMod:DaggerRain","jesterMod:Finale"],"picked":"jesterMod:RecklessStrike","floor":6.0},{"not_picked":["jesterMod:Illness","jesterMod:Anticipation"],"picked":"jesterMod:BouncingKnife","floor":8.0},{"not_picked":["jesterMod:Swiftness","jesterMod:DancingMad"],"picked":"jesterMod:Haste","floor":10.0},{"not_picked":["jesterMod:SelfMockery","jesterMod:Disposophobia"],"picked":"jesterMod:Feint","floor":12.0},{"not_picked":["jesterMod:Hide","jesterMod:SelfMockery","jesterMod:Taunt"],"picked":"SKIP","floor":14.0},{"not_picked":["jesterMod:Momentum","jesterMod:Encore"],"picked":"jesterMod:Placebo","floor":16.0},{"not_picked":["jesterMod:Rebuff","jesterMod:Procrastination"],"picked":"jesterMod:OblivionStrike","floor":18.0},{"not_picked":["jesterMod:QuickStrike","jesterMod:OblivionStrike+1"],"picked":"jesterMod:ButterKnife","floor":21.0},{"not_picked":["jesterMod:Patience","jesterMod:RecklessStrike+1"],"picked":"jesterMod:Flee","floor":22.0},{"not_picked":["jesterMod:SwiftDodge","jesterMod:Twirl"],"picked":"jesterMod:Squander","floor":24.0},{"not_picked":["jesterMod:TrickyDodge+1","jesterMod:Procrastination","jesterMod:QuickStrike+1"],"picked":"Singing Bowl","floor":27.0},{"not_picked":["jesterMod:Patience","jesterMod:OblivionStrike"],"picked":"jesterMod:DancingMad","floor":28.0},{"not_picked":["jesterMod:Tinker","jesterMod:TrickyDodge+1","jesterMod:Twirl"],"picked":"Singing Bowl","floor":29.0},{"not_picked":["jesterMod:Twirl+1","jesterMod:OblivionStrike","jesterMod:DancingMad"],"picked":"Singing Bowl","floor":31.0},{"not_picked":["jesterMod:ButterflyDance","jesterMod:Leeches"],"picked":"jesterMod:Overthink","floor":33.0},{"not_picked":["jesterMod:DancingMad","jesterMod:JackInTheBox+1","jesterMod:Haste+1"],"picked":"Singing Bowl","floor":34.0},{"not_picked":["jesterMod:OblivionStrike+1","jesterMod:TrickyDodge","jesterMod:SmokeScreen"],"picked":"Singing Bowl","floor":35}],"player_experience":219831,"relics_obtained":[{"floor":6.0,"key":"MealTicket"},{"floor":8.0,"key":"White Beast Statue"},{"floor":11.0,"key":"Bottled Flame"},{"floor":26.0,"key":"The Courier"},{"floor":27.0,"key":"Singing Bowl"},{"floor":29.0,"key":"Red Mask"}],"event_choices":[{"cards_removed":["jesterMod:Defend"],"damage_healed":0.0,"max_hp_gain":0.0,"max_hp_loss":0.0,"gold_gain":0.0,"event_name":"Living Wall","player_choice":"Forget","floor":2.0,"gold_loss":0.0,"damage_taken":0.0},{"cards_removed":["jesterMod:Defend"],"damage_healed":0.0,"max_hp_gain":0.0,"max_hp_loss":0.0,"gold_gain":0.0,"event_name":"The Cleric","player_choice":"Card Removal","floor":7.0,"gold_loss":50.0,"damage_taken":0.0},{"cards_removed":["jesterMod:Defend"],"damage_healed":0.0,"max_hp_gain":0.0,"max_hp_loss":0.0,"gold_gain":0.0,"event_name":"Golden Wing","player_choice":"Card Removal","floor":13.0,"gold_loss":0.0,"damage_taken":7.0},{"damage_healed":0.0,"max_hp_gain":0.0,"max_hp_loss":0.0,"gold_gain":0.0,"event_name":"blackbeard:ShipwreckEvent","player_choice":"HornCleat","floor":19.0,"gold_loss":0.0,"damage_taken":0.0,"relics_obtained":["HornCleat"]},{"damage_healed":0.0,"max_hp_gain":0.0,"max_hp_loss":0.0,"gold_gain":0.0,"event_name":"Accursed Blacksmith","player_choice":"Forge","floor":20.0,"gold_loss":0.0,"damage_taken":0.0,"cards_upgraded":["jesterMod:Sickle"]},{"damage_healed":0.0,"max_hp_gain":0.0,"max_hp_loss":0.0,"gold_gain":0.0,"event_name":"Masked Bandits","player_choice":"Fought Bandits","floor":29.0,"gold_loss":0.0,"damage_taken":0.0},{"damage_healed":0,"gold_gain":0,"player_choice":"Fight","damage_taken":0,"max_hp_gain":0,"max_hp_loss":0,"event_name":"OrinTheCat","floor":36,"gold_loss":0}],"is_beta":false,"boss_relics":[{"not_picked":["Fusion Hammer","Philosopher\u0027s Stone"],"picked":"Empty Cage"},{"not_picked":["jesterMod:HarlequinCap","Velvet Choker"],"picked":"Tiny House"}],"items_purged_floors":[4,25,30],"is_endless":false,"potions_floor_spawned":[1,10,12,14,16,18,21,22,24,27,28,29,31,33,35],"killed_by":"Orin","ascension_level":0}}