{"host":"2461dio7vetlq1z3","time":1609516222,"event":{"mods":["2.2 Compatiblity","AchievementEnabler","BaseMod","Better Third Choice","Friendly Minions","Hubris","Minty Spire (QoL Compilation)","Relic Stats","Spicy Shops","StSLib","Waifu the Spire"],"gold_per_floor":[112,131,131,141,141,141,175,175,200,200,210,225,238,250,250,327,327,342,342,360,360,360,360,386,386,386,386,386],"floor_reached":27,"playtime":1287,"items_purged":[],"score":516,"play_id":"7428ba7b-fcdc-4b28-a167-f9fa4b039edf","local_time":"20210101165022","is_ascension_mode":true,"campfire_choices":[{"data":"Blizzard","floor":6,"key":"SMITH"},{"data":"Zap","floor":8,"key":"SMITH"},{"data":"Dualcast","floor":10,"key":"SMITH"},{"data":"Loop","floor":15,"key":"SMITH"},{"data":"hubris:DoWhile","floor":23,"key":"SMITH"},{"data":"Ghostly","floor":25,"key":"SMITH"}],"circlet_count":0,"master_deck":["AscendersBane","Strike_B","Strike_B","Defend_B","Defend_B","Defend_B","Zap+1","Dualcast+1","Glacier","Blizzard+1","Steam","Seek","Turbo","Loop+1","hubris:DoWhile+1","Defragment","Ghostly+1","Ghostly","Ghostly","hubris:DuctTapeCard"],"relics":["Runic Pyramid","Potion Belt","Omamori","Empty Cage","hubris:Towel","Calipers","hubris:DuctTape"],"acts_visited":["Exordium","TheCity"],"potions_floor_usage":[7,12,16,16,24],"damage_taken":[{"damage":5,"enemies":"Small Slimes","floor":1,"turns":3},{"damage":1,"enemies":"Jaw Worm","floor":2,"turns":5},{"damage":1,"enemies":"Cultist","floor":4,"turns":4},{"damage":2,"enemies":"3 Sentries","floor":7,"turns":8},{"damage":3,"enemies":"Exordium Thugs","floor":11,"turns":5},{"damage":7,"enemies":"Gremlin Gang","floor":12,"turns":4},{"damage":10,"enemies":"Exordium Wildlife","floor":13,"turns":5},{"damage":7,"enemies":"Looter","floor":14,"turns":3},{"damage":5,"enemies":"Slime Boss","floor":16,"turns":9},{"damage":10,"enemies":"Shell Parasite","floor":18,"turns":3},{"damage":0,"enemies":"Chosen","floor":20,"turns":3},{"damage":9,"enemies":"Slavers","floor":24,"turns":5},{"damage":14,"enemies":"Book of Stabbing","floor":27,"turns":1}],"seed_played":"5162090401847192137","potions_obtained":[{"floor":2,"key":"BlessingOfTheForge"},{"floor":4,"key":"FocusPotion"},{"floor":11,"key":"SteroidPotion"},{"floor":13,"key":"Energy Potion"},{"floor":18,"key":"Energy Potion"},{"floor":19,"key":"PowerPotion"},{"floor":19,"key":"Energy Potion"},{"floor":24,"key":"SteroidPotion"}],"is_trial":false,"path_per_floor":["M","M","?","M","?","R","E","R","T","R","M","M","M","M","R","B",null,"M","?","M","?","?","R","E","R","T","E"],"character_chosen":"DEFECT","items_purchased":[],"campfire_rested":0,"item_purchase_floors":[],"current_hp_per_floor":[59,58,63,62,62,62,60,60,60,60,57,50,40,33,33,28,64,54,54,54,54,38,38,29,29,29,15,15],"gold":386,"neow_bonus":"BOSS_RELIC","is_daily":false,"chose_seed":false,"campfire_upgraded":6,"win_rate":0.0,"timestamp":1609516222,"path_taken":["M","M","?","M","?","R","E","R","T","R","M","M","M","?","R","BOSS","M","?","?","?","?","R","E","R","T","E"],"items_purchased_type":[],"build_version":"2020-12-22","purchased_purges":0,"victory":false,"max_hp_per_floor":[71,71,76,76,76,76,76,76,76,76,76,76,76,76,76,76,76,76,76,76,76,38,38,38,38,38,38,38],"relic_stats":{"counters":[13,58],"obtain_stats":[{"Potion Belt":7,"Calipers":24,"hubris:DuctTape":26,"Omamori":9,"hubris:Towel":21,"Cracked Core":0,"Empty Cage":17,"Runic Pyramid":0},{"Potion Belt":4,"Calipers":12,"hubris:DuctTape":12,"Omamori":4,"hubris:Towel":11,"Cracked Core":0,"Empty Cage":9,"Runic Pyramid":0},{"Potion Belt":20,"Calipers":57,"hubris:DuctTape":57,"Omamori":20,"hubris:Towel":52,"Cracked Core":0,"Empty Cage":46,"Runic Pyramid":0}]},"card_choices":[{"not_picked":["Streamline","hubris:PowerSurge"],"picked":"Glacier","floor":1},{"not_picked":["Conserve Battery","Skim"],"picked":"Blizzard","floor":2},{"not_picked":["FTL","Sweeping Beam"],"picked":"Steam","floor":4},{"not_picked":["Sweeping Beam","Go for the Eyes"],"picked":"Seek","floor":7},{"not_picked":["Streamline","Sweeping Beam"],"picked":"Turbo","floor":11},{"not_picked":["Steam","Fusion"],"picked":"Sweeping Beam","floor":12},{"not_picked":["Creative AI","Barrage"],"picked":"Tempest","floor":13},{"not_picked":["Reprogram","Leap"],"picked":"Loop","floor":14},{"not_picked":["All For One","Meteor Strike"],"picked":"hubris:DoWhile","floor":16},{"not_picked":["Scrape","Go for the Eyes","Cold Snap"],"picked":"SKIP","floor":18},{"not_picked":["Streamline+1","Stack"],"picked":"Defragment","floor":20},{"not_picked":["Streamline","Lockon","Compile Driver"],"picked":"SKIP","floor":24}],"player_experience":984073,"relics_obtained":[{"floor":7,"key":"Potion Belt"},{"floor":9,"key":"Omamori"},{"floor":24,"key":"Calipers"},{"floor":26,"key":"hubris:DuctTape"}],"event_choices":[{"damage_healed":0,"gold_gain":0,"player_choice":"Donut","damage_taken":0,"max_hp_gain":5,"max_hp_loss":0,"event_name":"Big Fish","floor":3,"gold_loss":0},{"cards_removed":["Defend_B"],"damage_healed":0,"gold_gain":0,"player_choice":"Offered Basic","damage_taken":0,"max_hp_gain":0,"max_hp_loss":0,"event_name":"Bonfire Elementals","floor":5,"gold_loss":0},{"damage_healed":0,"gold_gain":0,"player_choice":"Got Potions","damage_taken":0,"max_hp_gain":0,"max_hp_loss":0,"event_name":"Lab","floor":19,"gold_loss":0},{"damage_healed":0,"gold_gain":0,"player_choice":"Became a Ghost","damage_taken":0,"max_hp_gain":0,"max_hp_loss":38,"event_name":"Ghosts","floor":22,"gold_loss":0,"cards_obtained":["Ghostly","Ghostly","Ghostly"]}],"is_beta":false,"boss_relics":[{"not_picked":["Snecko Eye","hubris:RunicObelisk"],"picked":"Empty Cage"}],"items_purged_floors":[],"is_endless":false,"potions_floor_spawned":[2,4,11,13,18,24],"killed_by":"Book of Stabbing","ascension_level":20}}