{"host":"klzxa3457b6fcx00","time":1609487656,"event":{"mods":["AchievementEnabler","BaseMod","Downfall","Minty Spire (QoL Compilation)","Replay The Spire","StSLib"],"gold_per_floor":[116,130,143,143,163,163,133,133,133,159,172,185,185,185,217,237,237,336,336,356,372,8,21,37,63,73,73,73,85,95,108,33,33,33,33,33],"floor_reached":35,"playtime":1437,"items_purged":["Strike_R"],"score":295,"play_id":"735bcadb-f8a1-428d-add4-4fbb71ba53ce","local_time":"20210101145416","is_ascension_mode":false,"campfire_choices":[{"data":"Inflame","floor":6,"key":"SMITH"},{"floor":8,"key":"RECALL"},{"floor":17,"key":"REST"},{"floor":27,"key":"REST"}],"circlet_count":0,"master_deck":["Strike_R","Strike_R","Defend_R+1","Defend_R","Defend_R","Defend_R","Bash","Anger","Inflame+1","Ghostly Armor","Carnage","Whirlwind","Reckless Charge+1","Seeing Red+1","Cleave+1"],"relics":["Burning Blood","Garlic","Boot","Blue Doll","Replay:Bronze Core","Incense Burner","King of Hearts"],"acts_visited":["Exordium","TheCity"],"potions_floor_usage":[18,18,18,18,25,25,25,31,33],"damage_taken":[{"damage":6,"enemies":"Cultist","floor":1,"turns":3},{"damage":5,"enemies":"Small Slimes","floor":2,"turns":3},{"damage":11,"enemies":"Jaw Worm","floor":3,"turns":5},{"damage":11,"enemies":"3 Louse","floor":5,"turns":4},{"damage":18,"enemies":"3 Sentries","floor":10,"turns":8},{"damage":2,"enemies":"Gremlin Gang","floor":11,"turns":6},{"damage":13,"enemies":"Exordium Thugs","floor":12,"turns":5},{"damage":30,"enemies":"Lagavulin","floor":15,"turns":6},{"damage":10,"enemies":"2 Fungi Beasts","floor":16,"turns":3},{"damage":46,"enemies":"The Guardian","floor":18,"turns":9},{"damage":0,"enemies":"Spheric Guardian","floor":20,"turns":3},{"damage":0,"enemies":"3 Byrds","floor":21,"turns":6},{"damage":20,"enemies":"Shelled Parasite and Fungi","floor":23,"turns":4},{"damage":31,"enemies":"Snecko","floor":24,"turns":6},{"damage":32,"enemies":"Book of Stabbing","floor":25,"turns":5},{"damage":23,"enemies":"Sentry and Sphere","floor":26,"turns":6},{"damage":6,"enemies":"Centurion and Healer","floor":29,"turns":5},{"damage":12,"enemies":"Cultist and Chosen","floor":30,"turns":6},{"damage":18,"enemies":"Sentry and Sphere","floor":31,"turns":5},{"damage":15,"enemies":"Colosseum Slavers","floor":33,"turns":4},{"damage":26,"enemies":"Collector","floor":35,"turns":3}],"seed_played":"-4101075954303811376","potions_obtained":[{"floor":3,"key":"Languid Potion"},{"floor":7,"key":"ElixirPotion"},{"floor":7,"key":"champ:CounterPotion"},{"floor":12,"key":"EntropicBrew"},{"floor":20,"key":"AttackPotion"},{"floor":21,"key":"BloodPotion"},{"floor":25,"key":"Swift Potion"},{"floor":31,"key":"Explosive Potion"}],"is_trial":false,"path_per_floor":["M","M","M","$","M","R","?","R","T","E","M","M","PTL","PTL","E","M","R","B",null,"M","M","$","M","M","E","M","R","T","M","M","M","?","?","R","B"],"character_chosen":"IRONCLAD","items_purchased":["Incense Burner"],"campfire_rested":2,"item_purchase_floors":[22],"current_hp_per_floor":[80,80,75,75,70,70,70,70,70,58,62,55,55,55,31,27,51,11,80,80,80,80,66,41,31,14,38,38,38,32,20,20,11,11,0,0],"gold":33,"neow_bonus":"UPGRADE_CARD","is_daily":false,"chose_seed":false,"campfire_upgraded":1,"win_rate":0.0,"timestamp":1609487656,"path_taken":["M","M","M","?","M","R","?","R","T","E","M","?","PTL","PTL","E","?","R","BOSS","M","M","$","M","M","E","M","R","T","M","M","M","?","?","R","BOSS"],"items_purchased_type":["Relic"],"build_version":"2020-12-22","purchased_purges":1,"victory":false,"max_hp_per_floor":[80,80,80,80,80,80,80,80,80,80,80,80,80,80,80,80,80,80,80,80,80,80,80,80,80,80,80,80,80,80,80,80,80,80,80,80],"card_choices":[{"not_picked":["Body Slam","Replay:Undeath\u0027s Touch","Armaments"],"picked":"SKIP","floor":1},{"not_picked":["True Grit","Entrench","Burning Pact"],"picked":"SKIP","floor":2},{"not_picked":["Warcry","ReplayReversal"],"picked":"Anger","floor":3},{"not_picked":["True Grit","Sword Boomerang"],"picked":"Inflame","floor":5},{"not_picked":["Power Through","Twin Strike"],"picked":"Ghostly Armor","floor":10},{"not_picked":["Pummel","Replay:Undeath\u0027s Touch"],"picked":"Carnage","floor":11},{"not_picked":["Thunderclap","Massacre","ReplayTheSpireMod:Muscle Training"],"picked":"SKIP","floor":12},{"not_picked":["ReplayTheSpireMod:Strike From Hell","Burning Pact","Hemokinesis"],"picked":"SKIP","floor":15},{"not_picked":["Exhume","Evolve","Body Slam"],"picked":"SKIP","floor":16},{"not_picked":["Shrug It Off","Twin Strike"],"picked":"Whirlwind","floor":20},{"not_picked":["Wild Strike","Sever Soul"],"picked":"Reckless Charge+1","floor":21},{"not_picked":["Rupture","ReplayTheSpireMod:Strike From Hell"],"picked":"Seeing Red+1","floor":23},{"not_picked":["Dual Wield","Sword Boomerang"],"picked":"Cleave+1","floor":24},{"not_picked":["Heavy Blade","Run Through","Dropkick"],"picked":"SKIP","floor":25},{"not_picked":["Blood for Blood","Offering","Fire Breathing+1"],"picked":"SKIP","floor":26},{"not_picked":["Clash","Clothesline","Body Slam"],"picked":"SKIP","floor":29},{"not_picked":["Headbutt","Run Through","Dual Wield"],"picked":"SKIP","floor":30},{"not_picked":["Replay:Undeath\u0027s Touch","Headbutt+1","True Grit+1"],"picked":"SKIP","floor":31}],"player_experience":231695,"relics_obtained":[{"floor":9,"key":"Garlic"},{"floor":10,"key":"Boot"},{"floor":15,"key":"Blue Doll"},{"floor":25,"key":"King of Hearts"}],"event_choices":[{"damage_healed":0,"gold_gain":0,"player_choice":"Bought 2 Potions","damage_taken":0,"max_hp_gain":0,"max_hp_loss":0,"event_name":"The Woman in Blue","floor":7,"gold_loss":0},{"cards_removed":["Strike_R"],"damage_healed":0,"gold_gain":0,"player_choice":"Gave Gold","damage_taken":0,"max_hp_gain":0,"max_hp_loss":0,"event_name":"Beggar","floor":32,"gold_loss":75},{"damage_healed":0,"gold_gain":0,"player_choice":"Fight","damage_taken":0,"max_hp_gain":0,"max_hp_loss":0,"event_name":"Colosseum","floor":33,"gold_loss":0},{"damage_healed":0,"gold_gain":0,"player_choice":"Fled From Nobs","damage_taken":0,"max_hp_gain":0,"max_hp_loss":0,"event_name":"Colosseum","floor":33,"gold_loss":0},{"cards_removed":["Strike_R"],"damage_healed":0,"gold_gain":0,"player_choice":"Elegance","damage_taken":0,"max_hp_gain":0,"max_hp_loss":0,"event_name":"Back to Basics","floor":34,"gold_loss":0}],"is_beta":false,"boss_relics":[{"not_picked":["Velvet Choker","Coffee Dripper"],"picked":"Replay:Bronze Core"}],"items_purged_floors":[22],"is_endless":false,"potions_floor_spawned":[3,10,11,12,15,20,21,24,25,31],"killed_by":"Collector","ascension_level":0}}