{"host":"ugshc7uj01f3x9ji","time":1609471610,"event":{"mods":["BaseMod","Downfall","Hermit","Minty Spire (QoL Compilation)","StSLib"],"gold_per_floor":[115,129,32,96,112,112,112,35,35,66,78,43,55,69,69,166,166,178,178,178,188,45,55,55,83,134,134,85,85,96,110,110,110,110],"floor_reached":33,"playtime":2847,"items_purged":[],"score":267,"play_id":"c66fa84e-ec72-4d6f-978e-47a56b2517fb","local_time":"20210101112650","is_ascension_mode":false,"campfire_choices":[{"data":"hermit:LowProfile","floor":6,"key":"SMITH"},{"data":"hermit:GoldenBullet","floor":15,"key":"SMITH"},{"data":"hermit:Determination","floor":24,"key":"SMITH"},{"floor":32,"key":"REST"}],"circlet_count":0,"master_deck":["hermit:Strike_Hermit","hermit:Strike_Hermit","hermit:Strike_Hermit","hermit:Strike_Hermit","hermit:Defend_Hermit","hermit:Defend_Hermit","hermit:Defend_Hermit","hermit:Defend_Hermit","hermit:Snapshot","hermit:Covet","hermit:TrackingShot","hermit:Coalescence","hermit:Grudge","hermit:LowProfile+1","hermit:ItchyTrigger","hermit:HighCaliber","hermit:Determination+1","hermit:GoldenBullet+1","hermit:Dissolve+1","hermit:Headshot","hermit:Misfire","hermit:Feint+1","hermit:Deadeye+1","hermit:CalledShot+1","hermit:Ricochet"],"relics":["hermit:Momento","NeowsBlessing","Gremlin Horn","MealTicket","Velvet Choker","Thread and Needle","Oddly Smooth Stone","Centennial Puzzle","War Paint"],"acts_visited":["Exordium","TheCity"],"potions_floor_usage":[10,11,16,23,33,33,33],"damage_taken":[{"damage":0,"enemies":"Jaw Worm","floor":1,"turns":1},{"damage":0,"enemies":"Small Slimes","floor":2,"turns":1},{"damage":0,"enemies":"Cultist","floor":5,"turns":1},{"damage":32,"enemies":"Lagavulin","floor":10,"turns":7},{"damage":2,"enemies":"Large Slime","floor":11,"turns":4},{"damage":0,"enemies":"Exordium Thugs","floor":13,"turns":4},{"damage":2,"enemies":"Blue Slaver","floor":14,"turns":3},{"damage":41,"enemies":"Slime Boss","floor":16,"turns":9},{"damage":30,"enemies":"Chosen","floor":18,"turns":7},{"damage":1,"enemies":"3 Byrds","floor":21,"turns":5},{"damage":0,"enemies":"Sentry and Sphere","floor":23,"turns":3},{"damage":42,"enemies":"Gremlin Leader","floor":25,"turns":6},{"damage":0,"enemies":"Chosen and Byrds","floor":30,"turns":5},{"damage":2,"enemies":"Shelled Parasite and Fungi","floor":31,"turns":4},{"damage":81,"enemies":"Collector","floor":33,"turns":7}],"seed_played":"6481763479343023381","potions_obtained":[{"floor":1,"key":"FearPotion"},{"floor":5,"key":"SteroidPotion"},{"floor":10,"key":"SteroidPotion"},{"floor":13,"key":"Block Potion"},{"floor":18,"key":"LiquidMemories"},{"floor":21,"key":"Fire Potion"}],"is_trial":false,"path_per_floor":["M","M","$","?","M","R","?","$","T","E","M","?","M","M","R","B",null,"M","?","T","M","$","M","R","E","T","?","$","?","M","M","R","B"],"character_chosen":"HERMIT","items_purchased":["hermit:Grudge","hermit:LowProfile","LiquidBronze","Oddly Smooth Stone","Fire Potion"],"campfire_rested":1,"item_purchase_floors":[3,3,8,22,28],"current_hp_per_floor":[75,75,75,75,75,75,80,80,80,48,46,66,66,64,64,23,80,50,50,50,49,64,64,64,22,22,22,37,37,37,35,59,0,0],"gold":110,"neow_bonus":"THREE_ENEMY_KILL","is_daily":false,"chose_seed":false,"campfire_upgraded":3,"win_rate":0.0,"timestamp":1609471610,"path_taken":["M","M","$","?","M","R","?","$","T","E","M","?","?","?","R","BOSS","M","?","?","M","$","M","R","E","T","?","$","?","M","M","R","BOSS"],"items_purchased_type":["Card","Card","Potion","Relic","Potion"],"build_version":"2020-12-22","purchased_purges":0,"victory":false,"max_hp_per_floor":[75,75,75,75,75,75,80,80,80,80,80,80,80,80,80,80,80,80,80,80,80,80,80,80,80,80,80,80,80,80,80,80,80,80],"card_choices":[{"not_picked":["hermit:Ricochet","hermit:Enervate"],"picked":"hermit:TrackingShot","floor":1},{"not_picked":["hermit:Feint","hermit:Manifest"],"picked":"hermit:Coalescence","floor":2},{"not_picked":["hermit:DeadMansHand","hermit:LoneWolf"],"picked":"hermit:ItchyTrigger","floor":5},{"not_picked":["hermit:LowProfile","hermit:LuckOfTheDraw"],"picked":"hermit:HighCaliber","floor":10},{"not_picked":["hermit:CalledShot","hermit:Shortfuse"],"picked":"hermit:Determination","floor":11},{"not_picked":["hermit:Coalescence","hermit:Deadeye","hermit:NoHoldsBarred"],"picked":"SKIP","floor":13},{"not_picked":["hermit:NoHoldsBarred","hermit:ShadowCloak"],"picked":"hermit:GoldenBullet","floor":14},{"not_picked":["hermit:Reprieve","hermit:OverwhelmingPower"],"picked":"hermit:Dissolve","floor":16},{"not_picked":["hermit:TrackingShot+1","hermit:Dive"],"picked":"hermit:Headshot","floor":18},{"not_picked":["hermit:GoldenBullet","hermit:HoleUp"],"picked":"hermit:Misfire","floor":21},{"not_picked":["hermit:CalledShot","hermit:LowProfile"],"picked":"hermit:Feint","floor":23},{"not_picked":["hermit:Vantage","hermit:FinalCanter"],"picked":"hermit:Deadeye+1","floor":25},{"not_picked":["hermit:HoleUp","hermit:Vantage"],"picked":"hermit:CalledShot+1","floor":30},{"not_picked":["hermit:LuckOfTheDraw+1","hermit:Dive"],"picked":"hermit:Ricochet","floor":31}],"player_experience":107352,"relics_obtained":[{"floor":9,"key":"Gremlin Horn"},{"floor":10,"key":"MealTicket"},{"floor":20,"key":"Thread and Needle"},{"floor":25,"key":"Centennial Puzzle"},{"floor":26,"key":"War Paint"}],"event_choices":[{"damage_healed":0,"gold_gain":64,"player_choice":"Gained Gold","damage_taken":0,"max_hp_gain":0,"max_hp_loss":0,"event_name":"Golden Wing","floor":4,"gold_loss":0},{"damage_healed":0,"gold_gain":0,"player_choice":"Donut","damage_taken":0,"max_hp_gain":5,"max_hp_loss":0,"event_name":"Big Fish","floor":7,"gold_loss":0},{"damage_healed":20,"gold_gain":0,"player_choice":"Healed","damage_taken":0,"max_hp_gain":0,"max_hp_loss":0,"event_name":"The Cleric","floor":12,"gold_loss":35},{"damage_healed":0,"gold_gain":0,"player_choice":"Ignored","damage_taken":0,"max_hp_gain":0,"max_hp_loss":0,"event_name":"Vampires","floor":19,"gold_loss":0},{"damage_healed":0,"gold_gain":0,"player_choice":"Ignored","damage_taken":0,"max_hp_gain":0,"max_hp_loss":0,"event_name":"Ghosts","floor":29,"gold_loss":0}],"is_beta":false,"boss_relics":[{"not_picked":["Snecko Eye","Astrolabe"],"picked":"Velvet Choker"}],"items_purged_floors":[],"is_endless":false,"potions_floor_spawned":[1,5,10,13,14,18,21,30,31],"killed_by":"Collector","ascension_level":0}}