{"host":"qswkx8hggytna0kc","time":1609480959,"event":{"mods":["Aspiration","BaseMod","BetterRewards","Colored Map","Colored Powertips","Highlight Path","Hubris","Mimic Mod","Minty Spire (QoL Compilation)","Quick Restart","Replay The Spire","StSLib","SuperFastMode"],"gold_per_floor":[12,30,30,47,62,87,262,292,292,292,62,77,90,107,107,203,203,168,184,184,156,168,195,51,51,51,77,77,89,89,116,116,116,116],"floor_reached":33,"playtime":1290,"items_purged":["Doubt"],"score":428,"play_id":"dfe77664-5d03-46cc-871a-551354caffa3","local_time":"20210101140239","is_ascension_mode":true,"campfire_choices":[{"data":"Zap","floor":10.0,"key":"SMITH"},{"floor":15.0,"key":"DIG"},{"floor":25.0,"key":"REST"},{"data":"Mirror Shield","floor":30.0,"key":"SMITH"},{"data":"Strike_B","floor":32.0,"key":"PURGE"}],"circlet_count":0,"master_deck":["Strike_B","Strike_B","Strike_B","Defend_B","Defend_B","Defend_B","Defend_B","Zap+1","Dualcast","Redo","Leap","Panic Button","Rip and Tear","Amplify","FIFO Queue","Echo Form","Conserve Battery","Mirror Shield+1","CurseOfTheBell","Auto Shields","Gash+1","hubris:Insight","Redo+1","Storm","Auto Shields+1","Aggregate","Panic Button","Force Field"],"relics":["Cracked Core","Ice Cream","CaptainsWheel","Juzu Bracelet","aspiration:FetidBarrel","Lantern","InkBottle","Calling Bell","Blue Doll","aspiration:HummingbirdHeart","hubris:GlazedTorus","FossilizedHelix","Bronze Scales","Iron Hammer","Strawberry","hubris:BottledHeart","Omamori"],"acts_visited":["Exordium","TheCity"],"potions_floor_usage":[33,33],"damage_taken":[{"damage":0.0,"enemies":"2 Louse","floor":1.0,"turns":2.0},{"damage":0.0,"enemies":"Cultist","floor":2.0,"turns":4.0},{"damage":2.0,"enemies":"Jaw Worm","floor":4.0,"turns":3.0},{"damage":11.0,"enemies":"3 Louse","floor":5.0,"turns":3.0},{"damage":7.0,"enemies":"Lagavulin","floor":6.0,"turns":7.0},{"damage":13.0,"enemies":"Gremlin Nob","floor":8.0,"turns":4.0},{"damage":3.0,"enemies":"Exordium Thugs","floor":12.0,"turns":4.0},{"damage":0.0,"enemies":"2 Fungi Beasts","floor":13.0,"turns":3.0},{"damage":0.0,"enemies":"3 Louse","floor":14.0,"turns":3.0},{"damage":27.0,"enemies":"Fading Forest","floor":16.0,"turns":11.0},{"damage":10.0,"enemies":"2 Thieves","floor":18.0,"turns":5.0},{"damage":1.0,"enemies":"Chosen","floor":19.0,"turns":6.0},{"damage":6.0,"enemies":"3 Cultists","floor":22.0,"turns":5.0},{"damage":26.0,"enemies":"Book of Stabbing","floor":23.0,"turns":7.0},{"damage":8.0,"enemies":"Slavers","floor":27.0,"turns":7.0},{"damage":0.0,"enemies":"Snecko","floor":29.0,"turns":5.0},{"damage":0.0,"enemies":"Gremlin Leader","floor":31.0,"turns":6.0},{"damage":3,"enemies":"Automaton","floor":33,"turns":8}],"seed_played":"3788648067695820964","potions_obtained":[{"floor":1.0,"key":"Dexterity Potion"},{"floor":5.0,"key":"Toxic Potion"},{"floor":6.0,"key":"Doom Potion"},{"floor":13.0,"key":"AttackPotion"},{"floor":22.0,"key":"SpeedPotion"},{"floor":27.0,"key":"Swift Potion"},{"floor":29.0,"key":"PowerPotion"},{"floor":31.0,"key":"Reflective Coating"}],"is_trial":false,"path_per_floor":["M","M","?","M","M","E","?","E","T","R","$","M","M","M","R_BF","B",null,"M","M","?","$","M","E","$","R","T","E","?","M","R","E","R_BF","B"],"character_chosen":"DEFECT","items_purchased":["Lantern","Redo+1","Bronze Scales"],"campfire_rested":1,"item_purchase_floors":[11,21,24],"current_hp_per_floor":[75,75,75,73,62,55,55,42,42,42,42,39,39,39,39,12,59,49,48,48,48,42,16,16,38,38,37,1,1,1,1,1,0,0],"gold":116,"neow_bonus":"ONE_RARE_RELIC","is_daily":false,"chose_seed":false,"campfire_upgraded":2,"win_rate":0.0,"timestamp":1609480959,"path_taken":["M","M","?","M","?","E","?","E","T","R","$","M","M","M","R_BF","BOSS","M","M","?","?","M","E","$","R","T","E","?","M","R","E","R_BF","BOSS"],"items_purchased_type":["Relic","Card","Relic"],"build_version":"2020-12-22","purchased_purges":1,"victory":false,"max_hp_per_floor":[75,75,75,75,75,75,75,75,75,75,75,75,75,75,75,75,75,75,75,75,75,75,75,75,75,75,82,1,1,1,1,1,1,1],"card_choices":[{"not_picked":["Go for the Eyes","Conserve Battery"],"picked":"Fusion","floor":1.0},{"not_picked":["Rebound","Hologram"],"picked":"Redo","floor":2.0},{"not_picked":["Sweeping Beam","Cold Snap"],"picked":"Leap","floor":4.0},{"not_picked":["hubris:PowerSurge","Beam Cell"],"picked":"Panic Button","floor":5.0},{"not_picked":["Consume","Sweeping Beam"],"picked":"Rip and Tear","floor":6.0},{"not_picked":["Conserve Battery","Coolheaded"],"picked":"Amplify","floor":8.0},{"not_picked":["Sweeping Beam","Hologram"],"picked":"FIFO Queue","floor":12.0},{"not_picked":["Go for the Eyes","FTL"],"picked":"Echo Form","floor":13.0},{"not_picked":["Reinforced Body","Gash"],"picked":"Conserve Battery","floor":14.0},{"not_picked":["Fission","hubris:SpecializedCircuitry"],"picked":"Mirror Shield","floor":16.0},{"not_picked":["Panic Button","Redo"],"picked":"Auto Shields","floor":18.0},{"not_picked":["Steam+1","ReplayTheSpireMod:GoodbyeWorld"],"picked":"Gash+1","floor":19.0},{"not_picked":["Glacier","Streamline"],"picked":"Storm","floor":22.0},{"not_picked":["Cold Snap","Tempest+1"],"picked":"Auto Shields+1","floor":23.0},{"not_picked":["Coolheaded+1","Biased Cognition"],"picked":"Aggregate","floor":27.0},{"not_picked":["Genetic Algorithm","Sweeping Beam"],"picked":"Panic Button","floor":29.0},{"not_picked":["ReplaySolidLightProjector+1","Ball Lightning+1"],"picked":"Force Field","floor":31.0}],"player_experience":197840,"relics_obtained":[{"floor":6.0,"key":"CaptainsWheel"},{"floor":8.0,"key":"Juzu Bracelet"},{"floor":9.0,"key":"aspiration:FetidBarrel"},{"floor":15.0,"key":"InkBottle"},{"floor":17.0,"key":"Blue Doll"},{"floor":17.0,"key":"aspiration:HummingbirdHeart"},{"floor":17.0,"key":"hubris:GlazedTorus"},{"floor":23.0,"key":"FossilizedHelix"},{"floor":26.0,"key":"Iron Hammer"},{"floor":27.0,"key":"Strawberry"},{"floor":31.0,"key":"Omamori"}],"event_choices":[{"cards_removed":["Fusion"],"damage_healed":0.0,"max_hp_gain":0.0,"max_hp_loss":0.0,"gold_gain":0.0,"event_name":"Bonfire Elementals","player_choice":"Offered Uncommon","floor":3.0,"gold_loss":0.0,"damage_taken":0.0},{"damage_healed":0.0,"max_hp_gain":0.0,"max_hp_loss":0.0,"gold_gain":175.0,"event_name":"Liars Game","player_choice":"AGREE","floor":7.0,"gold_loss":0.0,"damage_taken":0.0,"cards_obtained":["Doubt"]},{"damage_healed":0.0,"max_hp_gain":0.0,"max_hp_loss":0.0,"gold_gain":0.0,"event_name":"Match and Keep!","player_choice":"1 cards matched","floor":20.0,"gold_loss":0.0,"damage_taken":0.0,"cards_obtained":["hubris:Insight"]}],"is_beta":false,"boss_relics":[{"not_picked":["SacredBark","hubris:Backtick"],"picked":"Calling Bell"}],"items_purged_floors":[11],"is_endless":false,"potions_floor_spawned":[1,5,6,12,13,14,22,27,29,31],"killed_by":"Automaton","ascension_level":5}}