{"host":"d64axfghkv1zq619","time":1609475037,"event":{"mods":["BaseMod","Better Third Choice","Custom Start","Defuse TimeMaze Blight","Downfall","Friendly Minions","Infinite Spire","Minty Spire (QoL Compilation)","Shade Mod","Spicy Shops","StSLib","The Elementalist","The Marked"],"gold_per_floor":[99,113,129,139,139,64,89,29,44,66,96,107,32,46,58,158,158,158,158,172,172,172,172,172,107,107,134,151,76,92,103,119,119,119],"floor_reached":33,"playtime":4151,"items_purged":["elementalist:Defend_Elemblue"],"score":344,"play_id":"1f911dd7-9e9b-457d-bcd6-e8cd450dec3b","local_time":"20201231212357","is_ascension_mode":false,"campfire_choices":[{"floor":1,"key":"RECALL"},{"data":"elementalist:Earth_Emblem","floor":6,"key":"SMITH"},{"data":"elementalist:Caution","floor":13,"key":"SMITH"},{"data":"elementalist:Fire_Emblem","floor":18,"key":"SMITH"},{"data":"elementalist:Fire_Emblem","floor":23,"key":"SMITH"},{"data":"elementalist:Gaian_Form","floor":26,"key":"SMITH"},{"data":"elementalist:Magma_Shot","floor":29,"key":"SMITH"}],"circlet_count":0,"master_deck":["elementalist:Water_Emblem","elementalist:Fire_Emblem+1","elementalist:Earth_Emblem+1","elementalist:Strike+Elemblue","elementalist:Defend_Elemblue","elementalist:Defend_Elemblue","elementalist:Defend_Elemblue","elementalist:Defend_Elemblue","elementalist:Firestrike","elementalist:Earthstrike","elementalist:Waterstrike","elementalist:Airstrike","elementalist:Crystal_Chalk","elementalist:Wards","elementalist:Prepared_Sand","elementalist:Wards","elementalist:Kiln","elementalist:Mist","elementalist:Wards","elementalist:Caution+1","elementalist:Gaian_Form+1","elementalist:Aegis","elementalist:Wards","elementalist:Cauterize","elementalist:Fire_Emblem+1","elementalist:Magma_Shot+1","elementalist:Momentum+1","elementalist:Solar_Form+1","elementalist:Geomancy+1","elementalist:Wards"],"relics":["elementalistmod:MagusStaff","elementalistmod:RedRibbon","elementalistmod:YellowCirclet","downfall:HeartBlessingRed","Odd Mushroom","Smiling Mask","downfall:HeartBlessingBlue","infinitespire:Cupcake","Ice Cream","Anchor","downfall:HeartBlessingGreen"],"acts_visited":["Exordium","TheCity"],"potions_floor_usage":[9,11,11,16,16,16,27,28,33,33],"damage_taken":[{"damage":0,"enemies":"Cultist","floor":2,"turns":4},{"damage":5,"enemies":"Small Slimes","floor":3,"turns":5},{"damage":0,"enemies":"2 Louse","floor":4,"turns":2},{"damage":1,"enemies":"downfall:FleeingMerchant","floor":8,"turns":4},{"damage":0,"enemies":"Large Slime","floor":9,"turns":5},{"damage":1,"enemies":"The Mushroom Lair","floor":10,"turns":5},{"damage":0,"enemies":"Gremlin Nob","floor":11,"turns":3},{"damage":0,"enemies":"Lots of Slimes","floor":12,"turns":3},{"damage":1,"enemies":"2 Fungi Beasts","floor":14,"turns":5},{"damage":0,"enemies":"3 Louse","floor":15,"turns":5},{"damage":5,"enemies":"downfall:Watcher","floor":16,"turns":17},{"damage":1,"enemies":"3 Byrds","floor":20,"turns":9},{"damage":0,"enemies":"downfall:FleeingMerchant","floor":25,"turns":4},{"damage":48,"enemies":"Gremlin Leader","floor":27,"turns":13},{"damage":3,"enemies":"Snake Plant","floor":28,"turns":7},{"damage":0,"enemies":"Centurion and Healer","floor":30,"turns":8},{"damage":1,"enemies":"3 Cultists","floor":31,"turns":8},{"damage":10,"enemies":"Sentry and Sphere","floor":32,"turns":6},{"damage":27,"enemies":"downfall:Ironclad","floor":33,"turns":9}],"seed_played":"-3326935380965461418","potions_obtained":[{"floor":2,"key":"FearPotion"},{"floor":3,"key":"Fire Potion"},{"floor":9,"key":"infinitespire:BlackPotion"},{"floor":11,"key":"AttackPotion"},{"floor":12,"key":"PowerPotion"},{"floor":15,"key":"AttackPotion"},{"floor":20,"key":"Explosive Potion"},{"floor":27,"key":"Fruit Juice"},{"floor":30,"key":"EssenceOfSteel"},{"floor":31,"key":"GamblersBrew"}],"is_trial":false,"path_per_floor":["R","M","M","M","?","R","T","$","M","?","E","M","R","M","M","B",null,"R","?","M","?","?","R","T","$","R","E","M","R","M","M","M","B"],"character_chosen":"THE_ELEMENTALIST","items_purchased":["elementalist:Mist"],"campfire_rested":0,"item_purchase_floors":[8],"current_hp_per_floor":[77,77,72,72,72,72,72,71,71,70,70,70,80,79,79,74,87,87,87,86,86,69,69,69,69,69,21,23,23,23,22,12,0,0],"gold":119,"neow_bonus":"TEN_PERCENT_HP_BONUS","is_daily":false,"chose_seed":false,"campfire_upgraded":6,"win_rate":0.0,"timestamp":1609475037,"path_taken":["R","M","?","M","?","R","T","?","M","?","E","M","R","M","M","BOSS","R","?","M","?","?","R","T","$","R","E","M","R","M","M","M","BOSS"],"items_purchased_type":["Card"],"build_version":"2020-12-22","purchased_purges":1,"victory":false,"max_hp_per_floor":[77,77,77,77,77,77,77,77,77,77,77,77,87,87,87,87,87,87,87,87,87,92,92,92,92,92,92,97,97,97,97,97,97,97],"card_choices":[{"not_picked":["elementalist:Spout","elementalist:Spark"],"picked":"elementalist:Wards","floor":2},{"not_picked":["elementalist:Stone_to_Mud","elementalist:Overheat"],"picked":"elementalist:Prepared_Sand","floor":3},{"not_picked":["elementalist:Spout","elementalist:Aero"],"picked":"elementalist:Wards","floor":4},{"not_picked":["elementalist:Flame","elementalist:Stone_to_Mud"],"picked":"elementalist:Kiln","floor":8},{"not_picked":["elementalist:Rising_Tides","elementalist:Sidereal_Form"],"picked":"elementalist:Wards","floor":9},{"not_picked":["elementalist:Blaze","elementalist:Overheat"],"picked":"elementalist:Caution","floor":10},{"not_picked":["elementalist:Breeze","elementalist:Quadmire","elementalist:Flame"],"picked":"SKIP","floor":11},{"not_picked":["elementalist:Overheat","elementalist:Cauterize"],"picked":"elementalist:Gaian_Form","floor":12},{"not_picked":["elementalist:Wards","elementalist:Emberveil"],"picked":"elementalist:Aegis","floor":14},{"not_picked":["elementalist:Overheat","elementalist:Blaze"],"picked":"elementalist:Wards","floor":15},{"not_picked":["elementalist:Flame","elementalist:Aegis"],"picked":"elementalist:Cauterize","floor":20},{"not_picked":["elementalist:Gaian_Form","elementalist:Spout"],"picked":"elementalist:Magma_Shot","floor":25},{"not_picked":["elementalist:Mage_Hand","elementalist:Breeze"],"picked":"elementalist:Momentum+1","floor":27},{"not_picked":["elementalist:Momentum+1","elementalist:Prepared_Sand+1","elementalist:Aero+1"],"picked":"SKIP","floor":28},{"not_picked":["elementalist:Blaze","elementalist:Cyclone"],"picked":"elementalist:Geomancy+1","floor":30},{"not_picked":["elementalist:Flame","elementalist:Blaze","elementalist:Fission_Lance+1"],"picked":"SKIP","floor":31},{"not_picked":["elementalist:Fission_Lance","elementalist:Stone_to_Mud"],"picked":"elementalist:Wards","floor":32}],"player_experience":551078,"relics_obtained":[{"floor":10,"key":"Odd Mushroom"},{"floor":11,"key":"Smiling Mask"},{"floor":24,"key":"Ice Cream"},{"floor":27,"key":"Anchor"}],"event_choices":[{"damage_healed":0,"gold_gain":0,"player_choice":"Fought Mushrooms","damage_taken":0,"max_hp_gain":0,"max_hp_loss":0,"event_name":"Mushrooms","floor":10,"gold_loss":0},{"damage_healed":0,"gold_gain":0,"player_choice":"Ignored","damage_taken":0,"max_hp_gain":0,"max_hp_loss":0,"event_name":"Vampires","floor":19,"gold_loss":0}],"is_beta":false,"boss_relics":[{"not_picked":["Cursed Key","Busted Crown"],"picked":"infinitespire:Cupcake"}],"items_purged_floors":[25],"is_endless":false,"potions_floor_spawned":[2,3,9,11,12,15,20,27,30,31],"killed_by":"downfall:Ironclad","ascension_level":0}}