{"host":"y2d5jdk6et74e3ks","time":1609469062,"event":{"mods":["BaseMod","Colored Map","Downfall","Hubris","Minty Spire (QoL Compilation)","Replay The Spire","StSLib"],"gold_per_floor":[111,111,129,148,167,8,8,8,8,37,37,37,71,81,81,177,177,193,193,66,77,77,106,106,114,114],"floor_reached":25,"playtime":1267,"items_purged":["CommonCold"],"score":267,"play_id":"7ea2dba6-230c-49f0-94db-913ebb547c7a","local_time":"20201231214421","is_ascension_mode":true,"campfire_choices":[{"data":"Dropkick","floor":8,"key":"SMITH"},{"data":"Berserk","floor":11,"key":"SMITH"},{"floor":15,"key":"RECALL"},{"data":"Slimebound:CheckThePlaybook","floor":24,"key":"SMITH"}],"circlet_count":0,"master_deck":["Strike_R","Strike_R","Strike_R","Strike_R","Strike_R","Defend_R","Defend_R","Defend_R","Defend_R","Bash","Flame Barrier","Infernal Blade","Dropkick+1","ReplayTheSpireMod:Stacked","Feel No Pain+1","True Grit","Berserk+1","Bloodletting","ReplayTheSpireMod:Muscle Training","Bludgeon","Perfected Strike","J.A.X.","Rupture+1","Evolve","Slimebound:CheckThePlaybook+1","Slimebound:Icky","Heavy Blade"],"relics":["Black Blood","NeowsBlessing","Ring of Misfortune","ReplayTheSpireMod:Ring of Addiction","hubris:EmptyBottle","Potion Belt","hubris:Icosahedron","Replay:Wax Seal","Letter Opener","hubris:Towel","CaptainsWheel","Replay:Bandana"],"acts_visited":["Exordium","TheCity"],"potions_floor_usage":[5,5,10,10,10,10,13,13,16,16,18,21,21,21,23,23,23,23,23],"damage_taken":[{"damage":0,"enemies":"Jaw Worm","floor":1,"turns":1},{"damage":0,"enemies":"Small Slimes","floor":3,"turns":1},{"damage":0,"enemies":"2 Louse","floor":4,"turns":1},{"damage":0,"enemies":"Looter","floor":5,"turns":4},{"damage":0,"enemies":"3 Sentries","floor":10,"turns":4},{"damage":6,"enemies":"Gremlin Nob","floor":13,"turns":3},{"damage":3,"enemies":"Large Slime","floor":14,"turns":7},{"damage":34,"enemies":"Fading Forest","floor":16,"turns":11},{"damage":7,"enemies":"Spheric Guardian","floor":18,"turns":4},{"damage":25,"enemies":"2 Thieves","floor":21,"turns":4},{"damage":55,"enemies":"Gremlin Leader","floor":23,"turns":6},{"damage":53,"enemies":"Slavers","floor":25,"turns":3}],"seed_played":"-3579437982887455547","potions_obtained":[{"floor":1,"key":"SpeedPotion"},{"floor":2,"key":"SmokeBomb"},{"floor":2,"key":"GamblersBrew"},{"floor":2,"key":"AttackPotion"},{"floor":5,"key":"Cursed Concoction"},{"floor":10,"key":"champ:CounterPotion"},{"floor":14,"key":"DistilledChaos"},{"floor":16,"key":"SkillPotion"},{"floor":18,"key":"Slimebound:ThreeZeroPotion"},{"floor":21,"key":"BloodPotion"}],"is_trial":false,"path_per_floor":["M","?","M","M","M","$","?","R","T","E","R","?","E","M","R_BF","B",null,"M","?","$","M","?","E","R","E"],"character_chosen":"IRONCLAD","items_purchased":["Feel No Pain+1","Strength Potion","True Grit","Rupture+1"],"campfire_rested":0,"item_purchase_floors":[6,6,6,20],"current_hp_per_floor":[80,80,80,80,80,80,80,80,78,78,78,78,78,78,78,54,78,78,78,78,65,65,52,52,0,0],"gold":114,"neow_bonus":"THREE_ENEMY_KILL","is_daily":false,"chose_seed":false,"campfire_upgraded":3,"win_rate":0.0,"timestamp":1609469061,"path_taken":["M","?","M","M","M","$","?","R","T","E","R","?","E","M","R_BF","BOSS","M","?","$","M","?","E","R","E"],"items_purchased_type":["Card","Potion","Card","Card"],"build_version":"2020-12-22","purchased_purges":1,"victory":false,"max_hp_per_floor":[80,80,80,80,80,80,80,80,78,78,78,78,78,78,78,78,78,78,78,78,78,78,78,78,78,78],"card_choices":[{"not_picked":["Pommel Strike","Seeing Red"],"picked":"Flame Barrier","floor":1},{"not_picked":["Iron Wave","Pommel Strike"],"picked":"Infernal Blade","floor":3},{"not_picked":["Iron Wave","Replay:Undeath\u0027s Touch"],"picked":"Dropkick","floor":4},{"not_picked":["Cleave","Thunderclap"],"picked":"ReplayTheSpireMod:Stacked","floor":5},{"not_picked":["Bloodletting","Havoc"],"picked":"Berserk","floor":10},{"not_picked":["Replay:Undeath\u0027s Touch","Uppercut"],"picked":"Bloodletting","floor":13},{"not_picked":["Entrench","Havoc"],"picked":"ReplayTheSpireMod:Muscle Training","floor":14},{"not_picked":["Replay:Many Hands","Brutality"],"picked":"Bludgeon","floor":16},{"not_picked":["Iron Wave+1","Armaments"],"picked":"Perfected Strike","floor":18},{"not_picked":["hubris:SharpeningStone","Armaments"],"picked":"Evolve","floor":21},{"not_picked":["Run Through","ReplayTheSpireMod:Stacked+1"],"picked":"Heavy Blade","floor":23}],"player_experience":112995,"relics_obtained":[{"floor":2,"key":"Ring of Misfortune"},{"floor":2,"key":"ReplayTheSpireMod:Ring of Addiction"},{"floor":2,"key":"hubris:EmptyBottle"},{"floor":2,"key":"Potion Belt"},{"floor":9,"key":"Replay:Wax Seal"},{"floor":10,"key":"Letter Opener"},{"floor":13,"key":"CaptainsWheel"},{"floor":23,"key":"Replay:Bandana"}],"event_choices":[{"damage_healed":0,"gold_gain":0,"player_choice":"Obtain J.A.X.","damage_taken":0,"max_hp_gain":0,"max_hp_loss":0,"event_name":"Drug Dealer","floor":19,"gold_loss":0,"cards_obtained":["J.A.X."]}],"is_beta":false,"boss_relics":[{"not_picked":["Honey Jar","Coffee Dripper"],"picked":"Black Blood"}],"items_purged_floors":[20],"is_endless":false,"potions_floor_spawned":[1,5,10,14,16,18,21],"killed_by":"Slavers","ascension_level":1}}