{"host":"2lvuisjyit3p3u01","time":1609525736,"event":{"mods":["Act Like it!","BaseMod","Bestiary","Better Synergies","CapriCore","Colored Map","Colored Powertips","Duelist Mod","GifTheSpireLib","Minty Spire (QoL Compilation)","Quick Restart","Replay The Spire","StSLib"],"gold_per_floor":[137,137,137,137,148,177,194,194,239,258,274,274,299,313,313,410,410,425,17,31,81,96,161,176,203,203,203,220,270,281,298,298,396,396,413,475,322,341,15,15,31,31,31,44,78,29,49,68,68,68],"floor_reached":51,"playtime":2434,"items_purged":["theDuelist:MultiplicationOfAnts"],"score":917,"play_id":"01bfd4e2-2169-416a-ad0d-69a9261203a2","local_time":"20210101202856","is_ascension_mode":false,"campfire_choices":[{"data":"theDuelist:NaturiaMantis","floor":8,"key":"SMITH"},{"data":"theDuelist:ConvulsionNature","floor":15,"key":"SMITH"},{"data":"theDuelist:NaturiaSacredTree","floor":27,"key":"SMITH"},{"data":"theDuelist:NaturiaStinkbug","floor":32,"key":"SMITH"},{"data":"theDuelist:NaturiaHorneedle","floor":40,"key":"SMITH"},{"floor":42,"key":"REST"},{"floor":49,"key":"REST"}],"circlet_count":0,"master_deck":["theDuelist:CastleWalls","theDuelist:CastleWalls","theDuelist:CastleWalls","theDuelist:NaturiaBeast","theDuelist:NaturiaCliff","theDuelist:NaturiaTulip","theDuelist:Sparks","theDuelist:Sparks+1","theDuelist:Sparks","theDuelist:ConvulsionNature+1","theDuelist:DeltaMagnet","Doubt","theDuelist:NaturiaRosewhip","theDuelist:NaturiaDragonfly","theDuelist:NaturiaMantis+1","theDuelist:NaturiaEggplant","theDuelist:MudGolem","theDuelist:ConvulsionNature+1","theDuelist:NaturiaHorneedle+1","theDuelist:NaturiaSacredTree+1","theDuelist:NaturiaRock+1","theDuelist:NaturiaGaiastrio","theDuelist:NaturiaTulip","theDuelist:NaturiaButterfly+1","theDuelist:NaturiaTulip","theDuelist:LairWire+1","theDuelist:NaturiaGaiastrio","theDuelist:NaturiaStinkbug+1","theDuelist:GracefulCharity+1","theDuelist:Spore+1","theDuelist:NaturiaBarkion+1","theDuelist:Wiretap+1","theDuelist:MultiplicationOfAnts+1","theDuelist:MillenniumScorpion"],"relics":["theDuelist:MillenniumPuzzle","theDuelist:CardPoolRelic","theDuelist:CardPoolBasicRelic","theDuelist:BoosterPackPoolRelic","theDuelist:CardPoolAddRelic","theDuelist:CardPoolMinusRelic","theDuelist:CardPoolSaveRelic","theDuelist:CardPoolOptionsRelic","NeowsBlessing","Ring of Fury","Blue Doll","Red Skull","SsserpentHead","Bronze Scales","Philosopher\u0027s Stone","Bottled Lightning","Bag of Preparation","ReplayTheSpireMod:Shallot","Du-Vu Doll","theDuelist:BoosterPackTrapEgg","theDuelist:MetronomeRelicB","Busted Crown","Bronze Scales","theDuelist:SummonAnchor","Self Forming Clay","Eternal Feather"],"acts_visited":["Exordium","TheCity","TheBeyond"],"potions_floor_usage":[16,16,24,33,33,33,38,44,48],"damage_taken":[{"damage":0,"enemies":"2 Louse","floor":1,"turns":1},{"damage":0,"enemies":"Small Slimes","floor":5,"turns":1},{"damage":0,"enemies":"Gremlin Nob","floor":6,"turns":1},{"damage":4,"enemies":"Jaw Worm","floor":7,"turns":3},{"damage":3,"enemies":"2 Fungi Beasts","floor":10,"turns":2},{"damage":20,"enemies":"Exordium Thugs","floor":11,"turns":4},{"damage":9,"enemies":"3 Sentries","floor":13,"turns":4},{"damage":0,"enemies":"Gremlin Gang","floor":14,"turns":3},{"damage":26,"enemies":"Slime Boss","floor":16,"turns":6},{"damage":10,"enemies":"Shell Parasite","floor":18,"turns":4},{"damage":5,"enemies":"3 Byrds","floor":20,"turns":3},{"damage":0,"enemies":"Snecko","floor":22,"turns":4},{"damage":15,"enemies":"3 Cultists","floor":23,"turns":4},{"damage":0,"enemies":"Sentry and Sphere","floor":24,"turns":4},{"damage":1,"enemies":"theDuelist:KaibaA2","floor":25,"turns":4},{"damage":0,"enemies":"Cultist and Chosen","floor":28,"turns":3},{"damage":22,"enemies":"Snake Plant","floor":30,"turns":4},{"damage":9,"enemies":"Sentry and Sphere","floor":31,"turns":3},{"damage":0,"enemies":"Collector","floor":33,"turns":5},{"damage":0,"enemies":"Orb Walker","floor":35,"turns":3},{"damage":5,"enemies":"3 Darklings","floor":36,"turns":2},{"damage":38,"enemies":"Transient","floor":38,"turns":5},{"damage":37,"enemies":"Sphere and 2 Shapes","floor":41,"turns":4},{"damage":0,"enemies":"Maw","floor":44,"turns":5},{"damage":31,"enemies":"Nemesis","floor":45,"turns":7},{"damage":20,"enemies":"Writhing Mass","floor":47,"turns":4},{"damage":0,"enemies":"Transient","floor":48,"turns":5},{"damage":45,"enemies":"Time Eater","floor":50,"turns":14}],"seed_played":"45366683277830877","potions_obtained":[{"floor":1,"key":"Dexterity Potion"},{"floor":6,"key":"theDuelist:SolderPotionB"},{"floor":11,"key":"theDuelist:ExtraOrbsBottle"},{"floor":13,"key":"AttackPotion"},{"floor":16,"key":"theDuelist:WaterBottle"},{"floor":22,"key":"theDuelist:FireBottle"},{"floor":23,"key":"theDuelist:VampireVial"},{"floor":24,"key":"Toxic Potion"},{"floor":36,"key":"AttackPotion"},{"floor":41,"key":"FearPotion"},{"floor":48,"key":"SpeedPotion"}],"is_trial":false,"path_per_floor":["M","?","?","?","M","E","M","R","T","M","M","?","E","M","R","B",null,"M","$","M","?","M","M","M","E","T","R","M","?","M","M","R","B",null,"M","M","?","M","$","R","M","R","T","M","E","$","M","M","R","B",null],"character_chosen":"THE_DUELIST","items_purchased":["Bottled Lightning","Bag of Preparation","theDuelist:SummonAnchor","theDuelist:NaturiaBarkion+1","BlessingOfTheForge"],"campfire_rested":2,"item_purchase_floors":[19,19,39,39,46],"current_hp_per_floor":[80,64,64,64,106,106,102,102,102,99,79,79,70,70,70,44,122,112,112,107,107,107,92,92,91,91,91,91,91,69,60,60,60,122,122,117,117,79,79,79,42,78,78,78,47,47,27,27,81,36],"gold":68,"neow_bonus":"THREE_ENEMY_KILL","is_daily":false,"chose_seed":false,"campfire_upgraded":5,"win_rate":0.0,"timestamp":1609525736,"path_taken":["M","?","?","?","M","E","M","R","T","?","M","?","E","M","R","BOSS","M","$","M","?","M","?","M","E","T","R","M","?","M","M","R","BOSS","M","?","?","M","$","R","M","R","T","M","E","$","M","M","R","BOSS"],"items_purchased_type":["Relic","Relic","Relic","Card","Potion"],"build_version":"2020-12-22","purchased_purges":1,"victory":true,"max_hp_per_floor":[80,80,80,80,122,122,122,122,122,122,122,122,122,122,122,122,122,122,122,122,122,122,122,122,122,122,122,122,122,122,122,122,122,122,122,122,122,122,122,122,122,122,122,122,122,122,122,122,122,122],"card_choices":[{"not_picked":["theDuelist:VenomShot","theDuelist:FrozenRose","theDuelist:LeodrakeMane","theDuelist:BarkionBark"],"picked":"theDuelist:ConvulsionNature","floor":1},{"not_picked":["theDuelist:NaturiaEggplant","theDuelist:LonefireBlossom","theDuelist:NaturiaMarron","theDuelist:NaturiaSpiderfang"],"picked":"theDuelist:NaturiaRosewhip","floor":5},{"not_picked":["theDuelist:NaturiaHydrangea","theDuelist:NaturiaSpiderfang","theDuelist:BrainCrusher","theDuelist:NaturiaGuardian"],"picked":"theDuelist:NaturiaDragonfly","floor":6},{"not_picked":["theDuelist:NaturiaCliff","theDuelist:NaturiaHydrangea","theDuelist:FossilDig","theDuelist:NaturiaAntjaw"],"picked":"theDuelist:NaturiaMantis","floor":7},{"not_picked":["theDuelist:NaturiaHydrangea","theDuelist:NaturiaDragonfly","theDuelist:NaturiaCliff","theDuelist:NaturiaMosquito"],"picked":"theDuelist:NaturiaEggplant","floor":10},{"not_picked":["theDuelist:AttackTheMoon","theDuelist:Mudora","theDuelist:MudragonSwamp","theDuelist:MillenniumGolem"],"picked":"theDuelist:MudGolem","floor":11},{"not_picked":["theDuelist:NaturiaLeodrake","theDuelist:NatureReflection","theDuelist:Anteater","theDuelist:NaturiaVein"],"picked":"theDuelist:ConvulsionNature","floor":13},{"not_picked":["theDuelist:ConvulsionNature","theDuelist:NatureReflection","theDuelist:NaturalDisaster","theDuelist:LeodrakeMane"],"picked":"SKIP","floor":14},{"not_picked":["theDuelist:NaturiaForest","theDuelist:DemiseLand","theDuelist:NaturiaVein","theDuelist:Canyon"],"picked":"theDuelist:NaturiaHorneedle","floor":16},{"not_picked":["theDuelist:ConvulsionNature","theDuelist:NaturalDisaster","theDuelist:Anteater"],"picked":"theDuelist:NaturiaSacredTree","floor":18},{"not_picked":["theDuelist:CopyPlant","theDuelist:NaturiaButterfly","theDuelist:ExterioFang","theDuelist:BarkionBark+1"],"picked":"theDuelist:NaturiaRock+1","floor":20},{"not_picked":["theDuelist:NaturiaRock","theDuelist:CrystalRose","theDuelist:NaturiaLandoise","theDuelist:NaturiaCliff"],"picked":"theDuelist:NaturiaGaiastrio","floor":22},{"not_picked":["theDuelist:NaturiaHydrangea","theDuelist:Spore","theDuelist:NaturiaRosewhip+1","theDuelist:NaturiaBeans"],"picked":"theDuelist:NaturiaTulip","floor":23},{"not_picked":["theDuelist:NaturiaParadizo","theDuelist:NaturiaStrawberry","theDuelist:NaturiaWhiteOak","theDuelist:NaturiaDragonfly"],"picked":"theDuelist:NaturiaButterfly+1","floor":24},{"not_picked":["theDuelist:NaturiaHydrangea","theDuelist:LonefireBlossom","theDuelist:SummoningSwarm","theDuelist:NaturiaRagweed"],"picked":"theDuelist:NaturiaTulip","floor":25},{"not_picked":["theDuelist:NatureReflection+1","theDuelist:NaturalDisaster+1","theDuelist:LeodrakeMane","theDuelist:Anteater"],"picked":"theDuelist:LairWire+1","floor":28},{"not_picked":["theDuelist:NaturiaGuardian","theDuelist:NaturiaMantis","theDuelist:NaturiaLandoise","theDuelist:NaturiaPumpkin"],"picked":"theDuelist:NaturiaGaiastrio","floor":30},{"not_picked":["theDuelist:NaturiaDragonfly+1","theDuelist:NaturiaSunflower","theDuelist:LonefireBlossom","theDuelist:NatureReflection+1"],"picked":"theDuelist:NaturiaStinkbug","floor":31},{"not_picked":["theDuelist:DemiseLand","theDuelist:ClosedForest","theDuelist:Canyon","theDuelist:NaturiaHorneedle"],"picked":"theDuelist:MultiplicationOfAnts","floor":33},{"not_picked":["theDuelist:NaturiaMantis+1","theDuelist:NaturiaEggplant+1"],"picked":"theDuelist:GracefulCharity+1","floor":35},{"not_picked":["theDuelist:SurvivalInstinct+1","theDuelist:NaturalDisaster+1","theDuelist:BottomlessTrapHole+1"],"picked":"SKIP","floor":36},{"not_picked":["theDuelist:LuminousMoss","theDuelist:ExterioFang"],"picked":"theDuelist:Spore+1","floor":38},{"not_picked":["theDuelist:FuryFire+1","theDuelist:LuminousMoss+1"],"picked":"theDuelist:Wiretap+1","floor":41},{"not_picked":["theDuelist:NaturiaBeans+1","theDuelist:NatureReflection+1"],"picked":"theDuelist:MultiplicationOfAnts+1","floor":44},{"not_picked":["theDuelist:NaturiaCliff+1","theDuelist:Spore+1","theDuelist:NaturiaEggplant"],"picked":"SKIP","floor":45},{"not_picked":["theDuelist:NaturiaEggplant+1","theDuelist:NaturiaTulip","theDuelist:NaturiaBeans+1"],"picked":"SKIP","floor":47},{"not_picked":["theDuelist:Polymerization+1","theDuelist:PotDichotomy+1"],"picked":"theDuelist:MillenniumScorpion","floor":48}],"player_experience":234488,"relics_obtained":[{"floor":4,"key":"Ring of Fury"},{"floor":6,"key":"Blue Doll"},{"floor":9,"key":"Red Skull"},{"floor":13,"key":"Bronze Scales"},{"floor":25,"key":"Du-Vu Doll"},{"floor":26,"key":"theDuelist:BoosterPackTrapEgg"},{"floor":43,"key":"Self Forming Clay"},{"floor":45,"key":"Eternal Feather"}],"event_choices":[{"damage_healed":0,"gold_gain":0,"player_choice":"Entered Light","damage_taken":16,"max_hp_gain":0,"max_hp_loss":0,"event_name":"Shining Light","floor":2,"gold_loss":0,"cards_upgraded":["theDuelist:Sparks","theDuelist:ConvulsionNature"]},{"damage_healed":0,"gold_gain":0,"player_choice":"Delta Electro","duelist":true,"damage_taken":0,"max_hp_gain":0,"max_hp_loss":0,"event_name":"Egyptian Village","floor":3,"gold_loss":0,"cards_obtained":["Delta Electromagnet Warrior"]},{"damage_healed":0,"gold_gain":0,"player_choice":"Trade","damage_taken":0,"relics_obtained":["SsserpentHead"],"max_hp_gain":0,"max_hp_loss":0,"event_name":"FaceTrader","floor":12,"gold_loss":0},{"cards_removed":["theDuelist:NaturiaRock"],"damage_healed":0,"gold_gain":0,"player_choice":"Gave Card","damage_taken":0,"relics_obtained":["ReplayTheSpireMod:Shallot"],"max_hp_gain":0,"max_hp_loss":0,"event_name":"WeMeetAgain","floor":21,"gold_loss":0},{"damage_healed":0,"gold_gain":0,"player_choice":"Duplicated Relic - Bronze Scales","duelist":true,"damage_taken":0,"max_hp_gain":0,"max_hp_loss":0,"event_name":"Relic Duplicator","floor":37,"gold_loss":0}],"is_beta":false,"boss_relics":[{"not_picked":["Pandora\u0027s Box","Ring of Chaos"],"picked":"Philosopher\u0027s Stone"},{"not_picked":["Abe\u0027s Treasure","Astrolabe"],"picked":"Busted Crown"}],"items_purged_floors":[39],"is_endless":false,"potions_floor_spawned":[1,6,11,13,14,16,22,23,24,25,36,41,48],"ascension_level":0}}