{"host":"u7lm8z2rvb4dg2oo","time":1609482843,"event":{"mods":["AchievementEnabler","BaseMod","Colored Map","Colored Powertips","Curses Come First","Googly Eyes","Highlight Path","Minty Spire (QoL Compilation)","Quick Restart","StSLib"],"gold_per_floor":[218,228,248,259,5,37,37,2,27,27,60,23,37,37,37,138,138,158,73,73,87,87,87,420,420,420,16,16,49,69,97,97,194,194,212,212,262,181,200,200,235,235,235,269,269,279,326,101,101,101,101,101,11,42,42],"floor_reached":56,"playtime":3141,"items_purged":["Strike_G+1"],"score":1364,"play_id":"5195659d-24d7-4866-be13-c4ef38c55734","local_time":"20210101013403","is_ascension_mode":true,"campfire_choices":[{"data":"Dash","floor":7,"key":"SMITH"},{"data":"Caltrops","floor":10,"key":"SMITH"},{"data":"Cloak And Dagger","floor":15,"key":"SMITH"},{"data":"Bullet Time","floor":23,"key":"SMITH"},{"data":"Quick Slash","floor":25,"key":"SMITH"},{"data":"Neutralize","floor":28,"key":"SMITH"},{"floor":32,"key":"REST"},{"floor":40,"key":"RECALL"},{"floor":42,"key":"REST"},{"floor":49,"key":"REST"},{"floor":52,"key":"REST"}],"circlet_count":0,"master_deck":["Strike_G+1","Strike_G+1","Strike_G+1","Defend_G+1","Defend_G+1","Defend_G+1","Defend_G+1","Survivor","Neutralize+1","Dash+1","Backflip","Quick Slash+1","Cloak And Dagger+1","Caltrops+1","Backstab+1","Predator+1","Bullet Time+1","Endless Agony+1","Endless Agony+1","Slice+1","Envenom","Distraction+1","Blade Dance+1","Infinite Blades","Slice+1","Slice+1","Cloak And Dagger+1","Endless Agony+1","Caltrops"],"relics":["Ring of the Snake","Molten Egg 2","Art of War","Bronze Scales","Whetstone","WristBlade","Mercury Hourglass","Old Coin","Kunai","Strange Spoon","Lizard Tail","InkBottle","Fusion Hammer","Torii","Bottled Tornado","Bird Faced Urn","Akabeko","CaptainsWheel","Vajra","Bag of Marbles"],"acts_visited":["Exordium","TheCity","TheBeyond","TheEnding"],"potions_floor_usage":[11,11,16,33,33,47,50,55],"damage_taken":[{"damage":0,"enemies":"Cultist","floor":1,"turns":5},{"damage":1,"enemies":"2 Louse","floor":2,"turns":4},{"damage":0,"enemies":"Small Slimes","floor":3,"turns":3},{"damage":1,"enemies":"Looter","floor":4,"turns":4},{"damage":17,"enemies":"3 Sentries","floor":6,"turns":9},{"damage":12,"enemies":"Gremlin Nob","floor":11,"turns":4},{"damage":2,"enemies":"Blue Slaver","floor":13,"turns":2},{"damage":3,"enemies":"The Guardian","floor":16,"turns":11},{"damage":0,"enemies":"3 Byrds","floor":18,"turns":2},{"damage":9,"enemies":"2 Thieves","floor":21,"turns":3},{"damage":3,"enemies":"Slavers","floor":24,"turns":5},{"damage":0,"enemies":"Gremlin Leader","floor":29,"turns":3},{"damage":0,"enemies":"Snake Plant","floor":30,"turns":2},{"damage":1,"enemies":"Slavers","floor":31,"turns":4},{"damage":37,"enemies":"Champ","floor":33,"turns":11},{"damage":5,"enemies":"3 Shapes","floor":35,"turns":3},{"damage":0,"enemies":"Mind Bloom Boss Battle","floor":37,"turns":3},{"damage":0,"enemies":"3 Darklings","floor":39,"turns":3},{"damage":14,"enemies":"Reptomancer","floor":41,"turns":4},{"damage":24,"enemies":"Nemesis","floor":44,"turns":5},{"damage":1,"enemies":"Sphere and 2 Shapes","floor":46,"turns":3},{"damage":10,"enemies":"2 Orb Walkers","floor":47,"turns":4},{"damage":62,"enemies":"Awakened One","floor":50,"turns":8},{"damage":20,"enemies":"Shield and Spear","floor":54,"turns":3},{"damage":73,"enemies":"The Heart","floor":55,"turns":7}],"seed_played":"-3568202724966963572","potions_obtained":[{"floor":1,"key":"BlessingOfTheForge"},{"floor":2,"key":"Strength Potion"},{"floor":13,"key":"Regen Potion"},{"floor":16,"key":"LiquidBronze"},{"floor":18,"key":"DuplicationPotion"},{"floor":21,"key":"AttackPotion"},{"floor":31,"key":"DistilledChaos"},{"floor":33,"key":"Block Potion"},{"floor":37,"key":"Ancient Potion"},{"floor":54,"key":"GamblersBrew"}],"is_trial":false,"path_per_floor":["M","M","M","M","$","E","R","?","T","R","E","?","M","?","R","B",null,"M","?","?","M","?","R","E","R","T","$","R","E","M","E","R","B",null,"M","?","?","$","M","R","E","R","T","E","?","M","?","$","R","B",null,"R","$","E","B",null],"character_chosen":"THE_SILENT","items_purchased":["Molten Egg 2","Kunai","Strange Spoon","Infinite Blades","Vajra","Strength Potion","Caltrops"],"campfire_rested":4,"item_purchase_floors":[5,27,27,38,48,53,53],"current_hp_per_floor":[70,69,69,68,68,51,51,68,68,68,56,56,54,47,47,59,70,70,70,70,61,61,61,58,58,58,58,58,58,58,57,70,33,70,65,65,65,65,65,65,51,70,70,46,46,47,43,43,64,8,70,70,70,52,34],"gold":42,"neow_bonus":"HUNDRED_GOLD","is_daily":false,"chose_seed":false,"campfire_upgraded":6,"win_rate":0.0,"timestamp":1609482843,"path_taken":["M","M","?","M","$","E","R","?","T","R","E","?","M","?","R","BOSS","M","?","?","M","?","R","E","R","T","?","R","E","M","E","R","BOSS","M","?","?","$","M","R","E","R","T","E","?","M","?","?","R","BOSS","R","$","E","BOSS"],"items_purchased_type":["Relic","Relic","Relic","Card","Relic","Potion","Card"],"build_version":"2020-12-22","purchased_purges":1,"victory":true,"max_hp_per_floor":[70,70,70,70,70,70,70,70,70,70,70,70,70,70,70,70,70,70,70,70,70,70,70,70,70,70,70,70,70,70,70,70,70,70,70,70,70,70,70,70,70,70,70,70,70,70,70,70,70,70,70,70,70,70,70],"card_choices":[{"not_picked":["Underhanded Strike","Dodge and Roll"],"picked":"Dash","floor":1},{"not_picked":["Quick Slash","Finisher"],"picked":"Backflip","floor":2},{"not_picked":["Catalyst","Deadly Poison"],"picked":"Quick Slash","floor":3},{"not_picked":["Slice","Dagger Throw"],"picked":"Cloak And Dagger","floor":4},{"not_picked":["Quick Slash+1","Acrobatics"],"picked":"Caltrops","floor":6},{"not_picked":["Dagger Spray+1","Grand Finale+1"],"picked":"Backstab+1","floor":11},{"not_picked":["Blade Dance","Quick Slash+1"],"picked":"Predator+1","floor":13},{"not_picked":["Tools of the Trade","A Thousand Cuts"],"picked":"Bullet Time","floor":16},{"not_picked":["Finisher+1","Poisoned Stab+1"],"picked":"Endless Agony+1","floor":18},{"not_picked":["Crippling Poison","Quick Slash+1","Predator+1"],"picked":"SKIP","floor":21},{"not_picked":["Dagger Throw+1","Prepared"],"picked":"Endless Agony+1","floor":24},{"not_picked":["Acrobatics","Outmaneuver"],"picked":"Slice+1","floor":29},{"not_picked":["Eviscerate+1","Dagger Spray+1","Quick Slash+1"],"picked":"SKIP","floor":30},{"not_picked":["Dagger Throw+1","Bane+1","Calculated Gamble"],"picked":"SKIP","floor":31},{"not_picked":["Night Terror","Unload+1"],"picked":"Envenom","floor":33},{"not_picked":["Heel Hook+1","Deflect+1"],"picked":"Distraction+1","floor":35},{"not_picked":["Setup+1","Flechettes+1"],"picked":"Blade Dance+1","floor":37},{"not_picked":["Crippling Poison","Blade Dance+1"],"picked":"Slice+1","floor":39},{"not_picked":["Leg Sweep","PiercingWail+1","Catalyst+1"],"picked":"SKIP","floor":41},{"not_picked":["Finisher+1","Deadly Poison+1"],"picked":"Slice+1","floor":44},{"not_picked":["Slice+1","Prepared+1"],"picked":"Cloak And Dagger+1","floor":46},{"not_picked":["Eviscerate+1","Poisoned Stab+1"],"picked":"Endless Agony+1","floor":47},{"not_picked":["Backflip+1","Deadly Poison","Concentrate+1"],"picked":"SKIP","floor":54}],"player_experience":1020740,"relics_obtained":[{"floor":6,"key":"Art of War"},{"floor":9,"key":"Bronze Scales"},{"floor":11,"key":"Whetstone"},{"floor":24,"key":"Old Coin"},{"floor":29,"key":"Lizard Tail"},{"floor":31,"key":"InkBottle"},{"floor":37,"key":"Torii"},{"floor":41,"key":"Bottled Tornado"},{"floor":43,"key":"Bird Faced Urn"},{"floor":44,"key":"Akabeko"},{"floor":47,"key":"CaptainsWheel"},{"floor":54,"key":"Bag of Marbles"}],"event_choices":[{"damage_healed":17,"gold_gain":0,"player_choice":"Healed","damage_taken":0,"max_hp_gain":0,"max_hp_loss":0,"event_name":"The Cleric","floor":8,"gold_loss":35},{"damage_healed":0,"gold_gain":0,"player_choice":"Left Gold","damage_taken":0,"max_hp_gain":0,"max_hp_loss":0,"event_name":"World of Goop","floor":12,"gold_loss":37},{"cards_removed":["Strike_G"],"damage_healed":0,"gold_gain":0,"player_choice":"Card Removal","damage_taken":7,"max_hp_gain":0,"max_hp_loss":0,"event_name":"Golden Wing","floor":14,"gold_loss":0},{"damage_healed":0,"gold_gain":0,"player_choice":"Obtained Relic","damage_taken":0,"relics_obtained":["Mercury Hourglass"],"max_hp_gain":0,"max_hp_loss":0,"event_name":"Addict","floor":19,"gold_loss":85},{"damage_healed":0,"gold_gain":0,"player_choice":"Simplicity","damage_taken":0,"max_hp_gain":0,"max_hp_loss":0,"event_name":"Back to Basics","floor":20,"gold_loss":0,"cards_upgraded":["Strike_G","Strike_G","Defend_G","Defend_G","Defend_G","Defend_G","Defend_G"]},{"damage_healed":0,"gold_gain":0,"player_choice":"Ignored","damage_taken":0,"max_hp_gain":0,"max_hp_loss":0,"event_name":"Beggar","floor":22,"gold_loss":0},{"cards_removed":["Defend_G"],"damage_healed":0,"gold_gain":0,"player_choice":"Removed Skill","damage_taken":0,"max_hp_gain":0,"max_hp_loss":0,"event_name":"Falling","floor":36,"gold_loss":0},{"damage_healed":0,"gold_gain":0,"player_choice":"Fight","damage_taken":0,"max_hp_gain":0,"max_hp_loss":0,"event_name":"MindBloom","floor":37,"gold_loss":0},{"damage_healed":0,"gold_gain":0,"player_choice":"Memory 1","damage_taken":0,"max_hp_gain":0,"max_hp_loss":0,"event_name":"SensoryStone","floor":45,"gold_loss":0},{"damage_healed":0,"gold_gain":0,"player_choice":"Fight","damage_taken":0,"max_hp_gain":0,"max_hp_loss":0,"event_name":"Mysterious Sphere","floor":47,"gold_loss":0}],"is_beta":false,"boss_relics":[{"not_picked":["Velvet Choker","HoveringKite"],"picked":"WristBlade"},{"not_picked":["SlaversCollar","Busted Crown"],"picked":"Fusion Hammer"}],"items_purged_floors":[48],"is_endless":false,"potions_floor_spawned":[1,2,13,16,18,21,31,33,37,39,41,44,54],"ascension_level":2}}