{"host":"e8rlfedn69rz2s07","time":1609467251,"event":{"mods":["Act Like it!","BaseMod","Conspire","Hubris","Infinite Spire","Minty Spire (QoL Compilation)","Permanent Neow","Relic Stats","Replay The Spire","Shop Mod","StSLib","The Jungle"],"gold_per_floor":[213,223,223,12,32,32,62,62,62,76,76,103,122,138,138,211,211,227,237,237,237,5,5,37,37,89,116,116,149,149,166,166,166,166],"floor_reached":33,"playtime":2127,"items_purged":["Strike_G"],"score":726,"play_id":"e881ffe4-db0e-48c0-b678-3e82f42b0fa1","local_time":"20210101041410","is_ascension_mode":true,"campfire_choices":[{"data":"Well Laid Plans","floor":6.0,"key":"SMITH"},{"data":"Footwork","floor":15.0,"key":"SMITH"},{"data":"conspire:PoisonWeapons","floor":28,"key":"SMITH"},{"data":"Deadly Poison","floor":30,"key":"SMITH"},{"floor":32,"key":"REST"}],"circlet_count":0,"master_deck":["AscendersBane","Strike_G","Strike_G","Strike_G","Defend_G","Defend_G","Defend_G","Defend_G","Defend_G","Survivor","Neutralize","PiercingWail","Quick Slash","Dagger Spray+1","Leg Sweep","Well Laid Plans+1","Footwork+1","Tools of the Trade","Escape Plan","Burst","Dodge and Roll","Replay:Poison Smokescreen","Wraith Form v2","Deadly Poison","Blur","Deadly Poison+1","conspire:PoisonWeapons+1","PiercingWail"],"relics":["Ring of the Snake","hubris:PeanutButter","Replay:Baseball","StrikeDummy","hubris:Backtick","OrangePellets","hubris:EmptyBottle","Ice Cream","Boot","Anchor","Strawberry","Gremlin Horn"],"acts_visited":["Exordium","Exordium"],"potions_floor_usage":[29,31,33,33,33],"damage_taken":[{"damage":0.0,"enemies":"Jaw Worm","floor":1.0,"turns":6.0},{"damage":5.0,"enemies":"conspire:RoseBush","floor":2.0,"turns":7.0},{"damage":0.0,"enemies":"Small Slimes","floor":5.0,"turns":4.0},{"damage":5.0,"enemies":"Replay:BlueRogue","floor":7.0,"turns":11.0},{"damage":0.0,"enemies":"Gremlin Gang","floor":10.0,"turns":4.0},{"damage":21.0,"enemies":"Gremlin Nob","floor":12.0,"turns":6.0},{"damage":0.0,"enemies":"conspire:2 RoseBushes","floor":13.0,"turns":7.0},{"damage":0.0,"enemies":"Large Slime","floor":14.0,"turns":6.0},{"damage":0.0,"enemies":"Hexaghost","floor":16.0,"turns":8.0},{"damage":7.0,"enemies":"theJungle:5_Spyders","floor":18.0,"turns":13.0},{"damage":1.0,"enemies":"Shell Parasite","floor":19.0,"turns":7.0},{"damage":27.0,"enemies":"theJungle:Cassacara","floor":24.0,"turns":12.0},{"damage":1,"enemies":"theJungle:2_Phrogs","floor":27,"turns":11},{"damage":5,"enemies":"theJungle:Cassacara","floor":29,"turns":8},{"damage":20,"enemies":"theJungle:2_Snecko_Cultists","floor":31,"turns":7},{"damage":36,"enemies":"theJungle:TotemBoss","floor":33,"turns":7}],"seed_played":"-4734153347886051817","potions_obtained":[{"floor":7.0,"key":"Fire Potion"},{"floor":10.0,"key":"infinitespire:BlackPotion"},{"floor":14.0,"key":"Block Potion"},{"floor":16.0,"key":"Weak Potion"},{"floor":18.0,"key":"Swift Potion"},{"floor":31,"key":"Adrenaline Potion"}],"is_trial":false,"path_per_floor":["M","M","?","$","M","R","E","?","T","M","?","E","M","M","R","B",null,"M","M","?","?","$","?","E","AVR","T","E","R","E","R","M","R","B"],"character_chosen":"THE_SILENT","items_purchased":["Dagger Spray+1","Leg Sweep","Well Laid Plans","hubris:EmptyBottle"],"campfire_rested":1,"item_purchase_floors":[4,4,4,22],"current_hp_per_floor":[59,54,54,54,54,54,49,49,49,49,49,28,28,28,28,28,57,50,49,49,58,58,58,31,31,31,37,37,32,32,12,33,0,0],"gold":166,"neow_bonus":"HUNDRED_GOLD","is_daily":false,"chose_seed":false,"campfire_upgraded":4,"win_rate":0.0,"timestamp":1609467250,"path_taken":["M","M","?","$","M","R","E","?","T","M","?","E","?","M","R","BOSS","M","M","?","?","$","?","E","AVR","T","E","R","E","R","M","R","BOSS"],"items_purchased_type":["Card","Card","Card","Relic"],"build_version":"2020-12-22","purchased_purges":1,"victory":false,"max_hp_per_floor":[66,66,66,66,66,66,66,66,66,66,66,66,66,66,66,66,66,66,66,66,66,66,66,66,66,66,73,73,73,73,73,73,73,73],"relic_stats":{"OrangePellets":[9],"Gremlin Horn":[2,2],"counters":[16,124],"Boot":[27],"obtain_stats":[{"Ice Cream":24,"OrangePellets":17,"Replay:Baseball":7,"Anchor":26,"hubris:Backtick":17,"Gremlin Horn":29,"Strawberry":27,"hubris:PeanutButter":3,"hubris:EmptyBottle":22,"StrikeDummy":12,"Boot":25,"Ring of the Snake":0},{"Ice Cream":12,"OrangePellets":9,"Replay:Baseball":4,"Anchor":12,"hubris:Backtick":9,"Gremlin Horn":14,"Strawberry":13,"hubris:PeanutButter":2,"hubris:EmptyBottle":11,"StrikeDummy":6,"Boot":12,"Ring of the Snake":0},{"Ice Cream":91,"OrangePellets":59,"Replay:Baseball":28,"Anchor":91,"hubris:Backtick":59,"Gremlin Horn":110,"Strawberry":102,"hubris:PeanutButter":13,"hubris:EmptyBottle":79,"StrikeDummy":38,"Boot":91,"Ring of the Snake":0}],"Ring of the Snake":[32]},"card_choices":[{"not_picked":["Accuracy","Concentrate"],"picked":"PiercingWail","floor":1.0},{"not_picked":["Terror","ReplayTheSpireMod:Tripwire"],"picked":"Quick Slash","floor":2.0},{"not_picked":["Endless Agony","Slice","Underhanded Strike"],"picked":"SKIP","floor":5.0},{"not_picked":["ReplayTheSpireMod:Scrap Shanks","Infinite Blades","Caltrops"],"picked":"SKIP","floor":7.0},{"not_picked":["Draining Mist","Deadly Poison"],"picked":"Tools of the Trade","floor":10.0},{"not_picked":["Slice","Blade Dance"],"picked":"Burst","floor":12.0},{"not_picked":["Hidden Blade","Acrobatics"],"picked":"Dodge and Roll","floor":13.0},{"not_picked":["hubris:SlightOfHand","Flying Knee"],"picked":"Replay:Poison Smokescreen","floor":14.0},{"not_picked":["Envenom","Malaise"],"picked":"Wraith Form v2","floor":16.0},{"not_picked":["Quick Slash","Fluid Movement+1"],"picked":"Deadly Poison","floor":18.0},{"not_picked":["Finisher","Dagger Throw"],"picked":"Blur","floor":19.0},{"not_picked":["Setup","Hidden Blade"],"picked":"Deadly Poison","floor":24.0},{"not_picked":["Draining Mist","Endless Agony"],"picked":"conspire:PoisonWeapons","floor":27},{"not_picked":["Dagger Throw","Deflect","Quick Slash"],"picked":"SKIP","floor":29},{"not_picked":["Bane","hubris:Sniper"],"picked":"PiercingWail","floor":31}],"player_experience":930858,"relics_obtained":[{"floor":3.0,"key":"hubris:PeanutButter"},{"floor":7.0,"key":"Replay:Baseball"},{"floor":12.0,"key":"StrikeDummy"},{"floor":24.0,"key":"Ice Cream"},{"floor":26,"key":"Anchor"},{"floor":27,"key":"Strawberry"},{"floor":29,"key":"Gremlin Horn"}],"event_choices":[{"damage_healed":0.0,"max_hp_gain":0.0,"max_hp_loss":0.0,"gold_gain":0.0,"cards_transformed":["Strike_G"],"event_name":"Transmorgrifier","player_choice":"Transformed","floor":11.0,"gold_loss":0.0,"damage_taken":0.0,"cards_obtained":["Escape Plan"]}],"is_beta":false,"boss_relics":[{"not_picked":["Astrolabe","Ectoplasm"],"picked":"hubris:Backtick"}],"items_purged_floors":[22],"is_endless":false,"potions_floor_spawned":[7,10,14,16,18,19,27,31],"killed_by":"theJungle:TotemBoss","ascension_level":20}}