{"host":"s41rn2jhghpwfrvz","time":1609509951,"event":{"mods":["BaseMod","Minty Spire (QoL Compilation)","Quick Restart","Relic Stats","SuperFastMode"],"gold_per_floor":[114,39,56,76,92,120,120,137,137,170,170,170,205,220,220,292,292,306,320,58,72,85,112,162,162,162,187,187,87,2,33,33,105,105,121,121,146,146,146,177,177,205,205,205,237,262,39,66,66,66,66,66,66,16,48,48],"floor_reached":57,"playtime":1634,"items_purged":["Hologram","Pommel Strike","Warcry","Shockwave+1"],"score":3894,"play_id":"c2ca41c0-7292-4869-938b-4c866e64e1d1","local_time":"20210101160551","daily_mods":["SealedDeck","Diverse","Elite Swarm"],"is_ascension_mode":true,"campfire_choices":[{"data":"Steam","floor":7,"key":"PURGE"},{"data":"Predator","floor":12,"key":"PURGE"},{"data":"Go for the Eyes","floor":15,"key":"PURGE"},{"data":"Adrenaline","floor":25,"key":"SMITH"},{"data":"Body Slam","floor":28,"key":"SMITH"},{"data":"Prostrate","floor":32,"key":"SMITH"},{"data":"Madness","floor":41,"key":"SMITH"},{"data":"Offering","floor":44,"key":"SMITH"},{"floor":49,"key":"RECALL"},{"data":"Body Slam+1","floor":53,"key":"PURGE"}],"circlet_count":0,"master_deck":["AscendersBane","Acrobatics+1","Shrug It Off","Prostrate+1","Grand Finale","Offering+1","Adrenaline+1","Barricade","Master of Strategy","Madness","Madness+1"],"relics":["Burning Blood","Peace Pipe","HornCleat","Question Card","Girya","Runic Cube","Sundial","Boot","Darkstone Periapt","Bird Faced Urn","WingedGreaves","Coffee Dripper","Du-Vu Doll","Juzu Bracelet","CeramicFish","Omamori","Blood Vial","Smiling Mask","ClockworkSouvenir","Ice Cream","Bottled Lightning"],"acts_visited":["Exordium","TheCity","TheBeyond","TheEnding"],"potions_floor_usage":[56,56,56,56],"damage_taken":[{"damage":0,"enemies":"Cultist","floor":1,"turns":3},{"damage":0,"enemies":"Jaw Worm","floor":3,"turns":3},{"damage":0,"enemies":"Small Slimes","floor":4,"turns":3},{"damage":5,"enemies":"3 Louse","floor":5,"turns":3},{"damage":0,"enemies":"Lagavulin","floor":6,"turns":5},{"damage":0,"enemies":"Looter","floor":8,"turns":2},{"damage":0,"enemies":"Gremlin Nob","floor":10,"turns":3},{"damage":6,"enemies":"3 Sentries","floor":13,"turns":2},{"damage":8,"enemies":"Red Slaver","floor":14,"turns":2},{"damage":6,"enemies":"The Guardian","floor":16,"turns":2},{"damage":6,"enemies":"2 Thieves","floor":18,"turns":1},{"damage":6,"enemies":"Chosen","floor":19,"turns":1},{"damage":9,"enemies":"Snecko","floor":21,"turns":4},{"damage":6,"enemies":"Centurion and Healer","floor":22,"turns":1},{"damage":6,"enemies":"Book of Stabbing","floor":23,"turns":1},{"damage":6,"enemies":"Gremlin Leader","floor":27,"turns":2},{"damage":6,"enemies":"Slavers","floor":31,"turns":1},{"damage":6,"enemies":"Collector","floor":33,"turns":2},{"damage":6,"enemies":"3 Darklings","floor":35,"turns":1},{"damage":6,"enemies":"Mind Bloom Boss Battle","floor":37,"turns":2},{"damage":15,"enemies":"Giant Head","floor":40,"turns":2},{"damage":6,"enemies":"Reptomancer","floor":42,"turns":1},{"damage":6,"enemies":"Giant Head","floor":45,"turns":1},{"damage":6,"enemies":"Reptomancer","floor":46,"turns":1},{"damage":6,"enemies":"Giant Head","floor":48,"turns":1},{"damage":7,"enemies":"Time Eater","floor":50,"turns":4},{"damage":12,"enemies":"Awakened One","floor":51,"turns":3},{"damage":6,"enemies":"Shield and Spear","floor":55,"turns":2},{"damage":6,"enemies":"The Heart","floor":56,"turns":5}],"seed_played":"1257005340795557000","potions_obtained":[{"floor":3,"key":"FearPotion"},{"floor":4,"key":"DistilledChaos"},{"floor":6,"key":"EntropicBrew"},{"floor":45,"key":"SpeedPotion"}],"is_trial":true,"path_per_floor":["M","$","M","M","M","E","R","M","T","E","?","R","E","M","R","B",null,"M","M","$","M","M","E","?","R","T","E","R","$","?","E","R","B",null,"M","$","?","?","?","E","R","E","T","R","E","E","$","E","R","B","B",null,"R","$","E","B",null],"character_chosen":"IRONCLAD","items_purchased":["Sundial","ClockworkSouvenir"],"campfire_rested":0,"item_purchase_floors":[20,47],"current_hp_per_floor":[74,74,75,75,75,75,75,75,75,75,52,52,52,50,50,50,69,69,69,69,66,66,66,66,66,66,66,66,66,66,66,66,68,73,73,73,73,73,59,52,52,54,54,54,56,58,58,60,60,63,61,72,72,72,75,75],"gold":48,"neow_bonus":"","is_daily":false,"chose_seed":false,"campfire_upgraded":5,"win_rate":0.0,"timestamp":1609509951,"path_taken":["M","$","M","M","M","E","R","M","T","E","?","R","E","M","R","BOSS","M","M","$","M","M","E","?","R","T","E","R","$","?","E","R","BOSS","M","$","?","?","?","E","R","E","T","R","E","E","?","E","R","BOSS","BOSS","R","$","E","BOSS"],"items_purchased_type":["Relic","Relic"],"build_version":"2020-12-22","purchased_purges":4,"victory":true,"max_hp_per_floor":[75,75,75,75,75,75,75,75,75,75,75,75,75,75,75,75,75,75,75,75,75,75,75,75,75,75,75,75,75,75,75,75,75,75,75,75,75,75,75,75,75,75,75,75,75,75,75,75,75,75,75,75,75,75,75,75],"relic_stats":{"Darkstone Periapt":0,"counters":[29,64],"CeramicFish":0,"Juzu Bracelet":0,"Question Card":20,"Boot":[0],"Smiling Mask":175,"Burning Blood":144,"Peace Pipe":4,"Blood Vial":10,"Sundial":[94],"Bird Faced Urn":[13],"obtain_stats":[{"Darkstone Periapt":27,"Ice Cream":48,"Girya":13,"CeramicFish":42,"Juzu Bracelet":40,"Omamori":43,"Question Card":10,"Boot":23,"Smiling Mask":46,"Burning Blood":0,"ClockworkSouvenir":47,"Peace Pipe":6,"Du-Vu Doll":37,"Blood Vial":45,"HornCleat":9,"Sundial":20,"Bird Faced Urn":30,"WingedGreaves":31,"Coffee Dripper":34,"Bottled Lightning":55,"Runic Cube":17},{"Darkstone Periapt":16,"Ice Cream":25,"Girya":8,"CeramicFish":22,"Juzu Bracelet":21,"Omamori":22,"Question Card":7,"Boot":15,"Smiling Mask":24,"Burning Blood":0,"ClockworkSouvenir":24,"Peace Pipe":5,"Du-Vu Doll":20,"Blood Vial":23,"HornCleat":6,"Sundial":12,"Bird Faced Urn":16,"WingedGreaves":17,"Coffee Dripper":18,"Bottled Lightning":28,"Runic Cube":10},{"Darkstone Periapt":38,"Ice Cream":50,"Girya":24,"CeramicFish":47,"Juzu Bracelet":46,"Omamori":47,"Question Card":22,"Boot":36,"Smiling Mask":49,"Burning Blood":0,"ClockworkSouvenir":49,"Peace Pipe":17,"Du-Vu Doll":44,"Blood Vial":48,"HornCleat":19,"Sundial":30,"Bird Faced Urn":38,"WingedGreaves":39,"Coffee Dripper":41,"Bottled Lightning":59,"Runic Cube":28}],"Runic Cube":[23]},"card_choices":[{"not_picked":["Defragment","Heavy Blade","Consecrate"],"picked":"SKIP","floor":1},{"not_picked":["Rupture","Go for the Eyes","Perfected Strike"],"picked":"SKIP","floor":3},{"not_picked":["Doom and Gloom","CarveReality"],"picked":"Body Slam","floor":4},{"not_picked":["Streamline","Armaments","Stack"],"picked":"SKIP","floor":5},{"not_picked":["Exhume","Brilliance"],"picked":"Grand Finale","floor":6},{"not_picked":["Twin Strike","FTL","Steam"],"picked":"SKIP","floor":8},{"not_picked":["Hyperbeam","Brutality","Rainbow"],"picked":"SKIP","floor":10},{"not_picked":["Seek","Creative AI","All For One"],"picked":"Offering","floor":13},{"not_picked":["Outmaneuver","ThirdEye","Heatsinks","JustLucky"],"picked":"SKIP","floor":14},{"not_picked":["Immolate","Wish","A Thousand Cuts"],"picked":"Adrenaline","floor":16},{"not_picked":["Underhanded Strike","Ball Lightning+1","Bouncing Flask","Expertise"],"picked":"SKIP","floor":18},{"not_picked":["Deadly Poison","Evaluate","Cloak And Dagger","ReachHeaven"],"picked":"SKIP","floor":19},{"not_picked":["Havoc","Flying Knee","Headbutt","Wireheading"],"picked":"SKIP","floor":21},{"not_picked":["Amplify","Clothesline","Lockon","Choke"],"picked":"SKIP","floor":22},{"not_picked":["Glass Knife","Scrawl","Ragnarok"],"picked":"Barricade","floor":23},{"not_picked":["Envenom","Corruption","Doppelganger","Tools of the Trade"],"picked":"SKIP","floor":27},{"not_picked":["Bullet Time","Doppelganger","Glass Knife","Brutality"],"picked":"SKIP","floor":31},{"not_picked":["True Grit","Anger+1","BattleHymn+1","Heavy Blade"],"picked":"SKIP","floor":35},{"not_picked":["Discovery","Secret Technique","HandOfGreed"],"picked":"Master of Strategy","floor":38},{"not_picked":["Vault","Storm of Steel","Barricade","Brilliance"],"picked":"SKIP","floor":40},{"not_picked":["ConjureBlade","Fiend Fire","Feed","Brutality"],"picked":"SKIP","floor":42},{"not_picked":["Devotion","Demon Form","DeusExMachina","SpiritShield"],"picked":"SKIP","floor":45},{"not_picked":["Brutality","Vault","Immolate","Corruption"],"picked":"SKIP","floor":46},{"not_picked":["DeusExMachina","Bullet Time","Reboot","Omniscience"],"picked":"SKIP","floor":48},{"not_picked":["Double Tap","Berserk","Corruption","Limit Break"],"picked":"SKIP","floor":55}],"player_experience":1631325,"relics_obtained":[{"floor":6,"key":"Peace Pipe"},{"floor":9,"key":"HornCleat"},{"floor":10,"key":"Question Card"},{"floor":13,"key":"Girya"},{"floor":23,"key":"Boot"},{"floor":27,"key":"Darkstone Periapt"},{"floor":31,"key":"WingedGreaves"},{"floor":37,"key":"Du-Vu Doll"},{"floor":40,"key":"Juzu Bracelet"},{"floor":42,"key":"CeramicFish"},{"floor":43,"key":"Omamori"},{"floor":45,"key":"Blood Vial"},{"floor":46,"key":"Smiling Mask"},{"floor":48,"key":"Ice Cream"},{"floor":55,"key":"Bottled Lightning"}],"event_choices":[{"damage_healed":0,"gold_gain":0,"player_choice":"Entered Light","damage_taken":23,"max_hp_gain":0,"max_hp_loss":0,"event_name":"Shining Light","floor":11,"gold_loss":0,"cards_upgraded":["Acrobatics","Shockwave"]},{"damage_healed":0,"gold_gain":50,"player_choice":"Stole From Cult","damage_taken":0,"max_hp_gain":0,"max_hp_loss":0,"event_name":"Nest","floor":24,"gold_loss":0},{"damage_healed":0,"gold_gain":0,"player_choice":"Obtained Relic","damage_taken":0,"relics_obtained":["Bird Faced Urn"],"max_hp_gain":0,"max_hp_loss":0,"event_name":"Addict","floor":30,"gold_loss":85},{"damage_healed":0,"gold_gain":0,"player_choice":"Fight","damage_taken":0,"max_hp_gain":0,"max_hp_loss":0,"event_name":"MindBloom","floor":37,"gold_loss":0},{"damage_healed":0,"gold_gain":0,"player_choice":"Memory 1","damage_taken":0,"max_hp_gain":0,"max_hp_loss":0,"event_name":"SensoryStone","floor":38,"gold_loss":0},{"damage_healed":0,"gold_gain":0,"player_choice":"Embrace Madness","damage_taken":14,"max_hp_gain":0,"max_hp_loss":0,"event_name":"Winding Halls","floor":39,"gold_loss":0,"cards_obtained":["Madness","Madness"]}],"is_beta":false,"boss_relics":[{"not_picked":["Sozu","Astrolabe"],"picked":"Runic Cube"},{"not_picked":["Mark of Pain","SacredBark"],"picked":"Coffee Dripper"}],"items_purged_floors":[2,29,47,54],"is_endless":false,"potions_floor_spawned":[3,4,5,6,13,14,19,31,33,42,45,46],"ascension_level":20}}