{"host":"Á¤±Û¸µ","time":1609541595,"event":{"mods":["AchievementEnabler","BaseMod","Colored Map","DeckTracker","Highlight Path","Keyboard Shortcuts","Minty Spire (QoL Compilation)","Permanent Neow","Quick Restart","Rare Cards Sparkle","StSLib","SuperFastMode","everything is the same but u backflip on backflip"],"gold_per_floor":[159,1,1,60,60,60,110,152,152,152,205,250,250,269,269,420,420,458,527,577,617,629,629,91,91,91,141,209,209,20,33,33,33,33],"floor_reached":33,"playtime":1281,"items_purged":["Strike_G","Defend_G"],"score":445,"play_id":"1c075e59-dd58-4ae8-b218-5331301d4801","local_time":"20210102075315","is_ascension_mode":true,"campfire_choices":[{"data":"HandOfGreed","floor":6.0,"key":"SMITH"},{"data":"Acrobatics","floor":10.0,"key":"SMITH"},{"data":"Glass Knife","floor":13.0,"key":"SMITH"},{"floor":15.0,"key":"REST"},{"floor":23.0,"key":"REST"},{"floor":25.0,"key":"REST"},{"floor":29.0,"key":"RECALL"},{"floor":32.0,"key":"REST"}],"circlet_count":0,"master_deck":["AscendersBane","Strike_G","Strike_G","Strike_G","Strike_G","Defend_G","Defend_G","Defend_G","Defend_G","Survivor","Neutralize","HandOfGreed+1","Acrobatics+1","Glass Knife+1","Backstab","Eviscerate+1","Reflex","Wraith Form v2","PiercingWail+1"],"relics":["Ring of the Snake","Membership Card","White Beast Statue","Fusion Hammer","Medical Kit","Gambling Chip","Shuriken","Bottled Lightning","Toxic Egg 2"],"acts_visited":["Exordium","TheCity"],"potions_floor_usage":[33],"damage_taken":[{"damage":0.0,"enemies":"2 Louse","floor":1.0,"turns":4.0},{"damage":0.0,"enemies":"Small Slimes","floor":4.0,"turns":5.0},{"damage":0.0,"enemies":"Cultist","floor":8.0,"turns":5.0},{"damage":20.0,"enemies":"Gremlin Nob","floor":11.0,"turns":5.0},{"damage":23.0,"enemies":"Exordium Thugs","floor":12.0,"turns":4.0},{"damage":4.0,"enemies":"Red Slaver","floor":14.0,"turns":4.0},{"damage":33.0,"enemies":"Slime Boss","floor":16.0,"turns":17.0},{"damage":13.0,"enemies":"Shell Parasite","floor":18.0,"turns":4.0},{"damage":7.0,"enemies":"2 Thieves","floor":19.0,"turns":5.0},{"damage":12.0,"enemies":"Snake Plant","floor":21.0,"turns":3.0},{"damage":4.0,"enemies":"Cultist and Chosen","floor":22.0,"turns":4.0},{"damage":0.0,"enemies":"Centurion and Healer","floor":28.0,"turns":4.0},{"damage":1.0,"enemies":"Snecko","floor":31.0,"turns":3.0},{"damage":67,"enemies":"Champ","floor":33,"turns":8}],"seed_played":"2595938498945883713","potions_obtained":[{"floor":1.0,"key":"Block Potion"},{"floor":8.0,"key":"GamblersBrew"},{"floor":12.0,"key":"Dexterity Potion"},{"floor":14.0,"key":"Poison Potion"},{"floor":16.0,"key":"Weak Potion"},{"floor":18.0,"key":"Fire Potion"},{"floor":19.0,"key":"EntropicBrew"},{"floor":21.0,"key":"SpeedPotion"},{"floor":22.0,"key":"Fire Potion"},{"floor":28.0,"key":"Poison Potion"},{"floor":31.0,"key":"PowerPotion"}],"is_trial":false,"path_per_floor":["M","$","?","M","?","R","?","M","T","R","E","M","R","M","R","B",null,"M","M","?","M","M","R","$","R","T","?","M","R","$","M","R","B"],"character_chosen":"THE_SILENT","items_purchased":["Membership Card","Medical Kit","Gambling Chip","Reflex","Shuriken","Wraith Form v2","Toxic Egg 2"],"campfire_rested":4,"item_purchase_floors":[2,24,24,24,24,24,30],"current_hp_per_floor":[59,59,64,64,64,64,64,64,64,64,44,21,21,17,36,3,50,37,30,30,18,14,33,33,52,52,52,52,52,52,51,65,0,0],"gold":33,"neow_bonus":"RANDOM_COLORLESS_2","is_daily":false,"chose_seed":false,"campfire_upgraded":3,"win_rate":0.0,"timestamp":1609541595,"path_taken":["M","$","?","M","?","R","?","M","T","R","E","M","R","?","R","BOSS","M","M","?","M","?","R","$","R","T","?","M","R","$","M","R","BOSS"],"items_purchased_type":["Relic","Relic","Relic","Card","Relic","Card","Relic"],"build_version":"2020-12-18","purchased_purges":2,"victory":false,"max_hp_per_floor":[60,60,65,65,65,65,65,65,65,65,65,65,65,65,65,65,65,65,65,65,65,65,65,65,65,65,65,65,65,65,65,65,65,65],"card_choices":[{"not_picked":["Thinking Ahead","Sadistic Nature"],"picked":"HandOfGreed","floor":0.0},{"not_picked":["Poisoned Stab","Blade Dance","Dodge and Roll"],"picked":"SKIP","floor":1.0},{"not_picked":["Bane","Quick Slash","Dagger Throw"],"picked":"SKIP","floor":4.0},{"not_picked":["Poisoned Stab","Prepared"],"picked":"Acrobatics","floor":8.0},{"not_picked":["Unload","Acrobatics"],"picked":"Glass Knife","floor":11.0},{"not_picked":["Dodge and Roll","Quick Slash"],"picked":"Backstab","floor":12.0},{"not_picked":["Dagger Spray","Underhanded Strike","Flying Knee"],"picked":"SKIP","floor":14.0},{"not_picked":["Poisoned Stab","Prepared","Distraction+1"],"picked":"SKIP","floor":18.0},{"not_picked":["Prepared","Underhanded Strike","Dagger Throw"],"picked":"SKIP","floor":19.0},{"not_picked":["Noxious Fumes","Acrobatics","Terror"],"picked":"SKIP","floor":21.0},{"not_picked":["Dodge and Roll","Heel Hook"],"picked":"Eviscerate+1","floor":22.0},{"not_picked":["Terror","Bane","Catalyst"],"picked":"SKIP","floor":28.0},{"not_picked":["Acrobatics+1","Outmaneuver+1"],"picked":"PiercingWail+1","floor":31.0}],"player_experience":482706,"relics_obtained":[{"floor":11.0,"key":"White Beast Statue"},{"floor":26.0,"key":"Bottled Lightning"}],"event_choices":[{"damage_healed":0.0,"max_hp_gain":5.0,"max_hp_loss":0.0,"gold_gain":0.0,"event_name":"Big Fish","player_choice":"Donut","floor":3.0,"gold_loss":0.0,"damage_taken":0.0},{"damage_healed":0.0,"max_hp_gain":0.0,"max_hp_loss":0.0,"gold_gain":0.0,"event_name":"The Cleric","player_choice":"Leave","floor":5.0,"gold_loss":0.0,"damage_taken":0.0},{"damage_healed":0.0,"max_hp_gain":0.0,"max_hp_loss":0.0,"gold_gain":50.0,"event_name":"Golden Shrine","player_choice":"Pray","floor":7.0,"gold_loss":0.0,"damage_taken":0.0},{"damage_healed":0.0,"max_hp_gain":0.0,"max_hp_loss":0.0,"gold_gain":50.0,"event_name":"Golden Shrine","player_choice":"Pray","floor":20.0,"gold_loss":0.0,"damage_taken":0.0},{"damage_healed":0.0,"max_hp_gain":0.0,"max_hp_loss":0.0,"gold_gain":50.0,"event_name":"Nest","player_choice":"Stole From Cult","floor":27.0,"gold_loss":0.0,"damage_taken":0.0}],"is_beta":true,"boss_relics":[{"not_picked":["WristBlade","Ectoplasm"],"picked":"Fusion Hammer"}],"items_purged_floors":[24,30],"is_endless":false,"potions_floor_spawned":[1,8,12,14,16,18,19,21,22,28,31],"killed_by":"Champ","ascension_level":16}}