{"host":"6ko66ogg91i6g7xq","time":1609536300,"event":{"mods":["AchievementEnabler","Act Like it!","BaseMod","Colored Map","Colored Powertips","Downfall","Hermit","Minty Spire (QoL Compilation)","Quick Restart","Relic Stats","StSLib","The Jungle","everything is the same but u backflip on backflip"],"gold_per_floor":[114,131,131,131,54,54,81,99,122,157,170,184,359,393,393,491,491,502,512,437,437,449,449,153,170,170,202,202,202,214,241,241,338,338,353,353,365,365,139,167,217,217,296,321,321,339,339,353,353,353],"floor_reached":51,"playtime":1555,"items_purged":["Doubt"],"score":877,"play_id":"1cb88b39-f640-4ee7-8280-5589f66f4ad2","local_time":"20210101162500","is_ascension_mode":true,"campfire_choices":[{"floor":6,"key":"RECALL"},{"data":"Storm of Steel","floor":15,"key":"SMITH"},{"data":"Accuracy","floor":23,"key":"SMITH"},{"data":"Backstab","floor":28,"key":"SMITH"},{"data":"Finisher","floor":32,"key":"SMITH"},{"data":"1","floor":42,"key":"LIFT"},{"data":"2","floor":45,"key":"LIFT"},{"data":"3","floor":49,"key":"LIFT"}],"circlet_count":0,"master_deck":["Strike_G+1","Strike_G+1","Strike_G+1","Strike_G","Defend_G","Defend_G","Defend_G","Defend_G","Defend_G","Survivor+1","Neutralize","Backstab+1","Accuracy+1","Storm of Steel+1","Caltrops","Leg Sweep","Die Die Die","Backstab+1","Blade Dance","Finisher+1","PiercingWail","A Thousand Cuts","Cloak And Dagger","Noxious Fumes","Sucker Punch+1","Dagger Spray","Envenom","Accuracy"],"relics":["Ring of the Snake","NeowsBlessing","Bag of Marbles","Anchor","Oddly Smooth Stone","Ornamental Fan","Meat on the Bone","WristBlade","Mummified Hand","Mercury Hourglass","Paper Crane","Whetstone","SlaversCollar","Nunchaku","Gambling Chip","Girya","Pantograph","Omamori"],"acts_visited":["Exordium","TheCity","TheBeyond"],"potions_floor_usage":[10,14,14,22,27,33,37,50],"damage_taken":[{"damage":0,"enemies":"2 Louse","floor":1,"turns":1},{"damage":0,"enemies":"Jaw Worm","floor":2,"turns":1},{"damage":0,"enemies":"Gremlin Nob","floor":7,"turns":1},{"damage":0,"enemies":"Small Slimes","floor":8,"turns":2},{"damage":3,"enemies":"3 Sentries","floor":10,"turns":9},{"damage":0,"enemies":"3 Louse","floor":11,"turns":2},{"damage":0,"enemies":"Exordium Wildlife","floor":12,"turns":3},{"damage":12,"enemies":"Lagavulin","floor":14,"turns":6},{"damage":31,"enemies":"Hexaghost","floor":16,"turns":10},{"damage":0,"enemies":"2 Thieves","floor":18,"turns":3},{"damage":0,"enemies":"Chosen","floor":19,"turns":4},{"damage":0,"enemies":"Centurion and Healer","floor":22,"turns":3},{"damage":6,"enemies":"Shelled Parasite and Fungi","floor":25,"turns":3},{"damage":0,"enemies":"Gremlin Leader","floor":27,"turns":3},{"damage":0,"enemies":"Snake Plant","floor":30,"turns":2},{"damage":0,"enemies":"Book of Stabbing","floor":31,"turns":2},{"damage":27,"enemies":"Automaton","floor":33,"turns":10},{"damage":0,"enemies":"Orb Walker","floor":35,"turns":1},{"damage":0,"enemies":"3 Darklings","floor":37,"turns":2},{"damage":36,"enemies":"Reptomancer","floor":40,"turns":6},{"damage":20,"enemies":"2 Orb Walkers","floor":41,"turns":5},{"damage":10,"enemies":"Giant Head","floor":44,"turns":8},{"damage":7,"enemies":"Jaw Worm Horde","floor":46,"turns":4},{"damage":0,"enemies":"Sphere and 2 Shapes","floor":48,"turns":3},{"damage":33,"enemies":"Donu and Deca","floor":50,"turns":6}],"seed_played":"3810890377878746585","potions_obtained":[{"floor":2,"key":"Regen Potion"},{"floor":8,"key":"FairyPotion"},{"floor":11,"key":"DuplicationPotion"},{"floor":12,"key":"Dexterity Potion"},{"floor":14,"key":"FearPotion"},{"floor":19,"key":"Fire Potion"},{"floor":25,"key":"SkillPotion"},{"floor":27,"key":"PowerPotion"},{"floor":33,"key":"AttackPotion"},{"floor":37,"key":"Energy Potion"}],"is_trial":false,"path_per_floor":["M","M","?","?","$","R","E","M","T","E","M","M","?","E","R","B",null,"M","M","$","?","M","R","$","M","T","E","R","?","M","E","R","B",null,"M","$","M","?","$","E","?","R","T","E","R","M","?","M","R","B",null],"character_chosen":"THE_SILENT","items_purchased":["Backstab","Mummified Hand","Blade Dance","Nunchaku","Noxious Fumes"],"campfire_rested":0,"item_purchase_floors":[5,24,24,39,39],"current_hp_per_floor":[70,70,63,49,49,49,49,49,49,61,61,61,61,49,49,30,70,70,70,70,70,70,70,70,64,64,64,64,64,64,64,64,37,70,70,70,70,70,70,46,38,38,38,40,40,45,63,63,63,37],"gold":353,"neow_bonus":"THREE_ENEMY_KILL","is_daily":false,"chose_seed":false,"campfire_upgraded":4,"win_rate":0.0,"timestamp":1609536300,"path_taken":["M","M","?","?","?","R","E","M","T","E","M","M","?","E","R","BOSS","M","M","$","?","M","R","$","M","T","E","R","?","M","E","R","BOSS","M","$","?","?","$","E","?","R","T","E","R","M","?","M","R","BOSS"],"items_purchased_type":["Card","Relic","Card","Relic","Card"],"build_version":"2020-12-22","purchased_purges":1,"victory":true,"max_hp_per_floor":[70,70,70,70,70,70,70,70,70,70,70,70,70,70,70,70,70,70,70,70,70,70,70,70,70,70,70,70,70,70,70,70,70,70,70,70,70,70,70,70,70,70,70,70,70,70,70,70,70,70],"relic_stats":{"Nunchaku":[9],"counters":[25,100],"Ornamental Fan":[204],"Mummified Hand":[40],"Gambling Chip":[15],"Pantograph":7,"Whetstone":["Strike_G","Strike_G"],"obtain_stats":[{"Girya":41,"NeowsBlessing":0,"Oddly Smooth Stone":9,"Omamori":44,"Whetstone":31,"Paper Crane":27,"Mercury Hourglass":26,"SlaversCollar":34,"Anchor":7,"Nunchaku":39,"WristBlade":17,"Ornamental Fan":10,"Mummified Hand":24,"Gambling Chip":40,"Pantograph":43,"Bag of Marbles":3,"Ring of the Snake":0,"Meat on the Bone":14},{"Girya":21,"NeowsBlessing":0,"Oddly Smooth Stone":4,"Omamori":22,"Whetstone":16,"Paper Crane":14,"Mercury Hourglass":13,"SlaversCollar":17,"Anchor":3,"Nunchaku":19,"WristBlade":9,"Ornamental Fan":5,"Mummified Hand":12,"Gambling Chip":20,"Pantograph":21,"Bag of Marbles":2,"Ring of the Snake":0,"Meat on the Bone":8},{"Girya":79,"NeowsBlessing":0,"Oddly Smooth Stone":5,"Omamori":87,"Whetstone":55,"Paper Crane":51,"Mercury Hourglass":48,"SlaversCollar":65,"Anchor":3,"Nunchaku":68,"WristBlade":35,"Ornamental Fan":14,"Mummified Hand":45,"Gambling Chip":74,"Pantograph":79,"Bag of Marbles":2,"Ring of the Snake":0,"Meat on the Bone":25}],"Ring of the Snake":[50],"Meat on the Bone":60,"Mercury Hourglass":[188]},"card_choices":[{"not_picked":["Sucker Punch","Bane","Predator"],"picked":"SKIP","floor":1},{"not_picked":["Bane","Prepared","Cloak And Dagger"],"picked":"SKIP","floor":2},{"not_picked":["PiercingWail","Deflect"],"picked":"Accuracy","floor":7},{"not_picked":["Backflip","Blade Dance"],"picked":"Storm of Steel","floor":8},{"not_picked":["Escape Plan","Heel Hook"],"picked":"Caltrops","floor":10},{"not_picked":["Bouncing Flask","Prepared","Deadly Poison"],"picked":"SKIP","floor":11},{"not_picked":["Backflip","Quick Slash"],"picked":"Cloak And Dagger","floor":12},{"not_picked":["Quick Slash","Setup"],"picked":"Leg Sweep","floor":14},{"not_picked":["Envenom","A Thousand Cuts"],"picked":"Die Die Die","floor":16},{"not_picked":["Deadly Poison","Deflect","Escape Plan"],"picked":"SKIP","floor":18},{"not_picked":["Expertise","Cloak And Dagger"],"picked":"Backstab+1","floor":19},{"not_picked":["Flechettes","Bouncing Flask","Riddle With Holes+1"],"picked":"SKIP","floor":22},{"not_picked":["Escape Plan","Dodge and Roll","Bouncing Flask"],"picked":"SKIP","floor":25},{"not_picked":["Dagger Spray","Deadly Poison"],"picked":"Finisher","floor":27},{"not_picked":["Crippling Poison","Dash","Acrobatics+1"],"picked":"SKIP","floor":30},{"not_picked":["Backstab","Eviscerate+1","Outmaneuver"],"picked":"SKIP","floor":31},{"not_picked":["Tools of the Trade","Glass Knife"],"picked":"A Thousand Cuts","floor":33},{"not_picked":["Sucker Punch+1","Acrobatics"],"picked":"Cloak And Dagger","floor":35},{"not_picked":["Expertise+1","Dodge and Roll","Deadly Poison"],"picked":"SKIP","floor":37},{"not_picked":["Dagger Spray","Deflect+1"],"picked":"Sucker Punch+1","floor":40},{"not_picked":["Escape Plan","Dodge and Roll+1"],"picked":"Dagger Spray","floor":41},{"not_picked":["Dagger Spray","Distraction"],"picked":"Envenom","floor":44},{"not_picked":["Poisoned Stab","PiercingWail"],"picked":"Accuracy","floor":46},{"not_picked":["Prepared","Deadly Poison","Dagger Spray"],"picked":"SKIP","floor":48}],"player_experience":280991,"relics_obtained":[{"floor":7,"key":"Anchor"},{"floor":9,"key":"Oddly Smooth Stone"},{"floor":10,"key":"Ornamental Fan"},{"floor":14,"key":"Meat on the Bone"},{"floor":26,"key":"Mercury Hourglass"},{"floor":27,"key":"Paper Crane"},{"floor":31,"key":"Whetstone"},{"floor":40,"key":"Gambling Chip"},{"floor":41,"key":"Girya"},{"floor":43,"key":"Pantograph"},{"floor":44,"key":"Omamori"}],"event_choices":[{"damage_healed":0,"gold_gain":0,"player_choice":"Success","damage_taken":7,"relics_obtained":["Bag of Marbles"],"max_hp_gain":0,"max_hp_loss":0,"event_name":"Scrap Ooze","floor":3,"gold_loss":0},{"damage_healed":0,"gold_gain":0,"player_choice":"Entered Light","damage_taken":14,"max_hp_gain":0,"max_hp_loss":0,"event_name":"Shining Light","floor":4,"gold_loss":0,"cards_upgraded":["Survivor","Strike_G"]},{"damage_healed":0,"gold_gain":175,"player_choice":"AGREE","damage_taken":0,"max_hp_gain":0,"max_hp_loss":0,"event_name":"Liars Game","floor":13,"gold_loss":0,"cards_obtained":["Doubt"]},{"damage_healed":0,"gold_gain":0,"player_choice":"Ignored","damage_taken":0,"max_hp_gain":0,"max_hp_loss":0,"event_name":"Ghosts","floor":21,"gold_loss":0},{"damage_healed":0,"gold_gain":0,"cards_transformed":["Strike_G"],"player_choice":"Transformed","damage_taken":0,"max_hp_gain":0,"max_hp_loss":0,"event_name":"Transmorgrifier","floor":29,"gold_loss":0,"cards_obtained":["PiercingWail"]},{"cards_removed":["Cloak And Dagger"],"damage_healed":0,"gold_gain":0,"player_choice":"Removed Skill","damage_taken":0,"max_hp_gain":0,"max_hp_loss":0,"event_name":"Falling","floor":38,"gold_loss":0},{"damage_healed":0,"gold_gain":0,"player_choice":"Fight","damage_taken":0,"max_hp_gain":0,"max_hp_loss":0,"event_name":"Mysterious Sphere","floor":41,"gold_loss":0},{"damage_healed":18,"gold_gain":0,"player_choice":"Writhe","damage_taken":0,"max_hp_gain":0,"max_hp_loss":0,"event_name":"Winding Halls","floor":47,"gold_loss":0,"cards_obtained":["Writhe"]}],"is_beta":false,"boss_relics":[{"not_picked":["Velvet Choker","Busted Crown"],"picked":"WristBlade"},{"not_picked":["Snecko Eye","Fusion Hammer"],"picked":"SlaversCollar"}],"items_purged_floors":[20],"is_endless":false,"potions_floor_spawned":[2,8,11,12,14,19,25,27,33,37,46,48],"ascension_level":1}}