{"host":"ko4b5atusvmax52d","time":1609460924,"event":{"mods":["AchievementEnabler","Act Like it!","Aspiration","BaseMod","Better Third Choice","BetterRewards","Friendly Minions","Halation","Hermit","Hubris","Infinite Spire","Koishi","Marisa????????","Minty Spire (QoL Compilation)","Rare Cards Sparkle","Replay The Spire","Shade Mod","Spicy Shops","StSLib","SuperFastMode","The Animator","The Bug Knight","The Hierophant","The Senshi","The Wild Card","Wandering Minibosses","vexMod"],"gold_per_floor":[110,140,115,115,115,145,145,158,158,186,42,77,77,110,110,217,217,236,271,303,303,303,303,319,664,688,688,688,711,711,758,794,816,816,981,981,1058,1058,1147,1249,1249,1372,1476,1599,1599,1648,1648,1775,1775,1921,1921,1925,1925,1925,998,1010,1010],"floor_reached":56,"playtime":2949,"items_purged":["animator:Strike","animator:Strike"],"score":1074,"play_id":"2b3b31eb-709b-481f-8403-91b62af44e7b","local_time":"20210101012844","is_ascension_mode":false,"campfire_choices":[{"data":"infinitespire:Collect","floor":27,"key":"SMITH"},{"floor":34,"key":"RECALL"},{"data":"infinitespire:Punishment","floor":47,"key":"SMITH"},{"data":"animator:Saber","floor":49,"key":"SMITH"},{"floor":51,"key":"REST"},{"data":"animator:Kazuma","floor":54,"key":"SMITH"}],"circlet_count":0,"master_deck":["animator:Strike_Konosuba","animator:Defend_Konosuba","animator:Strike+1","animator:Defend","animator:Kazuma","animator:Aqua","animator:Entoma+2","animator:Darkness","CommonCold","animator:YunYun","animator:ElricEdward","animator:Verdia","animator:Hans","animator:Chris","animator:CowGirl","animator:Saber","Master of Strategy","animator:ShinjiMatou","animator:RoryMercury","animator:ShinjiMatou","animator:Wiz","animator:EmiyaShirou","animator:Eris","Mind Blast","animator:Archer+1"],"relics":["animator:TheWolleyCore","animator:AncientMedallion"],"acts_visited":["Exordium","TheCity","TheBeyond","TheEnding","EYB:TheUnnamedReign"],"potions_floor_usage":[8,10,10,12,12,16,16,16,19,19,25,26,26,31,32,35,37,39,42,42,44,52,52,52,52,52,52,52],"damage_taken":[{"damage":0,"enemies":"Small Slimes","floor":1,"turns":1},{"damage":0,"enemies":"Jaw Worm","floor":2,"turns":2},{"damage":0,"enemies":"3 Sentries","floor":6,"turns":1},{"damage":0,"enemies":"2 Louse","floor":8,"turns":2},{"damage":16,"enemies":"Gremlin Nob","floor":10,"turns":3},{"damage":9,"enemies":"Lagavulin","floor":12,"turns":5},{"damage":11,"enemies":"3 Sentries","floor":14,"turns":4},{"damage":16,"enemies":"Fading Forest","floor":16,"turns":11},{"damage":0,"enemies":"Shell Parasite","floor":18,"turns":1},{"damage":13,"enemies":"3 Byrds","floor":19,"turns":4},{"damage":14,"enemies":"Masked Bandits","floor":20,"turns":3},{"damage":4,"enemies":"3 Cultists","floor":24,"turns":3},{"damage":17,"enemies":"Slavers","floor":25,"turns":4},{"damage":12,"enemies":"Shelled Parasite and Fungi","floor":26,"turns":3},{"damage":4,"enemies":"Chosen and Byrds","floor":29,"turns":3},{"damage":0,"enemies":"Snake Plant","floor":31,"turns":2},{"damage":17,"enemies":"animator:HornedBat","floor":32,"turns":4},{"damage":3,"enemies":"Centurion and Healer","floor":33,"turns":3},{"damage":25,"enemies":"Pondfish","floor":35,"turns":7},{"damage":5,"enemies":"Orb Walker","floor":37,"turns":2},{"damage":12,"enemies":"3 Darklings","floor":39,"turns":3},{"damage":20,"enemies":"Transient","floor":40,"turns":5},{"damage":15,"enemies":"Giant Head","floor":42,"turns":5},{"damage":0,"enemies":"Sphere and 2 Shapes","floor":43,"turns":1},{"damage":23,"enemies":"Maw","floor":44,"turns":5},{"damage":0,"enemies":"2 Orb Walkers","floor":46,"turns":1},{"damage":0,"enemies":"Jaw Worm Horde","floor":48,"turns":2},{"damage":0,"enemies":"Transient","floor":50,"turns":5},{"damage":97,"enemies":"infinitespire:MassOfShapes","floor":52,"turns":5},{"damage":104,"enemies":"animator:UNNAMED_HAT","floor":56,"turns":13}],"seed_played":"2453341638206818264","potions_obtained":[{"floor":1,"key":"Adrenaline Potion"},{"floor":5,"key":"Weak Potion"},{"floor":5,"key":"Dexterity Potion"},{"floor":5,"key":"Block Potion"},{"floor":6,"key":"LiquidMemories"},{"floor":8,"key":"Energy Potion"},{"floor":10,"key":"SneckoOil"},{"floor":14,"key":"BlessingOfTheForge"},{"floor":16,"key":"DuplicationPotion"},{"floor":18,"key":"SkillPotion"},{"floor":19,"key":"Energy Potion"},{"floor":20,"key":"LiquidMemories"},{"floor":24,"key":"Elixir"},{"floor":25,"key":"FearPotion"},{"floor":26,"key":"ColorlessPotion"},{"floor":29,"key":"Strength Potion"},{"floor":31,"key":"FearPotion"},{"floor":32,"key":"FearPotion"},{"floor":33,"key":"Dexterity Potion"},{"floor":35,"key":"Fire Potion"},{"floor":37,"key":"ColorlessPotion"},{"floor":39,"key":"Venom Potion"},{"floor":40,"key":"GamblersBrew"},{"floor":42,"key":"Languid Potion"},{"floor":43,"key":"LiquidBronze"},{"floor":44,"key":"EntropicBrew"},{"floor":46,"key":"Languid Potion"},{"floor":48,"key":"PowerPotion"},{"floor":50,"key":"EssenceOfSteel"}],"is_trial":false,"path_per_floor":["M","M","?","?","?","E","?","M","T","E","$","E","?","E","R","B",null,"M","M","?","PTL","PTL","AVR","M","E","M","R","T","M","?","M","E","M","R","B",null,"M","T","M","M","AVR","E","M","M","T","?","R","M","R","M","R","B",null,"R","??","M"],"character_chosen":"THE_ANIMATOR","items_purchased":["Tiny Chest"],"campfire_rested":1,"item_purchase_floors":[11],"current_hp_per_floor":[66,68,68,68,68,70,70,73,73,59,59,54,54,47,47,56,79,82,71,61,61,61,61,61,49,41,41,41,41,50,52,37,36,36,17,98,95,95,91,76,79,74,78,60,60,63,63,65,65,70,102,10,107,107,98,0,0],"gold":1010,"neow_bonus":"THREE_ENEMY_KILL","is_daily":false,"chose_seed":false,"campfire_upgraded":4,"win_rate":0.0,"timestamp":1609460924,"path_taken":["M","M","?","?","?","E","?","M","T","E","$","E","?","E","R","BOSS","M","M","?","PTL","PTL","AVR","M","E","M","R","T","M","?","M","E","M","R","BOSS","M","?","M","M","AVR","E","M","M","T","?","R","M","R","M","R","BOSS","R","??","M"],"items_purchased_type":["Relic"],"build_version":"2020-12-22","purchased_purges":2,"victory":false,"max_hp_per_floor":[66,68,68,68,68,70,70,73,73,75,75,77,77,79,79,79,79,82,84,86,86,86,84,86,88,90,90,90,92,90,90,92,94,94,98,98,100,100,102,102,105,107,109,109,109,109,109,109,109,109,107,107,107,107,98,98,98],"card_choices":[{"not_picked":["animator:Layla","animator:Scar"],"picked":"animator:Entoma","floor":1},{"not_picked":["animator:Priestess","animator:Hitei"],"picked":"animator:Darkness","floor":2},{"not_picked":["animator:ElricEdward","animator:Millim"],"picked":"animator:Entoma","floor":6},{"not_picked":["animator:Chris","animator:Kazuma"],"picked":"animator:YunYun","floor":8},{"not_picked":["animator:Kazuma","animator:Biyorigo","animator:Caster"],"picked":"SKIP","floor":10},{"not_picked":["animator:LeleiLaLalena","animator:PandorasActor"],"picked":"animator:Entoma","floor":12},{"not_picked":["animator:Hitei","animator:Rider"],"picked":"animator:ElricEdward","floor":14},{"not_picked":["animator:GoblinSlayer","animator:ChaikaTrabant"],"picked":"animator:Hans","floor":16},{"not_picked":["animator:Aqua","animator:Kazuma"],"picked":"animator:Chris","floor":18},{"not_picked":["animator:Hakurou","animator:PandorasActor"],"picked":"animator:CowGirl","floor":19},{"not_picked":["animator:UneriGinkaku","animator:Guy"],"picked":"animator:Saber","floor":20},{"not_picked":["animator:Hitei+1","animator:Tyuule"],"picked":"animator:ShinjiMatou","floor":24},{"not_picked":["animator:Tyuule","animator:Alexander"],"picked":"animator:RoryMercury","floor":25},{"not_picked":["animator:Viivi","animator:Alexander"],"picked":"animator:ShinjiMatou+1","floor":29},{"not_picked":["animator:DwarfShaman","animator:LizardPriest"],"picked":"animator:Wiz","floor":31},{"not_picked":["animator:Evileye","animator:PandorasActor","animator:Mitsurugi"],"picked":"SKIP","floor":32},{"not_picked":["animator:Berserker","animator:ShinjiMatou"],"picked":"animator:EmiyaShirou","floor":33},{"not_picked":["animator:Saber","animator:Envy"],"picked":"animator:Eris","floor":35},{"not_picked":["animator:TsurugaMeisai","animator:Viivi","animator:Alexander"],"picked":"SKIP","floor":37},{"not_picked":["animator:Chris+1","animator:ShinjiMatou","animator:Mitsurugi"],"picked":"SKIP","floor":39},{"not_picked":["animator:TukaLunaMarceau+1","animator:WinryRockbell","animator:Guy"],"picked":"SKIP","floor":40},{"not_picked":["animator:Illya","animator:Rider"],"picked":"animator:Archer","floor":42},{"not_picked":["animator:RoyMustang","animator:Konayuki","animator:Vesta"],"picked":"SKIP","floor":43},{"not_picked":["animator:Verdia+1","animator:TukaLunaMarceau","animator:Shichika"],"picked":"SKIP","floor":44},{"not_picked":["animator:Archer+1","animator:TukaLunaMarceau","animator:Berserker+1"],"picked":"SKIP","floor":48}],"player_experience":241494,"relics_obtained":[{"floor":5,"key":"ReplayTheSpireMod:Ring of Addiction"},{"floor":5,"key":"White Beast Statue"},{"floor":5,"key":"Potion Belt"},{"floor":5,"key":"ReplayTheSpireMod:Ring of Collecting"},{"floor":6,"key":"infinitespire:Golems Mask"},{"floor":7,"key":"aspiration:TomeofQuesting"},{"floor":9,"key":"Ring of Searing"},{"floor":10,"key":"Whetstone"},{"floor":12,"key":"Nunchaku"},{"floor":14,"key":"Red Skull"},{"floor":20,"key":"Red Mask"},{"floor":25,"key":"Old Coin"},{"floor":28,"key":"halation:Toothbrush"},{"floor":32,"key":"Replay:Bottled Steam"},{"floor":38,"key":"Ring of Hypnosis"},{"floor":38,"key":"aspiration:HiddenCompartment"},{"floor":42,"key":"Champion Belt"},{"floor":45,"key":"Onion Ring"},{"floor":46,"key":"hubris:BundleOfHerbs"},{"floor":55,"key":"animator:TheWolleyCore"},{"floor":55,"key":"animator:AncientMedallion"}],"event_choices":[{"cards_removed":["animator:Defend"],"damage_healed":0,"gold_gain":0,"player_choice":"Forget","damage_taken":0,"max_hp_gain":0,"max_hp_loss":0,"event_name":"Living Wall","floor":13,"gold_loss":0},{"damage_healed":0,"gold_gain":0,"player_choice":"Fought Bandits","damage_taken":0,"max_hp_gain":0,"max_hp_loss":0,"event_name":"Masked Bandits","floor":20,"gold_loss":0},{"damage_healed":0,"gold_gain":0,"player_choice":"Fight","damage_taken":0,"max_hp_gain":0,"max_hp_loss":0,"event_name":"Mysterious Sphere","floor":46,"gold_loss":0}],"is_beta":false,"boss_relics":[{"not_picked":["aspiration:RunicSpoon","halation:HeavySnake"],"picked":"aspiration:SecretTechniqueScroll"},{"not_picked":["Pandora\u0027s Box","ReplayTheSpireMod:DimensionalGlitch"],"picked":"hubris:ScarierMask"}],"items_purged_floors":[23,41],"is_endless":false,"potions_floor_spawned":[1,6,8,10,12,14,16,18,19,20,24,25,26,29,31,32,33,35,37,39,40,42,43,44,46,48,50],"killed_by":"animator:UNNAMED_HAT","ascension_level":0}}