{"host":"g6q1qwlwcssiesz4","time":1609489636,"event":{"mods":["BaseMod","Better Third Choice","Colored Map","Colored Powertips","Hubris","Infinite Spire","Minty Spire (QoL Compilation)","Permanent Neow","Replay The Spire","StSLib","The Jungle","vexMod"],"gold_per_floor":[19,19,31,44,62,93,93,93,120,120,146,156,156,156,156,253,253,266,281,281,281,300,328,328,345,414,440,473,473,18,18,18,18,18],"floor_reached":33,"playtime":1860,"items_purged":["Strike_R"],"score":393,"play_id":"09bacfe1-9132-4c4d-aa0f-6a444070f246","local_time":"20210101112716","is_ascension_mode":false,"campfire_choices":[{"data":"Armaments","floor":7,"key":"SMITH"},{"floor":10,"key":"REST"},{"data":"Metallicize","floor":15,"key":"SMITH"},{"floor":24,"key":"REST"},{"floor":32,"key":"REST"}],"circlet_count":0,"master_deck":["Strike_R","Strike_R","Strike_R","Strike_R+1","Defend_R","Defend_R","Defend_R","Defend_R","Bash","Twin Strike","Armaments+1","Cleave","Hemokinesis","Sword Boomerang+1","Metallicize+1","Demon Form","Thunderclap+1","Thunderclap+1","Ghostly Armor","Pot Of Greed","Pot Of Greed","Sword Boomerang","Shrug It Off","Flame Barrier","Crow Ritual","Pot Of Greed+1","Dropkick"],"relics":["Burning Blood","King of Hearts","hubris:Potato","hubris:EvacipatedBox","Bronze Scales","Nunchaku","hubris:VirtuousBlindfold","Shovel","Grinning Jar","vexMod:BerryBomb","Gremlin Food","Pocketwatch","Whetstone"],"acts_visited":["Exordium","Exordium"],"potions_floor_usage":[6,16,19,23,23,27,27],"damage_taken":[{"damage":9,"enemies":"2 Louse","floor":1,"turns":3},{"damage":1,"enemies":"Cultist","floor":3,"turns":3},{"damage":7,"enemies":"Small Slimes","floor":4,"turns":3},{"damage":15,"enemies":"Looter","floor":5,"turns":3},{"damage":20,"enemies":"Gremlin Nob","floor":6,"turns":4},{"damage":22,"enemies":"3 Sentries","floor":11,"turns":5},{"damage":5,"enemies":"3 Louse","floor":12,"turns":2},{"damage":0,"enemies":"Slime Boss","floor":16,"turns":6},{"damage":23,"enemies":"theJungle:GiantWrat","floor":18,"turns":5},{"damage":5,"enemies":"theJungle:MUSHROOMGANG","floor":19,"turns":4},{"damage":13,"enemies":"theJungle:Lyon","floor":22,"turns":4},{"damage":41,"enemies":"theJungle:MamaSnecko","floor":23,"turns":5},{"damage":27,"enemies":"theJungle:SlimyTreeVines","floor":25,"turns":8},{"damage":51,"enemies":"Nightmare","floor":27,"turns":9},{"damage":65,"enemies":"theJungle:FunGuy","floor":33,"turns":14}],"seed_played":"3943752347854749883","potions_obtained":[{"floor":3,"key":"Dexterity Potion"},{"floor":4,"key":"Adrenaline Potion"},{"floor":6,"key":"Fruit Juice"},{"floor":12,"key":"Milkshake"},{"floor":18,"key":"Elixir"},{"floor":19,"key":"FearPotion"},{"floor":23,"key":"BloodPotion"}],"is_trial":false,"path_per_floor":["M","?","M","M","M","E","R","$","T","R","E","M","?","?","R","B",null,"M","M","?","?","M","E","R","M","T","NM","?","?","$","?","R","B"],"character_chosen":"IRONCLAD","items_purchased":["hubris:EvacipatedBox","Crow Ritual","Whetstone","Dropkick"],"campfire_rested":3,"item_purchase_floors":[8,30,30,30],"current_hp_per_floor":[93,93,96,95,86,77,77,58,58,88,72,73,73,73,73,79,101,84,85,71,66,59,45,76,61,67,22,22,22,22,25,59,0,0],"gold":18,"neow_bonus":"TWENTY_PERCENT_HP_BONUS","is_daily":false,"chose_seed":false,"campfire_upgraded":2,"win_rate":0.0,"timestamp":1609489636,"path_taken":["M","?","M","?","M","E","R","?","T","R","E","M","?","?","R","BOSS","M","M","?","?","?","E","R","M","T","NM","?","?","$","?","R","BOSS"],"items_purchased_type":["Relic","Card","Relic","Card"],"build_version":"2020-12-22","purchased_purges":1,"victory":false,"max_hp_per_floor":[96,96,96,96,96,101,101,101,101,101,101,101,101,101,101,101,101,101,101,101,106,106,106,106,106,112,112,112,112,112,115,115,115,115],"card_choices":[{"not_picked":["Defy Death","Warcry"],"picked":"Cleave","floor":1},{"not_picked":["Sever Soul","ReplayTheSpireMod:Strike From Hell"],"picked":"Twin Strike","floor":3},{"not_picked":["Thunderclap","Warcry"],"picked":"Armaments","floor":4},{"not_picked":["Reckless Charge","Burning Pact"],"picked":"Cleave","floor":5},{"not_picked":["hubris:CleavingFinish","Dark Embrace"],"picked":"Hemokinesis","floor":6},{"not_picked":["Rampage","Anger"],"picked":"Sword Boomerang","floor":11},{"not_picked":["Flex","Berserk"],"picked":"Metallicize","floor":12},{"not_picked":["Demonic Infusion","hubris:StunningStrike"],"picked":"Demon Form","floor":16},{"not_picked":["Body Slam","ReplayTheSpireMod:Strike From Hell"],"picked":"Thunderclap","floor":18},{"not_picked":["Shockwave","Life Link+1"],"picked":"Thunderclap+1","floor":19},{"not_picked":["Feel No Pain","Anger","Flex"],"picked":"SKIP","floor":22},{"not_picked":["Twin Strike+1","Dark Embrace"],"picked":"Ghostly Armor","floor":23},{"not_picked":["hubris:CleavingFinish","Shockwave"],"picked":"Sword Boomerang","floor":25},{"not_picked":["Headbutt+1","ReplayTheSpireMod:Strike From Hell"],"picked":"Shrug It Off","floor":27},{"not_picked":["Clash","Perfected Strike"],"picked":"Flame Barrier","floor":28}],"player_experience":163453,"relics_obtained":[{"floor":6,"key":"hubris:Potato"},{"floor":9,"key":"Bronze Scales"},{"floor":11,"key":"Nunchaku"},{"floor":23,"key":"Grinning Jar"},{"floor":26,"key":"vexMod:BerryBomb"},{"floor":27,"key":"Gremlin Food"},{"floor":28,"key":"Pocketwatch"}],"event_choices":[{"cards_removed":["Cleave"],"damage_healed":0,"gold_gain":0,"player_choice":"Gave Card","damage_taken":0,"relics_obtained":["King of Hearts"],"max_hp_gain":0,"max_hp_loss":0,"event_name":"WeMeetAgain","floor":2,"gold_loss":0},{"damage_healed":0,"gold_gain":0,"player_choice":"Ignored","damage_taken":156,"max_hp_gain":0,"max_hp_loss":0,"event_name":"betterThird:BetterSerpent","floor":14,"gold_loss":0}],"is_beta":false,"boss_relics":[{"not_picked":["infinitespire:Burning Sword","hubris:BlackHole","vexMod:MegatonBomb"],"picked":"hubris:VirtuousBlindfold"}],"items_purged_floors":[30],"is_endless":true,"potions_floor_spawned":[3,4,6,12,18,19,23],"killed_by":"theJungle:FunGuy","ascension_level":0}}