{"host":"54vghy6hfkyy1r39","time":1609500308,"event":{"mods":["AchievementEnabler","BaseMod","Minty Spire (QoL Compilation)","StSLib","SuperFastMode","everything is the same but u backflip on backflip"],"gold_per_floor":[111,126,51,51,51,51,80,56,56,56,69,69,85,99,99,99,99],"floor_reached":16,"playtime":331,"items_purged":["Strike_G"],"score":150,"play_id":"dd09073f-3c3a-48aa-ae18-d5024ae3ca74","local_time":"20210101202508","is_ascension_mode":false,"campfire_choices":[{"data":"Neutralize","floor":6,"key":"SMITH"},{"data":"Dagger Throw","floor":12,"key":"SMITH"},{"data":"Heel Hook","floor":15,"key":"SMITH"}],"circlet_count":0,"master_deck":["Strike_G","Strike_G+1","Strike_G","Strike_G","Defend_G","Defend_G","Defend_G+1","Defend_G","Defend_G","Survivor","Neutralize+1","Heel Hook+1","Dagger Throw+1","Tactician+1","Reflex+1"],"relics":["Ring of the Snake","NeowsBlessing","Strawberry","Pear","Toxic Egg 2"],"acts_visited":["Exordium"],"potions_floor_usage":[],"damage_taken":[{"damage":0,"enemies":"Cultist","floor":1,"turns":1},{"damage":0,"enemies":"2 Louse","floor":2,"turns":1},{"damage":0,"enemies":"3 Sentries","floor":7,"turns":1},{"damage":0,"enemies":"Jaw Worm","floor":11,"turns":4},{"damage":0,"enemies":"Blue Slaver","floor":13,"turns":3},{"damage":0,"enemies":"Exordium Wildlife","floor":14,"turns":4},{"damage":75,"enemies":"Hexaghost","floor":16,"turns":14}],"seed_played":"7696888558283075600","potions_obtained":[{"floor":2,"key":"SpeedPotion"},{"floor":7,"key":"ColorlessPotion"},{"floor":11,"key":"EssenceOfSteel"}],"is_trial":false,"path_per_floor":["M","M","$","?","$","R","E","$","T","T","M","R","M","M","R","B"],"character_chosen":"THE_SILENT","items_purchased":["Dagger Throw"],"campfire_rested":0,"item_purchase_floors":[8],"current_hp_per_floor":[70,70,70,56,56,56,63,63,73,73,73,73,73,73,73,0,0],"gold":99,"neow_bonus":"THREE_ENEMY_KILL","is_daily":false,"chose_seed":false,"campfire_upgraded":3,"win_rate":0.0,"timestamp":1609500308,"path_taken":["M","M","?","?","$","R","E","$","T","?","M","R","?","M","R","BOSS"],"items_purchased_type":["Card"],"build_version":"2020-12-22","purchased_purges":1,"victory":false,"max_hp_per_floor":[70,70,70,70,70,70,77,77,87,87,87,87,87,87,87,87,87],"card_choices":[{"not_picked":["Quick Slash","Heel Hook","Flying Knee"],"picked":"SKIP","floor":1},{"not_picked":["Quick Slash","Flying Knee"],"picked":"Heel Hook","floor":1},{"not_picked":["Bane","Dagger Spray","Catalyst"],"picked":"SKIP","floor":2},{"not_picked":["Concentrate","Masterful Stab","Underhanded Strike"],"picked":"SKIP","floor":7},{"not_picked":["Sucker Punch","Accuracy"],"picked":"Tactician+1","floor":11},{"not_picked":["Blur+1","Slice"],"picked":"Reflex+1","floor":13},{"not_picked":["Slice","Backstab","Dagger Spray"],"picked":"SKIP","floor":14}],"player_experience":172002,"relics_obtained":[{"floor":7,"key":"Strawberry"},{"floor":9,"key":"Pear"},{"floor":10,"key":"Toxic Egg 2"}],"event_choices":[{"damage_healed":0,"gold_gain":0,"player_choice":"Entered Light","damage_taken":14,"max_hp_gain":0,"max_hp_loss":0,"event_name":"Shining Light","floor":4,"gold_loss":0,"cards_upgraded":["Strike_G","Defend_G"]}],"is_beta":false,"boss_relics":[],"items_purged_floors":[3],"is_endless":false,"potions_floor_spawned":[2,7,11],"killed_by":"Hexaghost","ascension_level":0}}