{"host":"tzyzz5n7hg2ni9q2","time":1609522204,"event":{"mods":["BaseMod","Minty Spire (QoL Compilation)","Quick Restart"],"gold_per_floor":[114,114,129,180,200,229,229,258,340,340,368,382,412,412,412,513,513,533,374,388,36,50,50,83,83,83,117,117,117,152,171,171,270,270,283,296,307,331,241,241,276,291,291,291,302,329,175,78,78,78,78,78,78,103,103],"floor_reached":56,"playtime":2750,"items_purged":["Bash","Strike_R"],"score":2018,"play_id":"8f02e049-b0b2-49bc-8c38-d4a33b0afd99","local_time":"20210101183003","is_ascension_mode":true,"campfire_choices":[{"data":"Uppercut","floor":7.0,"key":"SMITH"},{"floor":10.0,"key":"REST"},{"floor":15.0,"key":"REST"},{"data":"Entrench","floor":23.0,"key":"SMITH"},{"data":"Barricade","floor":25.0,"key":"SMITH"},{"data":"True Grit","floor":29.0,"key":"SMITH"},{"data":"Whirlwind","floor":32.0,"key":"SMITH"},{"data":"Metallicize","floor":40,"key":"SMITH"},{"floor":44,"key":"RECALL"},{"data":"Body Slam","floor":49,"key":"SMITH"},{"data":"Shrug It Off","floor":52,"key":"SMITH"}],"circlet_count":0,"master_deck":["Strike_R+1","Strike_R+1","Defend_R","Defend_R","Defend_R+1","Defend_R","Metallicize+1","Uppercut+1","Impervious","True Grit+1","Whirlwind+1","Ghostly Armor","Disarm+1","Barricade+1","Entrench+1","Shrug It Off+1","Metallicize+1","Ghostly Armor+1","Brutality+1","Warcry+1","Body Slam+1","Shrug It Off+1","Warcry+1"],"relics":["Burning Blood","Anchor","Dream Catcher","Ancient Tea Set","StrikeDummy","Whetstone","TungstenRod","Velvet Choker","Bottled Tornado","Lantern","Frozen Egg 2","Art of War","Blood Vial","Sozu","MealTicket","Bottled Flame","Toxic Egg 2","PreservedInsect","TheAbacus","Torii"],"acts_visited":["Exordium","TheCity","TheBeyond","TheEnding"],"potions_floor_usage":[37,55,55],"damage_taken":[{"damage":6.0,"enemies":"Cultist","floor":1.0,"turns":3.0},{"damage":0.0,"enemies":"Small Slimes","floor":3.0,"turns":4.0},{"damage":0.0,"enemies":"2 Louse","floor":5.0,"turns":3.0},{"damage":33.0,"enemies":"Gremlin Nob","floor":6.0,"turns":5.0},{"damage":36.0,"enemies":"Lagavulin","floor":8.0,"turns":9.0},{"damage":12.0,"enemies":"3 Sentries","floor":11.0,"turns":13.0},{"damage":1.0,"enemies":"Red Slaver","floor":12.0,"turns":4.0},{"damage":12.0,"enemies":"Gremlin Nob","floor":13.0,"turns":3.0},{"damage":0.0,"enemies":"The Guardian","floor":16.0,"turns":13.0},{"damage":0.0,"enemies":"3 Byrds","floor":18.0,"turns":7.0},{"damage":0.0,"enemies":"Spheric Guardian","floor":20.0,"turns":11.0},{"damage":0.0,"enemies":"3 Cultists","floor":22.0,"turns":13.0},{"damage":0.0,"enemies":"Book of Stabbing","floor":24.0,"turns":12.0},{"damage":0.0,"enemies":"Gremlin Leader","floor":27.0,"turns":17.0},{"damage":0.0,"enemies":"Book of Stabbing","floor":30.0,"turns":13.0},{"damage":0.0,"enemies":"Snake Plant","floor":31.0,"turns":8.0},{"damage":0.0,"enemies":"Collector","floor":33.0,"turns":17.0},{"damage":0.0,"enemies":"3 Darklings","floor":35.0,"turns":7.0},{"damage":0.0,"enemies":"Orb Walker","floor":36.0,"turns":6.0},{"damage":0,"enemies":"Transient","floor":37,"turns":5},{"damage":0,"enemies":"Nemesis","floor":41,"turns":17},{"damage":0,"enemies":"Jaw Worm Horde","floor":42,"turns":6},{"damage":0,"enemies":"3 Darklings","floor":45,"turns":7},{"damage":0,"enemies":"Giant Head","floor":46,"turns":15},{"damage":0,"enemies":"Time Eater","floor":50,"turns":9},{"damage":0,"enemies":"Shield and Spear","floor":54,"turns":8},{"damage":10,"enemies":"The Heart","floor":55,"turns":11}],"seed_played":"-7367423268793453779","potions_obtained":[{"floor":3.0,"key":"LiquidBronze"},{"floor":5.0,"key":"ColorlessPotion"},{"floor":6.0,"key":"Dexterity Potion"},{"floor":8.0,"key":"LiquidMemories"},{"floor":18.0,"key":"PowerPotion"},{"floor":22.0,"key":"Explosive Potion"},{"floor":28.0,"key":"EntropicBrew"}],"is_trial":false,"path_per_floor":["M","?","M","T","M","E","R","E","T","R","E","M","E","?","R","B",null,"M","$","M","$","M","R","E","R","T","E","?","R","E","M","R","B",null,"M","M","M","T","?","R","E","M","T","R","M","E","$","$","R","B",null,"R","$","E","B",null],"character_chosen":"IRONCLAD","items_purchased":["Shrug It Off","Metallicize","Bottled Tornado","TheAbacus","Body Slam","Shrug It Off+1"],"campfire_rested":2,"item_purchase_floors":[19,19,21,47,48,48],"current_hp_per_floor":[72,72,78,78,80,53,53,23,23,47,41,46,40,25,49,55,74,80,80,80,80,80,80,80,80,80,80,80,80,80,80,80,80,80,80,80,80,80,80,80,80,80,80,80,80,80,80,80,80,80,80,80,80,80,76],"gold":103,"neow_bonus":"RANDOM_COMMON_RELIC","is_daily":false,"chose_seed":false,"campfire_upgraded":8,"win_rate":0.0,"timestamp":1609522203,"path_taken":["M","?","?","?","M","E","R","E","T","R","E","M","E","?","R","BOSS","M","$","M","$","M","R","E","R","T","E","?","R","E","M","R","BOSS","M","M","M","?","?","R","E","M","T","R","?","E","?","$","R","BOSS","R","$","E","BOSS"],"items_purchased_type":["Card","Card","Relic","Relic","Card","Card"],"build_version":"2020-12-22","purchased_purges":2,"victory":true,"max_hp_per_floor":[80,80,80,80,80,80,80,80,80,80,80,80,80,80,80,80,80,80,80,80,80,80,80,80,80,80,80,80,80,80,80,80,80,80,80,80,80,80,80,80,80,80,80,80,80,80,80,80,80,80,80,80,80,80,80],"card_choices":[{"not_picked":["Wild Strike","Thunderclap","Iron Wave"],"picked":"SKIP","floor":1.0},{"not_picked":["Pummel","Reckless Charge"],"picked":"Metallicize","floor":3.0},{"not_picked":["Headbutt","Sword Boomerang"],"picked":"Uppercut","floor":5.0},{"not_picked":["Anger","Dark Embrace"],"picked":"Impervious","floor":6.0},{"not_picked":["Second Wind","Anger"],"picked":"True Grit","floor":8.0},{"not_picked":["Limit Break","Clash"],"picked":"Whirlwind","floor":11.0},{"not_picked":["Warcry","Pummel"],"picked":"Ghostly Armor","floor":12.0},{"not_picked":["Cleave","Feed"],"picked":"Disarm","floor":13.0},{"not_picked":["Demon Form","Corruption"],"picked":"Barricade","floor":16.0},{"not_picked":["Cleave","Heavy Blade"],"picked":"Entrench","floor":18.0},{"not_picked":["Infernal Blade","Sever Soul","Heavy Blade"],"picked":"SKIP","floor":20.0},{"not_picked":["Blood for Blood","Wild Strike"],"picked":"Ghostly Armor+1","floor":22.0},{"not_picked":["Headbutt","Clash+1","Searing Blow"],"picked":"SKIP","floor":24.0},{"not_picked":["Thunderclap","Sword Boomerang","Dual Wield"],"picked":"SKIP","floor":27.0},{"not_picked":["Sword Boomerang+1","Wild Strike","Pummel+1"],"picked":"SKIP","floor":30.0},{"not_picked":["Rupture+1","Wild Strike+1","Dark Embrace+1"],"picked":"SKIP","floor":31.0},{"not_picked":["Ghostly Armor+1","Pommel Strike+1","Hemokinesis+1"],"picked":"SKIP","floor":35.0},{"not_picked":["Clothesline+1","Armaments+1","Entrench"],"picked":"SKIP","floor":36.0},{"not_picked":["Searing Blow+1","Headbutt","Evolve+1"],"picked":"SKIP","floor":37},{"not_picked":["Wild Strike","Evolve+1"],"picked":"Brutality+1","floor":41},{"not_picked":["Headbutt","True Grit+1","Cleave"],"picked":"SKIP","floor":42},{"not_picked":["Hemokinesis","Feel No Pain+1"],"picked":"Warcry+1","floor":45},{"not_picked":["Shockwave+1","Perfected Strike+1","Bludgeon"],"picked":"SKIP","floor":46},{"not_picked":["Havoc+1","Flex+1"],"picked":"Warcry+1","floor":54}],"player_experience":220510,"relics_obtained":[{"floor":6.0,"key":"Dream Catcher"},{"floor":8.0,"key":"Ancient Tea Set"},{"floor":9.0,"key":"StrikeDummy"},{"floor":11.0,"key":"Whetstone"},{"floor":13.0,"key":"TungstenRod"},{"floor":24.0,"key":"Lantern"},{"floor":26.0,"key":"Frozen Egg 2"},{"floor":27.0,"key":"Art of War"},{"floor":30.0,"key":"Blood Vial"},{"floor":38,"key":"MealTicket"},{"floor":41,"key":"Bottled Flame"},{"floor":43,"key":"Toxic Egg 2"},{"floor":46,"key":"PreservedInsect"},{"floor":54,"key":"Torii"}],"event_choices":[{"cards_removed":["Strike_R"],"damage_healed":0.0,"max_hp_gain":0.0,"max_hp_loss":0.0,"gold_gain":0.0,"event_name":"Purifier","player_choice":"Purged","floor":2.0,"gold_loss":0.0,"damage_taken":0.0},{"damage_healed":0.0,"max_hp_gain":0.0,"max_hp_loss":0.0,"gold_gain":0.0,"event_name":"Shining Light","player_choice":"Entered Light","floor":14.0,"gold_loss":0.0,"damage_taken":16.0,"cards_upgraded":["Metallicize","Defend_R"]},{"damage_healed":0.0,"max_hp_gain":0.0,"max_hp_loss":0.0,"gold_gain":0.0,"event_name":"Lab","player_choice":"Got Potions","floor":28.0,"gold_loss":0.0,"damage_taken":0.0},{"cards_removed":["Strike_R"],"damage_healed":0,"gold_gain":0,"player_choice":"Upgrade and Remove","damage_taken":0,"max_hp_gain":0,"max_hp_loss":0,"event_name":"Designer","floor":39,"gold_loss":90,"cards_upgraded":["Disarm"]}],"is_beta":false,"boss_relics":[{"not_picked":["Calling Bell","Cursed Key"],"picked":"Velvet Choker"},{"not_picked":["Runic Cube","Black Blood"],"picked":"Sozu"}],"items_purged_floors":[19,21],"is_endless":false,"potions_floor_spawned":[3,5,6,8,18,22,27,30,35,36,37],"ascension_level":6}}