{"host":"9tzam4717zt8ei1o","time":1609498584,"event":{"mods":["BaseMod","Colored Map","Keyboard Shortcuts","Minty Spire (QoL Compilation)","Quick Restart","StSLib","SuperFastMode"],"gold_per_floor":[114,133,55,55,55,55,75,89,89,104,104,120,140,151,151,223,223,239,164,184,84,104,104,131,131,131,131,148,23,73,73,73,151,151,161,11,36,36,55,85,85,114,165,179,179,179,197,226,226,226,226,226,226,51,86,86],"floor_reached":57,"playtime":5047,"items_purged":["Dagger Spray","Outmaneuver","Poisoned Stab","Quick Slash","Reflex"],"score":2954,"play_id":"ccf2cf3b-55a8-423f-b381-1d33fba19448","local_time":"20210101195624","is_ascension_mode":true,"campfire_choices":[{"data":"Deadly Poison","floor":6.0,"key":"SMITH"},{"data":"Poisoned Stab","floor":11.0,"key":"SMITH"},{"data":"Acrobatics","floor":15.0,"key":"SMITH"},{"data":"Tactician","floor":23.0,"key":"SMITH"},{"floor":25.0,"key":"REST"},{"data":"Acrobatics","floor":27.0,"key":"SMITH"},{"data":"Tactician","floor":32.0,"key":"SMITH"},{"data":"Wraith Form v2","floor":41.0,"key":"SMITH"},{"data":"Adrenaline","floor":46.0,"key":"SMITH"},{"floor":49.0,"key":"RECALL"},{"data":"Flechettes","floor":53,"key":"SMITH"}],"circlet_count":0,"master_deck":["AscendersBane","Survivor","Neutralize","After Image","PiercingWail","Tactician+1","Acrobatics+1","Escape Plan","Malaise","Burst+1","Well Laid Plans","Acrobatics+1","Venomology","Envenom","Reflex","Flechettes+1","Tactician+1","Deflect+1","Eviscerate","Adrenaline+1","Wraith Form v2+1","Master of Strategy+1"],"relics":["Ring of the Snake","Mummified Hand","Question Card","Pandora\u0027s Box","Dream Catcher","Tingsha","Empty Cage","Unceasing Top","Incense Burner","Eternal Feather","War Paint","Toy Ornithopter"],"acts_visited":["Exordium","TheCity","TheBeyond","TheEnding"],"potions_floor_usage":[51,51,56],"damage_taken":[{"damage":3.0,"enemies":"Cultist","floor":1.0,"turns":4.0},{"damage":0.0,"enemies":"2 Louse","floor":2.0,"turns":4.0},{"damage":4.0,"enemies":"Small Slimes","floor":7.0,"turns":4.0},{"damage":0.0,"enemies":"3 Louse","floor":8.0,"turns":3.0},{"damage":5.0,"enemies":"Blue Slaver","floor":10.0,"turns":4.0},{"damage":0.0,"enemies":"2 Fungi Beasts","floor":12.0,"turns":4.0},{"damage":2.0,"enemies":"3 Louse","floor":13.0,"turns":3.0},{"damage":0.0,"enemies":"Large Slime","floor":14.0,"turns":6.0},{"damage":6.0,"enemies":"Hexaghost","floor":16.0,"turns":9.0},{"damage":8.0,"enemies":"Spheric Guardian","floor":18.0,"turns":4.0},{"damage":11.0,"enemies":"3 Byrds","floor":20.0,"turns":4.0},{"damage":15.0,"enemies":"Centurion and Healer","floor":22.0,"turns":7.0},{"damage":23.0,"enemies":"Book of Stabbing","floor":24.0,"turns":6.0},{"damage":0.0,"enemies":"Snake Plant","floor":28.0,"turns":4.0},{"damage":0.0,"enemies":"Collector","floor":33.0,"turns":6.0},{"damage":0.0,"enemies":"Orb Walker","floor":35.0,"turns":3.0},{"damage":1.0,"enemies":"Mind Bloom Boss Battle","floor":37.0,"turns":4.0},{"damage":0.0,"enemies":"3 Darklings","floor":39.0,"turns":2.0},{"damage":0.0,"enemies":"Giant Head","floor":40.0,"turns":3.0},{"damage":0.0,"enemies":"Nemesis","floor":42.0,"turns":3.0},{"damage":0.0,"enemies":"Maw","floor":44.0,"turns":4.0},{"damage":0.0,"enemies":"Jaw Worm Horde","floor":47.0,"turns":2.0},{"damage":0.0,"enemies":"Reptomancer","floor":48.0,"turns":5.0},{"damage":4.0,"enemies":"Awakened One","floor":50.0,"turns":9.0},{"damage":7,"enemies":"Time Eater","floor":51,"turns":8},{"damage":0,"enemies":"Shield and Spear","floor":55,"turns":6},{"damage":97,"enemies":"The Heart","floor":56,"turns":11}],"seed_played":"8799996750434759550","potions_obtained":[{"floor":2.0,"key":"PowerPotion"},{"floor":7.0,"key":"ColorlessPotion"},{"floor":10.0,"key":"Regen Potion"},{"floor":12.0,"key":"DuplicationPotion"},{"floor":18.0,"key":"Fruit Juice"},{"floor":47.0,"key":"LiquidMemories"},{"floor":55,"key":"PowerPotion"}],"is_trial":false,"path_per_floor":["M","M","$","?","?","R","M","M","T","M","R","M","M","M","R","B",null,"M","$","M","$","M","R","E","R","T","R","M","$","?","?","R","B",null,"M","$","?","?","M","E","R","E","T","M","?","R","M","E","R","B","B",null,"R","$","E","B",null],"character_chosen":"THE_SILENT","items_purchased":["Tactician"],"campfire_rested":1,"item_purchase_floors":[3],"current_hp_per_floor":[56,56,56,36,36,36,32,32,32,27,27,27,25,25,25,19,54,65,65,54,54,39,39,16,37,37,37,37,37,37,17,17,17,61,61,61,60,60,60,60,60,60,60,60,60,72,72,72,72,68,61,69,72,72,72,3],"gold":86,"neow_bonus":"ONE_RANDOM_RARE_CARD","is_daily":false,"chose_seed":false,"campfire_upgraded":9,"win_rate":0.0,"timestamp":1609498584,"path_taken":["M","M","$","?","?","R","M","?","T","M","R","M","M","M","R","BOSS","M","$","M","$","M","R","E","R","T","R","M","$","?","?","R","BOSS","M","$","?","?","M","E","R","E","T","M","?","R","M","E","R","BOSS","BOSS","R","$","E","BOSS"],"items_purchased_type":["Card"],"build_version":"2020-12-22","purchased_purges":5,"victory":true,"max_hp_per_floor":[66,66,66,66,66,66,66,66,66,66,66,66,66,66,66,66,66,71,71,71,71,71,71,71,71,71,71,71,71,71,76,76,76,76,76,76,76,72,72,72,72,72,72,72,72,72,72,72,72,72,72,72,72,72,72,72],"card_choices":[{"not_picked":["Dodge and Roll","Finisher"],"picked":"PiercingWail","floor":1.0},{"not_picked":["Heel Hook","PiercingWail"],"picked":"Deadly Poison","floor":2.0},{"not_picked":["Underhanded Strike","Quick Slash"],"picked":"Poisoned Stab","floor":7.0},{"not_picked":["Bane","Reflex"],"picked":"Acrobatics","floor":8.0},{"not_picked":["Concentrate","Outmaneuver","Dagger Spray"],"picked":"Poisoned Stab","floor":10.0},{"not_picked":["Deflect","Quick Slash","Poisoned Stab"],"picked":"Escape Plan","floor":12.0},{"not_picked":["Dagger Spray","Deadly Poison","Dagger Throw","Endless Agony"],"picked":"SKIP","floor":13.0},{"not_picked":["Dagger Throw","Deflect","Dodge and Roll"],"picked":"Reflex","floor":14.0},{"not_picked":["Storm of Steel","A Thousand Cuts","Bullet Time"],"picked":"Malaise","floor":16.0},{"not_picked":["Quick Slash","Crippling Poison","PiercingWail","Prepared"],"picked":"SKIP","floor":18.0},{"not_picked":["Bane","Backflip","Quick Slash"],"picked":"Tactician","floor":20.0},{"not_picked":["Outmaneuver","Flechettes","Accuracy","Distraction"],"picked":"SKIP","floor":22.0},{"not_picked":["PiercingWail","Well Laid Plans","Dodge and Roll","Dagger Throw"],"picked":"SKIP","floor":24.0},{"not_picked":["Finisher","Deadly Poison","Bullet Time"],"picked":"Deflect+1","floor":25.0},{"not_picked":["PiercingWail","Underhanded Strike","Acrobatics"],"picked":"Eviscerate","floor":28.0},{"not_picked":["Wraith Form v2","Phantasmal Killer","Die Die Die"],"picked":"Adrenaline","floor":33.0},{"not_picked":["Sucker Punch","Endless Agony","Deadly Poison+1","Outmaneuver+1"],"picked":"SKIP","floor":35.0},{"not_picked":["Deadly Poison","Noxious Fumes","Endless Agony","Poisoned Stab"],"picked":"SKIP","floor":39.0},{"not_picked":["Blur","Predator","Poisoned Stab"],"picked":"Wraith Form v2","floor":40.0},{"not_picked":["Backflip","Bane+1","Storm of Steel","Quick Slash"],"picked":"SKIP","floor":42.0},{"not_picked":["Bouncing Flask","Predator+1","Prepared","Slice"],"picked":"SKIP","floor":44.0},{"not_picked":["Discovery","Apotheosis","Dark Shackles"],"picked":"Master of Strategy","floor":45.0},{"not_picked":["Masterful Stab","Blur","Cloak And Dagger","Quick Slash+1"],"picked":"SKIP","floor":47.0},{"not_picked":["Flying Knee","Quick Slash","Blur","Blade Dance+1"],"picked":"SKIP","floor":48.0},{"not_picked":["Finisher","PiercingWail","Blade Dance","Sucker Punch"],"picked":"SKIP","floor":55}],"player_experience":135014,"relics_obtained":[{"floor":5.0,"key":"Mummified Hand"},{"floor":9.0,"key":"Question Card"},{"floor":24.0,"key":"Dream Catcher"},{"floor":26.0,"key":"Tingsha"},{"floor":37.0,"key":"Unceasing Top"},{"floor":40.0,"key":"Incense Burner"},{"floor":42.0,"key":"Eternal Feather"},{"floor":48.0,"key":"War Paint"},{"floor":55,"key":"Toy Ornithopter"}],"event_choices":[{"damage_healed":0.0,"max_hp_gain":0.0,"max_hp_loss":0.0,"gold_gain":0.0,"event_name":"Shining Light","player_choice":"Entered Light","floor":4.0,"gold_loss":0.0,"damage_taken":20.0,"cards_upgraded":["Strike_G","Strike_G"]},{"damage_healed":0.0,"max_hp_gain":0.0,"max_hp_loss":0.0,"gold_gain":0.0,"event_name":"Wheel of Change","player_choice":"Relic","floor":5.0,"gold_loss":0.0,"damage_taken":0.0},{"damage_healed":0.0,"max_hp_gain":0.0,"max_hp_loss":0.0,"gold_gain":50.0,"event_name":"Nest","player_choice":"Stole From Cult","floor":30.0,"gold_loss":0.0,"damage_taken":0.0},{"damage_healed":0.0,"max_hp_gain":5.0,"max_hp_loss":0.0,"gold_gain":0.0,"event_name":"Forgotten Altar","player_choice":"Shed Blood","floor":31.0,"gold_loss":0.0,"damage_taken":25.0},{"damage_healed":0.0,"max_hp_gain":0.0,"max_hp_loss":0.0,"gold_gain":0.0,"event_name":"MindBloom","player_choice":"Fight","floor":37.0,"gold_loss":0.0,"damage_taken":0.0},{"damage_healed":0.0,"max_hp_gain":0.0,"max_hp_loss":4.0,"gold_gain":0.0,"event_name":"Winding Halls","player_choice":"Max HP","floor":38.0,"gold_loss":0.0,"damage_taken":0.0},{"damage_healed":0.0,"max_hp_gain":0.0,"max_hp_loss":0.0,"gold_gain":0.0,"event_name":"SensoryStone","player_choice":"Memory 1","floor":45.0,"gold_loss":0.0,"damage_taken":0.0}],"is_beta":false,"boss_relics":[{"not_picked":["WristBlade","HoveringKite"],"picked":"Pandora\u0027s Box"},{"not_picked":["Black Star","SlaversCollar"],"picked":"Empty Cage"}],"items_purged_floors":[19,21,29,36,54],"is_endless":false,"potions_floor_spawned":[2,7,10,12,18,24,28,33,39,47,48,55],"ascension_level":20}}