{"host":"wkcoec525dnrk4jw","time":1609477031,"event":{"mods":["BaseMod","Conspire","Minty Spire (QoL Compilation)","Quick Restart","Replay The Spire","Shop Mod","StSLib","TestMod","The Bug Knight","The Cursed","[IsaacMod]ÒÔÈö¼âËþ"],"gold_per_floor":[115,115,145,192,204,284,284,311,336,658,675,688,706,740,849,946,946,962,142,142,142,156,188,188,242,242,351,362,387,387,1,148,245,245,293,293,312,18,80,113,113,146,199,215,228,278,288,4,4,4],"floor_reached":51,"playtime":2853,"items_purged":["Bash"],"score":1738,"play_id":"03c3f283-054b-499e-9352-9fa528c92bad","local_time":"20210101125711","is_ascension_mode":true,"campfire_choices":[{"data":"Berserk","floor":7.0,"key":"SMITH"},{"floor":15.0,"key":"REST"},{"floor":24.0,"key":"REST"},{"floor":30.0,"key":"REST"},{"floor":32.0,"key":"REST"},{"floor":49,"key":"REST"}],"circlet_count":0,"master_deck":["AscendersBane","Strike_R","Strike_R","Strike_R","Strike_R+1","Strike_R","Defend_R","Defend_R","Defend_R","Defend_R","Inflame","Power Through","Berserk+1","Flex","Sever Soul","ReplayTheSpireMod:Muscle Training","Metallicize","Heavy Blade","Wild Strike","Flex","Combust","Feed","Barricade+1","The Bomb+1","Heavy Blade","Carnage","Warcry+1","Battle Trance","Sword Boomerang","Evolve","Rupture","RitualDagger","TheCursedMod:Dregs","Infernal Blade","Carnage","Twin Strike","Sword Boomerang+1","Flex","ReplayReversal","Pummel","Impervious","Demonic Infusion","Massacre","Thunderclap+1","Shrug It Off+1","Rupture","Pummel","Flex","Sever Soul+1","ReplayReversal","Anger","Thunderclap+1","Mind Blast"],"relics":["Burning Blood","HushsDoor","testmod-TestBox","testmod-HeartOfStrike","Ornamental Fan","Blue Doll","Anchor","BelialBook","Blood Vial","Mark of Pain","testmod-Justice","testmod-Hope","Orrery","Bag of Preparation","Chameleon Ring","Pet Ghost","Bronze Scales","Regal Pillow","testmod-Antiphasic","conspire:TreasureMap","Busted Crown","ReplayTheSpireMod:Shallot","Membership Card","Meat on the Bone","BloodBag","HollowMod:PaleOreRelic","Charon\u0027s Ashes","Mango","Pocketwatch","Guide Book","Bird Faced Urn"],"acts_visited":["Exordium","TheCity","TheBeyond"],"potions_floor_usage":[42,45,50],"damage_taken":[{"damage":5.0,"enemies":"Small Slimes","floor":1.0,"turns":2.0},{"damage":0.0,"enemies":"Cultist","floor":3.0,"turns":2.0},{"damage":7.0,"enemies":"Jaw Worm","floor":4.0,"turns":2.0},{"damage":0.0,"enemies":"Large Slime","floor":5.0,"turns":2.0},{"damage":2.0,"enemies":"Gremlin Nob","floor":6.0,"turns":4.0},{"damage":0.0,"enemies":"3 Sentries","floor":8.0,"turns":2.0},{"damage":22.0,"enemies":"HollowMod:MossKnight","floor":10.0,"turns":8.0},{"damage":5.0,"enemies":"3 Louse","floor":11.0,"turns":4.0},{"damage":1.0,"enemies":"Looter","floor":12.0,"turns":2.0},{"damage":1.0,"enemies":"Exordium Wildlife","floor":13.0,"turns":2.0},{"damage":18.0,"enemies":"Lagavulin","floor":14.0,"turns":3.0},{"damage":40.0,"enemies":"Hexaghost","floor":16.0,"turns":5.0},{"damage":18.0,"enemies":"conspire:FuzzyDice","floor":18.0,"turns":4.0},{"damage":2.0,"enemies":"3 Cultists","floor":22.0,"turns":4.0},{"damage":10.0,"enemies":"Gremlin Leader","floor":23.0,"turns":2.0},{"damage":6.0,"enemies":"Slavers","floor":25.0,"turns":2.0},{"damage":27.0,"enemies":"conspire:Head Lice","floor":27.0,"turns":7.0},{"damage":22.0,"enemies":"Snake Plant","floor":28.0,"turns":3.0},{"damage":21.0,"enemies":"Gremlin Leader","floor":29.0,"turns":4.0},{"damage":6.0,"enemies":"Pondfish","floor":33.0,"turns":4.0},{"damage":2.0,"enemies":"3 Darklings","floor":35.0,"turns":4.0},{"damage":25.0,"enemies":"3 Shapes","floor":37.0,"turns":2.0},{"damage":1.0,"enemies":"Spire Growth","floor":39.0,"turns":4.0},{"damage":127,"enemies":"Reptomancer","floor":40,"turns":5},{"damage":12,"enemies":"Nemesis","floor":42,"turns":6},{"damage":0,"enemies":"Transient","floor":44,"turns":5},{"damage":38,"enemies":"Writhing Mass","floor":45,"turns":4},{"damage":35,"enemies":"Mind Bloom Boss Battle","floor":46,"turns":4},{"damage":8,"enemies":"3 Darklings","floor":47,"turns":4},{"damage":104,"enemies":"conspire:OrnateMirror","floor":50,"turns":6}],"seed_played":"1645735979846472391","potions_obtained":[{"floor":4.0,"key":"GamblersBrew"},{"floor":5.0,"key":"BlessingOfTheForge"},{"floor":6.0,"key":"BloodPotion"},{"floor":12.0,"key":"FearPotion"},{"floor":18.0,"key":"Explosive Potion"},{"floor":28.0,"key":"Elixir"},{"floor":40,"key":"Adrenaline Potion"},{"floor":42,"key":"Venom Potion"},{"floor":44,"key":"BloodPotion"},{"floor":46,"key":"SpeedPotion"},{"floor":47,"key":"Adrenaline Potion"}],"is_trial":false,"path_per_floor":["M","?","M","M","M","E","R","E","T","E","M","M","M","E","R","B",null,"M","$","?","?","M","E","R","E","T","E","M","E","R","$","R","B",null,"M","T","M","$","M","E","?","E","T","M","M","?","M","$","R","B",null],"character_chosen":"IRONCLAD","items_purchased":["Barricade","FairyPotion","The Bomb","testmod-Justice","testmod-Hope","Orrery","Rupture","conspire:TreasureMap","Pummel","Impervious","Membership Card","Meat on the Bone","Shrug It Off+1","Guide Book","Bird Faced Urn","Mind Blast"],"campfire_rested":5,"item_purchase_floors":[17,17,17,19,19,19,19,31,31,31,38,38,38,48,48,48],"current_hp_per_floor":[81,81,84,81,87,86,86,88,88,52,53,58,63,51,60,28,63,53,53,47,47,53,51,73,78,78,51,37,24,62,62,78,78,78,78,78,59,59,66,27,92,86,100,106,105,80,80,80,109,29],"gold":4,"neow_bonus":"TEN_PERCENT_HP_BONUS","is_daily":false,"chose_seed":false,"campfire_upgraded":1,"win_rate":0.0,"timestamp":1609477031,"path_taken":["M","?","M","?","M","E","R","E","T","E","M","?","M","E","R","BOSS","M","$","?","?","M","E","R","E","T","E","M","E","R","$","R","BOSS","M","?","M","?","M","E","?","E","T","M","?","?","M","$","R","BOSS"],"items_purchased_type":["Card","Potion","Card","Relic","Relic","Relic","Card","Relic","Card","Card","Relic","Relic","Card","Relic","Relic","Card"],"build_version":"2020-12-22","purchased_purges":1,"victory":true,"max_hp_per_floor":[88,88,88,88,88,88,88,88,88,88,88,88,88,88,88,88,75,75,75,75,75,75,75,75,78,78,78,78,78,78,78,78,78,78,78,78,78,78,85,105,92,92,106,106,106,109,109,109,109,109],"card_choices":[{"not_picked":[],"picked":"Bomb","floor":0.0},{"not_picked":["Pommel Strike","Disarm"],"picked":"Inflame","floor":1.0},{"not_picked":["ReplayTheSpireMod:Stacked","Armaments"],"picked":"Power Through","floor":3.0},{"not_picked":["True Grit","Fire Breathing"],"picked":"Berserk","floor":4.0},{"not_picked":["Infernal Blade","Shrug It Off"],"picked":"Flex","floor":5.0},{"not_picked":["Metallicize","Headbutt"],"picked":"Sever Soul","floor":6.0},{"not_picked":["Replay:Undeath\u0027s Touch","Anger"],"picked":"ReplayTheSpireMod:Muscle Training","floor":8.0},{"not_picked":["Replay:Undeath\u0027s Touch","Dropkick"],"picked":"Metallicize","floor":10.0},{"not_picked":["Flex","Seeing Red"],"picked":"Heavy Blade","floor":11.0},{"not_picked":["Dark Embrace","Sentinel"],"picked":"Wild Strike","floor":12.0},{"not_picked":["Heavy Blade","True Grit"],"picked":"Flex","floor":13.0},{"not_picked":["Perfected Strike","Searing Blow"],"picked":"Combust","floor":14.0},{"not_picked":["Juggernaut","Hemogenesis"],"picked":"Feed","floor":16.0},{"not_picked":["Run Through","Headbutt"],"picked":"Heavy Blade","floor":18.0},{"not_picked":["Ghostly Armor","Metallicize"],"picked":"Carnage","floor":19.0},{"not_picked":["Thunderclap","Battle Trance"],"picked":"Warcry+1","floor":19.0},{"not_picked":["Feel No Pain","Pommel Strike"],"picked":"Battle Trance","floor":19.0},{"not_picked":["Perfected Strike","conspire:Charge"],"picked":"Sword Boomerang","floor":19.0},{"not_picked":["Armaments","Anger"],"picked":"Evolve","floor":19.0},{"not_picked":["Clothesline","Fiend Fire"],"picked":"Infernal Blade","floor":22.0},{"not_picked":["Disarm","Power Through"],"picked":"Carnage","floor":23.0},{"not_picked":["Thunderclap","Second Wind"],"picked":"Twin Strike","floor":25.0},{"not_picked":["ReplayTheSpireMod:Strike From Hell","Pommel Strike"],"picked":"Sword Boomerang+1","floor":27.0},{"not_picked":["Uppercut","True Grit"],"picked":"Flex","floor":28.0},{"not_picked":["ReplayTheSpireMod:Stacked","Reckless Charge"],"picked":"ReplayReversal","floor":29.0},{"not_picked":["Exhume","Barricade"],"picked":"Demonic Infusion","floor":33.0},{"not_picked":[],"picked":"Massacre","floor":35.0},{"not_picked":[],"picked":"Thunderclap+1","floor":37.0},{"not_picked":[],"picked":"Rupture","floor":39.0},{"not_picked":[],"picked":"Pummel","floor":40},{"not_picked":[],"picked":"Flex","floor":42},{"not_picked":[],"picked":"Sever Soul+1","floor":44},{"not_picked":[],"picked":"ReplayReversal","floor":45},{"not_picked":[],"picked":"Anger","floor":46},{"not_picked":[],"picked":"Thunderclap+1","floor":47}],"player_experience":181810,"relics_obtained":[{"floor":6.0,"key":"Ornamental Fan"},{"floor":8.0,"key":"Blue Doll"},{"floor":9.0,"key":"Anchor"},{"floor":10.0,"key":"BelialBook"},{"floor":14.0,"key":"Blood Vial"},{"floor":23.0,"key":"Chameleon Ring"},{"floor":25.0,"key":"Pet Ghost"},{"floor":26.0,"key":"Bronze Scales"},{"floor":27.0,"key":"Regal Pillow"},{"floor":29.0,"key":"testmod-Antiphasic"},{"floor":36.0,"key":"ReplayTheSpireMod:Shallot"},{"floor":40,"key":"HollowMod:PaleOreRelic"},{"floor":42,"key":"Charon\u0027s Ashes"},{"floor":43,"key":"Mango"},{"floor":46,"key":"Pocketwatch"}],"event_choices":[{"damage_healed":0.0,"max_hp_gain":0.0,"max_hp_loss":0.0,"gold_gain":0.0,"event_name":"Nest","player_choice":"Joined the Cult","floor":20.0,"gold_loss":0.0,"damage_taken":6.0,"cards_obtained":["RitualDagger"]},{"damage_healed":92,"gold_gain":0,"player_choice":"Heal","damage_taken":0,"max_hp_gain":0,"max_hp_loss":13,"event_name":"The Moai Head","floor":41,"gold_loss":0},{"damage_healed":0,"gold_gain":0,"player_choice":"Fight","damage_taken":0,"max_hp_gain":0,"max_hp_loss":0,"event_name":"MindBloom","floor":46,"gold_loss":0}],"is_beta":false,"boss_relics":[{"not_picked":["testmod-Recursion","testmod-HarvestTotem"],"picked":"Mark of Pain"},{"not_picked":[]},{"not_picked":["Replay:Drink Me","Pandora\u0027s Box"],"picked":"Busted Crown"},{"not_picked":[]}],"items_purged_floors":[19],"is_endless":false,"potions_floor_spawned":[4,5,6,8,12,14,18,28,40,42,44,46,47],"ascension_level":11}}