{"host":"s1gi8xs3so6zkrm7","time":1609527595,"event":{"mods":["BaseMod","Filter the Spire","Minty Spire (QoL Compilation)"],"gold_per_floor":[117,117,117,117,132,132,171,171,239,15,15,15],"floor_reached":11,"playtime":254,"items_purged":[],"score":76,"play_id":"da8c2411-5a90-4b40-ab4b-ad70e811dc82","local_time":"20210101125955","is_ascension_mode":true,"campfire_choices":[{"data":"Regret","floor":6.0,"key":"PURGE"},{"floor":8,"key":"REST"}],"circlet_count":0,"master_deck":["Strike_P+1","Strike_P","Strike_P","Strike_P","Defend_P","Defend_P","Defend_P+1","Defend_P","Eruption","Vigilance","BowlingBash","Crescendo","TalkToTheHand","Pray"],"relics":["SacredBark","Peace Pipe","Golden Idol","HornCleat","Matryoshka","Frozen Eye"],"acts_visited":["Exordium"],"potions_floor_usage":[],"damage_taken":[{"damage":10.0,"enemies":"Cultist","floor":1.0,"turns":4.0},{"damage":2.0,"enemies":"Small Slimes","floor":5.0,"turns":3.0},{"damage":18,"enemies":"3 Sentries","floor":7,"turns":4},{"damage":89,"enemies":"Gremlin Nob","floor":11,"turns":4}],"seed_played":"4122260802431289526","potions_obtained":[{"floor":5.0,"key":"EssenceOfSteel"}],"is_trial":false,"path_per_floor":["M","?","?","?","M","R","E","R","T","$","E"],"character_chosen":"WATCHER","items_purchased":["Frozen Eye","Pray"],"campfire_rested":1,"item_purchase_floors":[10,10],"current_hp_per_floor":[62,62,48,48,46,46,28,48,48,48,0,0],"gold":15,"neow_bonus":"BOSS_RELIC","is_daily":false,"chose_seed":false,"campfire_upgraded":0,"win_rate":0.0,"timestamp":1609527595,"path_taken":["M","?","?","?","M","R","E","R","T","?","E"],"items_purchased_type":["Relic","Card"],"build_version":"2020-12-22","purchased_purges":0,"victory":false,"max_hp_per_floor":[72,72,72,67,67,67,67,67,67,67,67,67],"card_choices":[{"not_picked":["Halt","CarveReality"],"picked":"BowlingBash","floor":1.0},{"not_picked":["Collect","EmptyFist"],"picked":"Crescendo","floor":5.0},{"not_picked":["WindmillStrike","Consecrate"],"picked":"TalkToTheHand","floor":7}],"player_experience":233362,"relics_obtained":[{"floor":7,"key":"HornCleat"},{"floor":9,"key":"Matryoshka"}],"event_choices":[{"damage_healed":0.0,"max_hp_gain":0.0,"max_hp_loss":0.0,"gold_gain":0.0,"event_name":"Big Fish","player_choice":"Box","floor":2.0,"gold_loss":0.0,"damage_taken":0.0,"relics_obtained":["Peace Pipe"],"cards_obtained":["Regret"]},{"damage_healed":0.0,"max_hp_gain":0.0,"max_hp_loss":0.0,"gold_gain":0.0,"event_name":"Shining Light","player_choice":"Entered Light","floor":3.0,"gold_loss":0.0,"damage_taken":14.0,"cards_upgraded":["Strike_P","Defend_P"]},{"damage_healed":0.0,"max_hp_gain":0.0,"max_hp_loss":5.0,"gold_gain":0.0,"event_name":"Golden Idol","player_choice":"Lose Max HP","floor":4.0,"gold_loss":0.0,"damage_taken":0.0,"relics_obtained":["Golden Idol"]}],"is_beta":false,"boss_relics":[],"items_purged_floors":[],"is_endless":false,"potions_floor_spawned":[5],"killed_by":"Gremlin Nob","ascension_level":2}}