{"host":"0rxdudjy6rylha1k","time":1609524535,"event":{"mods":["Aspiration","BaseMod","Colored Map","Colored Powertips","Downfall","Highlight Path","Hubris","Minty Spire (QoL Compilation)","StSLib"],"gold_per_floor":[99,112,128,141,5,30,85,85,103,28,13,23,23,23,35,35,35,35],"floor_reached":16,"playtime":2697,"items_purged":[],"score":148,"play_id":"bf26a28e-afa0-40dc-898f-5f2722e7343a","local_time":"20210101110855","is_ascension_mode":true,"campfire_choices":[{"floor":1,"key":"RECALL"},{"data":"Slimebound:Split","floor":10,"key":"SMITH"},{"data":"Slimebound:GrowthPunch","floor":13,"key":"SMITH"}],"circlet_count":0,"master_deck":["Slimebound:Strike_Slimebound","Slimebound:Strike_Slimebound","Slimebound:Strike_Slimebound","Slimebound:Tackle","Slimebound:Defend_Slimebound","Slimebound:Defend_Slimebound","Slimebound:Defend_Slimebound","Slimebound:Defend_Slimebound","Slimebound:Split+1","Slimebound:CorrosiveSpit","Slimebound:GrowthPunch+1","Slimebound:LeechingTouch","Slimebound:AcidTongue+1","Slimebound:SlimeSpikes","Slimebound:SplitMire","Slimebound:SplitLeeching","Slimebound:LeechEnergy","Slimebound:SplitLeeching","Slimebound:SplitAcid","Slimebound:SlimeTap","Slimebound:GoopSpray","Slimebound:MinionMaster"],"relics":["Slimebound:AbsorbEndCombat","Peace Pipe","hubris:Towel","downfall:HeartBlessingBlue"],"acts_visited":["Exordium"],"potions_floor_usage":[6,16,16],"damage_taken":[{"damage":6,"enemies":"Cultist","floor":2,"turns":4},{"damage":7,"enemies":"Jaw Worm","floor":3,"turns":5},{"damage":6,"enemies":"2 Louse","floor":4,"turns":3},{"damage":4,"enemies":"downfall:FleeingMerchant","floor":5,"turns":4},{"damage":23,"enemies":"Lagavulin","floor":6,"turns":6},{"damage":22,"enemies":"Exordium Thugs","floor":9,"turns":4},{"damage":24,"enemies":"downfall:FleeingMerchant","floor":11,"turns":4},{"damage":16,"enemies":"2 Fungi Beasts","floor":12,"turns":3},{"damage":20,"enemies":"Blue Slaver","floor":15,"turns":3},{"damage":85,"enemies":"downfall:Defect","floor":16,"turns":6}],"seed_played":"5346290938609634678","potions_obtained":[{"floor":4,"key":"AttackPotion"},{"floor":9,"key":"GamblersBrew"},{"floor":15,"key":"Energy Potion"}],"is_trial":false,"path_per_floor":["R","M","M","M","$","E","T","?","M","R","$","M","R","?","M","B"],"character_chosen":"SLIMEBOUND","items_purchased":["Slimebound:SplitMire","Slimebound:SplitLeeching","Slimebound:LeechEnergy"],"campfire_rested":0,"item_purchase_floors":[5,5,5],"current_hp_per_floor":[54,58,60,56,60,53,53,53,49,59,61,67,67,67,68,0,0,0],"gold":35,"neow_bonus":"THREE_CARDS","is_daily":false,"chose_seed":false,"campfire_upgraded":2,"win_rate":0.0,"timestamp":1609524535,"path_taken":["R","M","M","M","?","E","T","?","M","R","$","M","R","?","M","BOSS"],"items_purchased_type":["Card","Card","Card"],"build_version":"2020-12-22","purchased_purges":0,"victory":false,"max_hp_per_floor":[60,60,60,60,60,60,60,60,60,70,70,70,70,70,70,70,70,70],"card_choices":[{"not_picked":["Slimebound:Chomp","Slimebound:Schlurp"],"picked":"Slimebound:GrowthPunch","floor":0},{"not_picked":["Slimebound:FormOfPuddle","Slimebound:ComboTackle"],"picked":"Slimebound:LeechingTouch","floor":2},{"not_picked":["Slimebound:Repurpose","Slimebound:ComboTackle"],"picked":"Slimebound:AcidTongue","floor":3},{"not_picked":["Slimebound:GoopSpray","Slimebound:Prepare"],"picked":"Slimebound:SlimeSpikes","floor":4},{"not_picked":["Slimebound:Grow","Slimebound:GrowthPunch","Slimebound:ViciousTackle"],"picked":"SKIP","floor":5},{"not_picked":["Slimebound:GoopSpray","Slimebound:Prepare"],"picked":"Slimebound:SplitLeeching","floor":6},{"not_picked":["Slimebound:FinishingTackle","Slimebound:SlimeSpikes"],"picked":"Slimebound:SplitAcid","floor":9},{"not_picked":["Slimebound:RollThrough","Slimebound:SlimeBarrage"],"picked":"Slimebound:SlimeTap","floor":11},{"not_picked":["Slimebound:GrowthPunch","Slimebound:SplitAcid"],"picked":"Slimebound:GoopSpray","floor":12},{"not_picked":["Slimebound:MegaLick","Slimebound:SplitAcid"],"picked":"Slimebound:MinionMaster","floor":15}],"player_experience":2431274,"relics_obtained":[{"floor":6,"key":"Peace Pipe"}],"event_choices":[],"is_beta":false,"boss_relics":[],"items_purged_floors":[],"is_endless":false,"potions_floor_spawned":[4,9,15],"killed_by":"downfall:Defect","ascension_level":9}}