{"host":"Sumable","time":1609472361,"event":{"mods":["AchievementEnabler","BaseMod","Better Note","BetterRewards","Googly Eyes","Hermit","Minty Spire (QoL Compilation)","Quick Restart","Shop Mod","StSLib","The Cursed","everything is the same but u backflip on backflip","slay the spire mod where everything is the same but ironclad has a cowboy hat"],"gold_per_floor":[109,135,146,2,17,17,52,71,143,143,161,161,181,181,181],"floor_reached":14,"playtime":607,"items_purged":[],"score":152,"play_id":"ce04d69b-0130-45a7-abb0-22d4903c40f4","local_time":"20201231203921","is_ascension_mode":true,"campfire_choices":[{"data":"Magnetism","floor":6.0,"key":"SMITH"},{"floor":12,"key":"REST"}],"circlet_count":0,"master_deck":["AscendersBane","Strike_R","Strike_R","Strike_R","Strike_R","Strike_R","Defend_R","Defend_R","Defend_R","Defend_R","Bash","Doubt","Magnetism+1","Twin Strike","Shrug It Off","Dark Shackles","Rampage","Reaper","Sword Boomerang","Evolve","Berserk"],"relics":["Burning Blood","Ancient Tea Set","Smiling Mask","Pantograph","FaceOfCleric"],"acts_visited":["Exordium"],"potions_floor_usage":[11],"damage_taken":[{"damage":6.0,"enemies":"Cultist","floor":1.0,"turns":4.0},{"damage":7.0,"enemies":"Small Slimes","floor":3.0,"turns":4.0},{"damage":0.0,"enemies":"2 Louse","floor":5.0,"turns":3.0},{"damage":44.0,"enemies":"Gremlin Nob","floor":7.0,"turns":5.0},{"damage":2.0,"enemies":"Looter","floor":8.0,"turns":4.0},{"damage":27,"enemies":"Gremlin Gang","floor":11,"turns":5},{"damage":27,"enemies":"Large Slime","floor":13,"turns":8},{"damage":57,"enemies":"3 Sentries","floor":14,"turns":5}],"seed_played":"-7924812872019526813","potions_obtained":[{"floor":1.0,"key":"Swift Potion"},{"floor":3.0,"key":"SteroidPotion"}],"is_trial":false,"path_per_floor":["M","T","M","$","M","R","E","M","T","?","M","R","M","E"],"character_chosen":"IRONCLAD","items_purchased":["Shrug It Off","Dark Shackles"],"campfire_rested":1,"item_purchase_floors":[4,4],"current_hp_per_floor":[72,72,71,71,77,77,39,45,45,45,34,58,45,0,0],"gold":181,"neow_bonus":"RANDOM_COLORLESS_2","is_daily":false,"chose_seed":false,"campfire_upgraded":1,"win_rate":0.0,"timestamp":1609472361,"path_taken":["M","?","M","$","M","R","E","M","T","?","?","R","M","E"],"items_purchased_type":["Card","Card"],"build_version":"2020-12-18","purchased_purges":0,"victory":false,"max_hp_per_floor":[80,80,80,80,80,80,80,80,80,80,81,81,82,82,82],"card_choices":[{"not_picked":["Secret Technique","Panache"],"picked":"Magnetism","floor":0.0},{"not_picked":["Havoc","Body Slam","Heavy Blade"],"picked":"SKIP","floor":1.0},{"not_picked":["Feel No Pain","Iron Wave"],"picked":"Twin Strike","floor":3.0},{"not_picked":["Warcry","Rupture"],"picked":"Rampage","floor":5.0},{"not_picked":["Twin Strike","Warcry"],"picked":"Reaper","floor":7.0},{"not_picked":["Body Slam","Iron Wave"],"picked":"Sword Boomerang","floor":8.0},{"not_picked":["Wild Strike","Seeing Red"],"picked":"Evolve","floor":11},{"not_picked":["Havoc","Inflame"],"picked":"Berserk","floor":13}],"player_experience":1020135,"relics_obtained":[{"floor":2.0,"key":"Ancient Tea Set"},{"floor":7.0,"key":"Smiling Mask"},{"floor":9.0,"key":"Pantograph"}],"event_choices":[{"damage_healed":0.0,"max_hp_gain":0.0,"max_hp_loss":0.0,"gold_gain":0.0,"event_name":"FaceTrader","player_choice":"Trade","floor":10.0,"gold_loss":0.0,"damage_taken":0.0,"relics_obtained":["FaceOfCleric"]}],"is_beta":true,"boss_relics":[],"items_purged_floors":[],"is_endless":false,"potions_floor_spawned":[1,3],"killed_by":"3 Sentries","ascension_level":13}}