{"host":"y7sd46uq4xlni546","time":1609528706,"event":{"mods":["AchievementEnabler","BaseMod","Colored Map","Colored Powertips","Curses Come First","Filter the Spire","Minty Spire (QoL Compilation)","Quick Restart","Random Character Button","Rare Cards Sparkle","StSLib"],"gold_per_floor":[116,116,116,92,92,130,154,198,198,233,254,254,287,366,366,494,557,576,675,701,701,721,721,764,764,787,810,810,579,604,635,635,754,754,777,1110,1110,1128,854,883,883,883,957,971,971,971,14,41,41,41],"floor_reached":51,"playtime":3298,"items_purged":[],"score":1138,"play_id":"cb392c19-e0c8-4c25-9699-76a434b9734b","local_time":"20210101201826","is_ascension_mode":true,"campfire_choices":[{"floor":12.0,"key":"REST"},{"floor":15.0,"key":"REST"},{"floor":23.0,"key":"REST"},{"data":"Tactician","floor":28.0,"key":"SMITH"},{"floor":32.0,"key":"REST"},{"floor":41.0,"key":"REST"},{"floor":46.0,"key":"REST"},{"floor":49,"key":"REST"}],"circlet_count":0,"master_deck":["Strike_G","Strike_G","Strike_G","Strike_G","Defend_G","Defend_G","Defend_G","Defend_G+1","Survivor","Neutralize","Masterful Stab+1","Dodge and Roll+1","Heel Hook","Leg Sweep","Dagger Spray","Tactician+1","Underhanded Strike","Footwork","A Thousand Cuts+1","Predator+1","All Out Attack","Cloak And Dagger+1","Phantasmal Killer","A Thousand Cuts","Bouncing Flask","Flying Knee+1","Venomology","Blur+1","Concentrate+1","Noxious Fumes","Poisoned Stab+1","Madness","Madness","Chrysalis"],"relics":["Black Star","Mercury Hourglass","Blue Candle","Pocketwatch","Ancient Tea Set","Centennial Puzzle","Ornamental Fan","Vajra","Nunchaku","Bird Faced Urn","Darkstone Periapt","Potion Belt","Tiny House","Strawberry","Oddly Smooth Stone","Bronze Scales","Blood Vial","Regal Pillow","MealTicket","Matryoshka","HoveringKite","StrikeDummy","Whetstone","Pear","White Beast Statue","Frozen Egg 2","Pantograph","Ginger","TwistedFunnel","Pen Nib","Ninja Scroll"],"acts_visited":["Exordium","TheCity","TheBeyond"],"potions_floor_usage":[48,50,50,50,50,50],"damage_taken":[{"damage":0.0,"enemies":"2 Louse","floor":1.0,"turns":4.0},{"damage":18.0,"enemies":"Lagavulin","floor":6.0,"turns":10.0},{"damage":1.0,"enemies":"Jaw Worm","floor":7.0,"turns":3.0},{"damage":4.0,"enemies":"Gremlin Nob","floor":8.0,"turns":5.0},{"damage":11.0,"enemies":"Lagavulin","floor":10.0,"turns":7.0},{"damage":0.0,"enemies":"Cultist","floor":11.0,"turns":3.0},{"damage":0.0,"enemies":"Gremlin Nob","floor":13.0,"turns":4.0},{"damage":0.0,"enemies":"Gremlin Nob","floor":14.0,"turns":4.0},{"damage":0.0,"enemies":"Slime Boss","floor":16.0,"turns":8.0},{"damage":17.0,"enemies":"2 Thieves","floor":18.0,"turns":4.0},{"damage":9.0,"enemies":"Shell Parasite","floor":22.0,"turns":7.0},{"damage":7.0,"enemies":"Gremlin Leader","floor":24.0,"turns":7.0},{"damage":0.0,"enemies":"Cultist and Chosen","floor":27.0,"turns":4.0},{"damage":9.0,"enemies":"Sentry and Sphere","floor":30.0,"turns":3.0},{"damage":35.0,"enemies":"Book of Stabbing","floor":31.0,"turns":5.0},{"damage":81.0,"enemies":"Champ","floor":33.0,"turns":15.0},{"damage":0.0,"enemies":"Orb Walker","floor":35.0,"turns":3.0},{"damage":16.0,"enemies":"3 Darklings","floor":38.0,"turns":5.0},{"damage":48.0,"enemies":"Giant Head","floor":40.0,"turns":9.0},{"damage":23.0,"enemies":"Transient","floor":44.0,"turns":5.0},{"damage":49,"enemies":"Reptomancer","floor":48,"turns":6},{"damage":93,"enemies":"Donu and Deca","floor":50,"turns":9}],"seed_played":"5682421203754576705","potions_obtained":[{"floor":1.0,"key":"Energy Potion"},{"floor":7.0,"key":"Strength Potion"},{"floor":11.0,"key":"Block Potion"},{"floor":13.0,"key":"LiquidMemories"},{"floor":14.0,"key":"FearPotion"},{"floor":17.0,"key":"Poison Potion"},{"floor":22.0,"key":"ColorlessPotion"},{"floor":27.0,"key":"SpeedPotion"},{"floor":30.0,"key":"Ancient Potion"},{"floor":33.0,"key":"AttackPotion"},{"floor":44.0,"key":"PowerPotion"},{"floor":48,"key":"Energy Potion"}],"is_trial":false,"path_per_floor":["M","?","?","$","?","E","M","E","T","E","M","R","E","?","R","B",null,"M","?","T","?","M","R","E","?","T","M","R","$","M","E","R","B",null,"M","?","?","M","$","E","R","?","T","M","?","R","$","E","R","B",null],"character_chosen":"THE_SILENT","items_purchased":["Dodge and Roll","Bouncing Flask","Regal Pillow","SkillPotion","StrikeDummy","Noxious Fumes","Chrysalis","Pantograph","Ginger","TwistedFunnel","LiquidBronze"],"campfire_rested":7,"item_purchase_floors":[4,29,29,29,39,39,47,47,47,47,47],"current_hp_per_floor":[70,53,46,46,46,28,27,23,23,12,12,33,33,33,54,56,72,55,55,62,62,57,81,77,77,77,81,81,81,73,48,82,3,62,64,64,64,54,69,41,83,71,71,54,54,92,92,51,92,7],"gold":41,"neow_bonus":"BOSS_RELIC","is_daily":false,"chose_seed":false,"campfire_upgraded":1,"win_rate":0.0,"timestamp":1609528706,"path_taken":["M","?","?","?","?","E","M","E","T","E","M","R","E","?","R","BOSS","M","?","?","?","?","R","E","?","T","M","R","$","?","E","R","BOSS","M","?","?","?","$","E","R","?","T","M","?","R","$","E","R","BOSS"],"items_purchased_type":["Card","Card","Relic","Potion","Relic","Card","Card","Relic","Relic","Relic","Potion"],"build_version":"2020-12-22","purchased_purges":0,"victory":true,"max_hp_per_floor":[70,70,70,70,70,70,70,70,70,70,70,70,70,70,70,70,75,75,75,82,82,82,82,82,82,82,82,82,82,82,82,82,82,82,82,82,82,82,82,92,92,92,92,92,92,92,92,92,92,92],"card_choices":[{"not_picked":["Eviscerate","Deflect"],"picked":"Masterful Stab","floor":1.0},{"not_picked":["Setup","Outmaneuver"],"picked":"Heel Hook","floor":6.0},{"not_picked":["Footwork","Dodge and Roll"],"picked":"Leg Sweep","floor":7.0},{"not_picked":["Deadly Poison","Endless Agony","Prepared"],"picked":"SKIP","floor":8.0},{"not_picked":["Escape Plan","Deflect"],"picked":"Dagger Spray","floor":10.0},{"not_picked":["Envenom","Heel Hook"],"picked":"Tactician","floor":11.0},{"not_picked":["Noxious Fumes","Grand Finale"],"picked":"Underhanded Strike","floor":13.0},{"not_picked":["Endless Agony","Crippling Poison"],"picked":"Footwork","floor":14.0},{"not_picked":["Glass Knife","Burst"],"picked":"A Thousand Cuts","floor":16.0},{"not_picked":["Reflex","Dagger Spray"],"picked":"Predator","floor":17.0},{"not_picked":["Flying Knee","Flechettes"],"picked":"All Out Attack","floor":18.0},{"not_picked":["Accuracy+1","Sucker Punch"],"picked":"Cloak And Dagger+1","floor":22.0},{"not_picked":["Quick Slash","Blade Dance"],"picked":"Phantasmal Killer","floor":24.0},{"not_picked":["Dodge and Roll","Quick Slash","Acrobatics"],"picked":"SKIP","floor":27.0},{"not_picked":["Slice","Expertise"],"picked":"Flying Knee+1","floor":30.0},{"not_picked":["Eviscerate","Bane","Sucker Punch"],"picked":"SKIP","floor":31.0},{"not_picked":["Envenom","Unload"],"picked":"Venomology","floor":33.0},{"not_picked":["Deflect","Flying Knee+1"],"picked":"Blur+1","floor":35.0},{"not_picked":["Dagger Throw+1","Poisoned Stab+1"],"picked":"Concentrate+1","floor":38.0},{"not_picked":["Sucker Punch","Storm of Steel"],"picked":"Poisoned Stab+1","floor":40.0},{"not_picked":["Flying Knee","Backflip","Leg Sweep"],"picked":"SKIP","floor":44.0},{"not_picked":["Infinite Blades+1","Underhanded Strike+1","Poisoned Stab"],"picked":"SKIP","floor":48}],"player_experience":581559,"relics_obtained":[{"floor":6.0,"key":"Blue Candle"},{"floor":6.0,"key":"Pocketwatch"},{"floor":8.0,"key":"Ancient Tea Set"},{"floor":8.0,"key":"Centennial Puzzle"},{"floor":9.0,"key":"Ornamental Fan"},{"floor":10.0,"key":"Vajra"},{"floor":10.0,"key":"Nunchaku"},{"floor":13.0,"key":"Bird Faced Urn"},{"floor":13.0,"key":"Darkstone Periapt"},{"floor":14.0,"key":"Potion Belt"},{"floor":20.0,"key":"Strawberry"},{"floor":24.0,"key":"Oddly Smooth Stone"},{"floor":24.0,"key":"Bronze Scales"},{"floor":26.0,"key":"Blood Vial"},{"floor":31.0,"key":"MealTicket"},{"floor":31.0,"key":"Matryoshka"},{"floor":40.0,"key":"Whetstone"},{"floor":40.0,"key":"Pear"},{"floor":43.0,"key":"White Beast Statue"},{"floor":43.0,"key":"Frozen Egg 2"},{"floor":48,"key":"Pen Nib"},{"floor":48,"key":"Ninja Scroll"}],"event_choices":[{"damage_healed":0.0,"max_hp_gain":0.0,"max_hp_loss":0.0,"gold_gain":0.0,"event_name":"Golden Idol","player_choice":"Take Damage","floor":2.0,"gold_loss":0.0,"damage_taken":17.0,"relics_obtained":["Golden Idol"]},{"damage_healed":0.0,"max_hp_gain":0.0,"max_hp_loss":0.0,"gold_gain":0.0,"event_name":"Scrap Ooze","player_choice":"Success","floor":3.0,"gold_loss":0.0,"damage_taken":7.0,"relics_obtained":["Mercury Hourglass"]},{"damage_healed":0.0,"max_hp_gain":0.0,"max_hp_loss":0.0,"gold_gain":0.0,"event_name":"Living Wall","player_choice":"Grow","floor":5.0,"gold_loss":0.0,"damage_taken":0.0,"cards_upgraded":["Dodge and Roll"]},{"damage_healed":0.0,"max_hp_gain":0.0,"max_hp_loss":0.0,"gold_gain":0.0,"event_name":"Dead Adventurer","player_choice":"Searched \u00271\u0027 times","floor":14.0,"gold_loss":0.0,"damage_taken":0.0},{"damage_healed":0.0,"max_hp_gain":0.0,"max_hp_loss":0.0,"gold_gain":99.0,"event_name":"Nest","player_choice":"Stole From Cult","floor":19.0,"gold_loss":0.0,"damage_taken":0.0},{"cards_removed":["Defend_G"],"damage_healed":0.0,"max_hp_gain":0.0,"max_hp_loss":0.0,"gold_gain":0.0,"event_name":"Purifier","player_choice":"Purged","floor":21.0,"gold_loss":0.0,"damage_taken":0.0},{"damage_healed":0.0,"max_hp_gain":0.0,"max_hp_loss":0.0,"gold_gain":0.0,"event_name":"Duplicator","player_choice":"Copied","floor":25.0,"gold_loss":0.0,"damage_taken":0.0,"cards_obtained":["A Thousand Cuts"]},{"damage_healed":0.0,"max_hp_gain":0.0,"max_hp_loss":0.0,"gold_gain":333.0,"event_name":"The Moai Head","player_choice":"Gave Idol","floor":36.0,"relics_lost":["Golden Idol"],"gold_loss":0.0,"damage_taken":0.0},{"damage_healed":0.0,"max_hp_gain":0.0,"max_hp_loss":0.0,"gold_gain":0.0,"event_name":"Upgrade Shrine","player_choice":"Upgraded","floor":37.0,"gold_loss":0.0,"damage_taken":0.0,"cards_upgraded":["A Thousand Cuts"]},{"damage_healed":0.0,"max_hp_gain":0.0,"max_hp_loss":0.0,"gold_gain":0.0,"event_name":"Winding Halls","player_choice":"Embrace Madness","floor":42.0,"gold_loss":0.0,"damage_taken":12.0,"cards_obtained":["Madness","Madness"]},{"cards_removed":["Strike_G"],"damage_healed":0.0,"max_hp_gain":0.0,"max_hp_loss":0.0,"gold_gain":0.0,"event_name":"Falling","player_choice":"Removed Attack","floor":45.0,"gold_loss":0.0,"damage_taken":0.0}],"is_beta":false,"boss_relics":[{"not_picked":["Velvet Choker","Sozu"],"picked":"Tiny House"},{"not_picked":["Snecko Eye","Empty Cage"],"picked":"HoveringKite"}],"items_purged_floors":[],"is_endless":false,"potions_floor_spawned":[1,7,11,13,14,22,27,30,33,44,48],"ascension_level":5}}