{"host":"q79spna8ofw6hj3r","time":1609475228,"event":{"mods":["Aspiration","Bard","BaseMod","Beaked The Cultist","Bestiary","Better Altar","Better Match","Better Note","Better Sensory Stone","Better Skull","Better Third Choice","Better Vampires","BetterRewards","Block Reminder","Challenge The Spire","Colored Map","Colored Powertips","Conspire","Custom Start","Energized Spire","Friendly Minions","Halation","Hubris","Infinite Spire","Jedi Mod","Mimic Mod","Minty Spire (QoL Compilation)","Permanent Neow","Quick Restart","Relic Filter","Relic Sorter","Replay The Spire","Shop Mod","StSLib","SuperFastMode","Synergy Search","The Cursed","The Hierophant","The Runesmith","slay the spire mod where everything is the same but ironclad has a cowboy hat","vexMod"],"gold_per_floor":[118,118,118,135,135,168,168,180,180,180,197,217,217,20,20,122,122,174,84,103,28,28,28,64,64,64,64,95,114,114,140,140,241,241,260,260,284,171,210,233,262,304,304,304,279,312,312,349,349,367],"floor_reached":51,"playtime":3510,"items_purged":["beaked:Tradeoff","beaked:BloodForTheGods","beaked:Molting"],"score":703,"play_id":"87d80072-4061-4b86-8662-97928988b189","local_time":"20210101062708","is_ascension_mode":false,"campfire_choices":[{"data":"beaked:Ceremony","floor":7.0,"key":"SMITH"},{"data":"beaked:Ceremony","floor":10.0,"key":"SMITH"},{"data":"beaked:Ceremony","floor":13.0,"key":"SMITH"},{"floor":15.0,"key":"DIG"},{"data":"beaked:AwakenedForm","floor":23.0,"key":"SMITH"},{"data":"beaked:Foresight","floor":27.0,"key":"SMITH"},{"data":"beaked:ScreechingChant","floor":30.0,"key":"SMITH"},{"floor":32.0,"key":"DIG"},{"data":"beaked:BraceForImpact","floor":44,"key":"SMITH"},{"data":"Master of Strategy","floor":47,"key":"SMITH"},{"data":"beaked:Molting","floor":49,"key":"SMITH"}],"circlet_count":0,"master_deck":["beaked:Ceremony+1","beaked:Ceremony+1","beaked:Ceremony+1","beaked:VigorBurst","beaked:Foresight+1","beaked:VigorBurst","ReplayTheSpireMod:Doomed","Master of Strategy+1","beaked:Sacrifice","beaked:BloodForTheGods","beaked:AwakenedForm+1","beaked:Struggle+1","beaked:SacrificialAttack","beaked:DigDeep","beaked:BraceForImpact+1","beaked:ScreechingChant+1","beaked:Resilience+1","beaked:VigorBurst","Parasite","beaked:Molting+1","beaked:MachineSpirit+1"],"relics":["beaked:MendingPlumage","vexMod:PlasmaPancake","NlothsMask","CultistMask","hubris:CuriousFeather","ReplayTheSpireMod:CursedCoin","halation:IllGainedPizza","Pet Ghost","Pandora\u0027s Box","Gambling Chip","aspiration:RunicSpoon","halation:BottledLove","vexMod:MysteryBossChallenge","Mummified Hand","halation:PeacePiece","Nunchaku"],"acts_visited":["Exordium","TheCity","TheBeyond"],"potions_floor_usage":[35,42,46,50],"damage_taken":[{"damage":15.0,"enemies":"Cultist","floor":1.0,"turns":7.0},{"damage":7.0,"enemies":"Small Slimes","floor":4.0,"turns":4.0},{"damage":35.0,"enemies":"3 Sentries","floor":6.0,"turns":13.0},{"damage":0.0,"enemies":"2 Louse","floor":8.0,"turns":2.0},{"damage":19.0,"enemies":"2 Fungi Beasts","floor":11.0,"turns":6.0},{"damage":0.0,"enemies":"Lots of Slimes","floor":12.0,"turns":2.0},{"damage":42.0,"enemies":"Slime Boss","floor":16.0,"turns":10.0},{"damage":82.0,"enemies":"3 Byrds","floor":18.0,"turns":7.0},{"damage":47.0,"enemies":"Spheric Guardian","floor":20.0,"turns":4.0},{"damage":152.0,"enemies":"Cultist and Chosen","floor":24.0,"turns":10.0},{"damage":66.0,"enemies":"Centurion and Healer","floor":28.0,"turns":8.0},{"damage":7.0,"enemies":"conspire:HollyBat","floor":29.0,"turns":10.0},{"damage":35.0,"enemies":"Snecko","floor":31.0,"turns":6.0},{"damage":38.0,"enemies":"Champ","floor":33.0,"turns":9.0},{"damage":15,"enemies":"3 Darklings","floor":35,"turns":4},{"damage":62,"enemies":"Orb Walker","floor":37,"turns":5},{"damage":104,"enemies":"Writhing Mass","floor":39,"turns":11},{"damage":110,"enemies":"Transient","floor":40,"turns":5},{"damage":122,"enemies":"Spire Growth","floor":41,"turns":10},{"damage":139,"enemies":"4 Shapes","floor":42,"turns":16},{"damage":114,"enemies":"Jaw Worm Horde","floor":46,"turns":13},{"damage":45,"enemies":"Maw","floor":48,"turns":11},{"damage":81,"enemies":"Time Eater","floor":50,"turns":10}],"seed_played":"6173542563233106799","potions_obtained":[{"floor":8.0,"key":"Explosive Potion"},{"floor":12.0,"key":"Venom Potion"},{"floor":16.0,"key":"SkillPotion"},{"floor":20.0,"key":"Regen Potion"},{"floor":29.0,"key":"Strength Potion"},{"floor":33.0,"key":"Swift Potion"},{"floor":35,"key":"Fire Potion"}],"is_trial":false,"path_per_floor":["M","?","?","M","?","E","R","M","T","R","M","M","R","$","R_BF","B",null,"M","?","M","$","?","R","M","AVR","T","R","M","M","R","M","R_BF","B",null,"M","AVR","M","$","M","M","M","M","T","R","?","M","R","M","R","B",null],"character_chosen":"BEAKED_THE_CULTIST","items_purchased":["ReplayTheSpireMod:CursedCoin","Master of Strategy","halation:IllGainedPizza","halation:PeacePiece"],"campfire_rested":0,"item_purchase_floors":[14,14,14,38],"current_hp_per_floor":[51,57,57,61,61,59,59,66,66,66,64,66,66,66,66,58,66,41,41,41,41,41,41,25,25,25,25,73,75,75,75,75,78,78,78,78,47,47,83,52,74,74,74,74,74,92,92,92,92,72],"gold":367,"neow_bonus":"REMOVE_CARD","is_daily":false,"chose_seed":false,"campfire_upgraded":9,"win_rate":0.0,"timestamp":1609475228,"path_taken":["M","?","?","?","?","E","R","M","T","R","M","M","R","$","R_BF","BOSS","M","?","M","$","?","R","M","AVR","T","R","M","?","R","M","R_BF","BOSS","M","AVR","M","$","M","M","M","M","T","R","?","M","R","M","R","BOSS"],"items_purchased_type":["Relic","Card","Relic","Relic"],"build_version":"2020-12-22","purchased_purges":3,"victory":true,"max_hp_per_floor":[55,61,61,61,61,61,61,66,66,66,66,66,66,66,66,66,66,69,69,69,69,69,69,72,72,72,72,75,75,75,78,78,78,78,78,78,83,83,83,83,83,89,89,89,89,92,92,92,92,92],"card_choices":[{"not_picked":["beaked:FeelMyPain","beaked:Hexing"],"picked":"beaked:VigorBurst","floor":1.0},{"not_picked":["beaked:Brace","beaked:Poke"],"picked":"beaked:Foresight","floor":4.0},{"not_picked":["beaked:Daydream","beaked:FullHouse","beaked:WarriorSpirit"],"picked":"SKIP","floor":6.0},{"not_picked":["beaked:Redirect","beaked:Resilience"],"picked":"beaked:VigorBurst","floor":8.0},{"not_picked":["beaked:DigDeep","beaked:Devastation","beaked:Overexert"],"picked":"SKIP","floor":11.0},{"not_picked":["beaked:CursingBlood","beaked:FeelMyPain","beaked:Evade"],"picked":"SKIP","floor":12.0},{"not_picked":["beaked:LiftOff","beaked:ShadowFade"],"picked":"beaked:Sacrifice","floor":16.0},{"not_picked":["beaked:TuckingFeathers","beaked:Roost","beaked:Poke+1"],"picked":"SKIP","floor":18.0},{"not_picked":["beaked:CursingBlood","beaked:Flinch+1","beaked:Redirect"],"picked":"SKIP","floor":20.0},{"not_picked":["beaked:Flinch+1","beaked:Devastation","beaked:BloodForTheGods"],"picked":"SKIP","floor":24.0},{"not_picked":["beaked:Cower+1","beaked:DigDeeper"],"picked":"beaked:BraceForImpact","floor":28.0},{"not_picked":["beaked:Hexing","beaked:Evade"],"picked":"beaked:ScreechingChant","floor":29.0},{"not_picked":["beaked:Brace","beaked:Cower","beaked:Molting"],"picked":"SKIP","floor":31.0},{"not_picked":["beaked:Foresight","beaked:WindBringer+1"],"picked":"beaked:Resilience+1","floor":35},{"not_picked":["beaked:Daydream+1","beaked:DesperateSwing+1"],"picked":"beaked:VigorBurst","floor":37},{"not_picked":["beaked:BloodForTheGods+1","beaked:Windmill+1","beaked:Redirect+1"],"picked":"SKIP","floor":39},{"not_picked":["beaked:HuntressEssence+1","beaked:WarriorEssence+1","beaked:DarkPact"],"picked":"SKIP","floor":40},{"not_picked":["beaked:MimicWarrior+1","beaked:Poke+1","beaked:WarriorSpirit"],"picked":"SKIP","floor":41},{"not_picked":["beaked:SurvivalInstinct","beaked:Tradeoff"],"picked":"beaked:Molting","floor":42},{"not_picked":["beaked:Windmill+1","ReplayTheSpireMod:Prepare the Ceremony"],"picked":"beaked:MachineSpirit+1","floor":46},{"not_picked":["beaked:HuntressSpirit","beaked:CursingBlood","beaked:Roost+1"],"picked":"SKIP","floor":48}],"player_experience":247276,"relics_obtained":[{"floor":2.0,"key":"vexMod:PlasmaPancake"},{"floor":6.0,"key":"hubris:CuriousFeather"},{"floor":15.0,"key":"Pet Ghost"},{"floor":32.0,"key":"halation:BottledLove"},{"floor":43,"key":"Nunchaku"}],"event_choices":[{"damage_healed":0.0,"max_hp_gain":0.0,"max_hp_loss":0.0,"gold_gain":0.0,"event_name":"WeMeetAgain","player_choice":"Ignored","floor":3.0,"gold_loss":0.0,"damage_taken":0.0},{"damage_healed":0.0,"max_hp_gain":0.0,"max_hp_loss":0.0,"gold_gain":0.0,"event_name":"FaceTrader","player_choice":"Trade","floor":5.0,"gold_loss":0.0,"damage_taken":0.0,"relics_obtained":["NlothsMask"]},{"cards_removed":["beaked:Mantra"],"damage_healed":0.0,"max_hp_gain":0.0,"max_hp_loss":0.0,"gold_gain":0.0,"event_name":"Designer","player_choice":"Upgrade and Remove","floor":19.0,"gold_loss":90.0,"damage_taken":0.0,"cards_upgraded":["beaked:Struggle"]},{"cards_removed":["ReplayTheSpireMod:Doomed"],"damage_healed":0.0,"max_hp_gain":0.0,"max_hp_loss":0.0,"gold_gain":0.0,"event_name":"betterNote:BetterNote","player_choice":"Give","floor":22.0,"gold_loss":0.0,"damage_taken":0.0,"cards_obtained":["beaked:Poke"]}],"is_beta":false,"boss_relics":[{"not_picked":["SacredBark","vexMod:DeviousBotling"],"picked":"Pandora\u0027s Box"},{"not_picked":["aspiration:MobileForge","energizedSpire:StickyHand"],"picked":"vexMod:MysteryBossChallenge"}],"items_purged_floors":[21,25,36],"is_endless":false,"potions_floor_spawned":[8,12,16,20,29,33,35,41],"ascension_level":0}}