{"host":"nhkq23mrg3i3n2so","time":1609513257,"event":{"mods":["BaseMod","Colored Map","Colored Powertips","Minty Spire (QoL Compilation)","Quick Restart","Relic Stats","StSLib"],"gold_per_floor":[113,113,132,144,219,253,253,263,288,213,213,223,223,223,223,223,223],"floor_reached":16,"playtime":525,"items_purged":["Strike_G"],"score":120,"play_id":"70d0309a-d12e-4be2-844c-76dca5ed6c25","local_time":"20210101160057","is_ascension_mode":true,"campfire_choices":[{"data":"Backflip","floor":7,"key":"SMITH"},{"data":"Neutralize","floor":13,"key":"SMITH"},{"floor":15,"key":"REST"}],"circlet_count":0,"master_deck":["Strike_G","Strike_G","Strike_G","Strike_G","Defend_G","Defend_G","Defend_G","Survivor","Neutralize+1","Backflip+1","Escape Plan"],"relics":["Ring of the Snake","Oddly Smooth Stone","Bag of Preparation","Bronze Scales"],"acts_visited":["Exordium"],"potions_floor_usage":[6,6],"damage_taken":[{"damage":0,"enemies":"Cultist","floor":1,"turns":4},{"damage":0,"enemies":"Jaw Worm","floor":3,"turns":5},{"damage":2,"enemies":"2 Louse","floor":4,"turns":3},{"damage":38,"enemies":"Gremlin Nob","floor":6,"turns":5},{"damage":0,"enemies":"Large Slime","floor":8,"turns":6},{"damage":0,"enemies":"Looter","floor":12,"turns":3},{"damage":6,"enemies":"The Guardian","floor":16,"turns":6}],"seed_played":"-8870145789327754298","potions_obtained":[{"floor":3,"key":"Regen Potion"},{"floor":4,"key":"Swift Potion"},{"floor":8,"key":"Dexterity Potion"}],"is_trial":false,"path_per_floor":["M","?","M","M","?","E","R","M","T","$","?","M","R","?","R","B"],"character_chosen":"THE_SILENT","items_purchased":[],"campfire_rested":1,"item_purchase_floors":[],"current_hp_per_floor":[77,65,65,63,52,28,28,28,28,28,28,28,28,21,44,38,38],"gold":223,"neow_bonus":"TEN_PERCENT_HP_BONUS","is_daily":false,"chose_seed":false,"campfire_upgraded":2,"win_rate":0.0,"timestamp":1609513257,"path_taken":["M","?","M","M","?","E","R","M","T","?","?","M","R","?","R","BOSS"],"items_purchased_type":[],"build_version":"2020-12-22","purchased_purges":1,"victory":false,"max_hp_per_floor":[77,77,77,77,77,77,77,77,77,77,77,77,77,77,77,77,77],"relic_stats":{"counters":[7,32],"Bronze Scales":[18],"Bag of Preparation":[6],"obtain_stats":[{"Bronze Scales":9,"Oddly Smooth Stone":2,"Bag of Preparation":6,"Ring of the Snake":0},{"Bronze Scales":5,"Oddly Smooth Stone":1,"Bag of Preparation":4,"Ring of the Snake":0},{"Bronze Scales":23,"Oddly Smooth Stone":4,"Bag of Preparation":17,"Ring of the Snake":0}],"Ring of the Snake":[14]},"card_choices":[{"not_picked":["PiercingWail","Quick Slash","Poisoned Stab"],"picked":"SKIP","floor":1},{"not_picked":["Dagger Spray","Slice","Infinite Blades"],"picked":"SKIP","floor":3},{"not_picked":["Dagger Spray","Sucker Punch"],"picked":"Backflip","floor":4},{"not_picked":["Malaise","Bane"],"picked":"Escape Plan","floor":6},{"not_picked":["Backflip","Skewer","Caltrops"],"picked":"SKIP","floor":8},{"not_picked":["Dodge and Roll","Finisher","Riddle With Holes"],"picked":"SKIP","floor":12}],"player_experience":515451,"relics_obtained":[{"floor":6,"key":"Bag of Preparation"},{"floor":9,"key":"Bronze Scales"}],"event_choices":[{"damage_healed":0,"gold_gain":0,"player_choice":"Success","damage_taken":12,"relics_obtained":["Oddly Smooth Stone"],"max_hp_gain":0,"max_hp_loss":0,"event_name":"Scrap Ooze","floor":2,"gold_loss":0},{"damage_healed":0,"gold_gain":75,"player_choice":"Gather Gold","damage_taken":11,"max_hp_gain":0,"max_hp_loss":0,"event_name":"World of Goop","floor":5,"gold_loss":0},{"cards_removed":["Defend_G"],"damage_healed":0,"gold_gain":0,"player_choice":"Forget","damage_taken":0,"max_hp_gain":0,"max_hp_loss":0,"event_name":"Living Wall","floor":11,"gold_loss":0},{"cards_removed":["Defend_G"],"damage_healed":0,"gold_gain":0,"player_choice":"Card Removal","damage_taken":7,"max_hp_gain":0,"max_hp_loss":0,"event_name":"Golden Wing","floor":14,"gold_loss":0}],"is_beta":false,"boss_relics":[],"items_purged_floors":[10],"is_endless":false,"potions_floor_spawned":[3,4,8],"killed_by":"The Guardian","ascension_level":4}}