{"host":"2se5dq1do2gp0x9k","time":1609542058,"event":{"mods":["AchievementEnabler","BaseMod","Block Reminder","Colored Map","Colored Powertips","Minty Spire (QoL Compilation)","Relic Stats","StSLib","SuperFastMode"],"gold_per_floor":[109,129,146,146,33,33,66,66,66,66,92,103,132,142,142,241,241,255,298,298,334,259,259,174,217,229,241,278,290,302,352,364,481,493,522,460,474,474,491,491,521,521,521,521,535,535,1,1,1,1],"floor_reached":51,"playtime":2716,"items_purged":["Pain","Establishment"],"score":818,"play_id":"b252b776-a470-4225-8d67-90e1b1e91fce","local_time":"20210101150058","is_ascension_mode":true,"campfire_choices":[{"data":"Eruption","floor":6.0,"key":"SMITH"},{"data":"JustLucky","floor":8.0,"key":"SMITH"},{"data":"MentalFortress","floor":10.0,"key":"SMITH"},{"data":"Fasting2","floor":15.0,"key":"SMITH"},{"floor":23.0,"key":"REST"},{"data":"Discovery","floor":27.0,"key":"SMITH"},{"data":"Nirvana","floor":32.0,"key":"SMITH"},{"data":"Ragnarok","floor":40.0,"key":"SMITH"},{"data":"Bandage Up","floor":42.0,"key":"SMITH"},{"data":"MentalFortress","floor":46,"key":"SMITH"},{"data":"DeusExMachina","floor":49,"key":"SMITH"}],"circlet_count":0,"master_deck":["Eruption+1","Vigilance","SashWhip","JustLucky+1","MentalFortress","TalkToTheHand","MentalFortress+1","BowlingBash","Halt","ThirdEye","Fasting2+1","DeusExMachina+1","Wish","Vault","Meditate","PathToVictory","ClearTheMind","MentalFortress+1","Ragnarok+1","FollowUp+1","Halt","Discovery+1","Bandage Up+1","Adaptation","Wireheading","Injury","FlurryOfBlows+1","Nirvana+1","FearNoEvil+1","Swivel","CutThroughFate","Swivel","InnerPeace","SandsOfTime","Metamorphosis","Eruption+1"],"relics":["Cursed Key","HornCleat","Incense Burner","Potion Belt","Orichalcum","Pandora\u0027s Box","MawBank","Bottled Lightning","Meat on the Bone","Bag of Preparation","MutagenicStrength","Coffee Dripper","Shuriken","Toolbox"],"acts_visited":["Exordium","TheCity","TheBeyond"],"potions_floor_usage":[50],"damage_taken":[{"damage":0.0,"enemies":"Small Slimes","floor":1.0,"turns":4.0},{"damage":1.0,"enemies":"2 Louse","floor":2.0,"turns":4.0},{"damage":0.0,"enemies":"Cultist","floor":3.0,"turns":3.0},{"damage":0.0,"enemies":"Gremlin Nob","floor":7.0,"turns":4.0},{"damage":13.0,"enemies":"3 Sentries","floor":11.0,"turns":11.0},{"damage":1.0,"enemies":"3 Louse","floor":12.0,"turns":3.0},{"damage":5.0,"enemies":"Gremlin Nob","floor":13.0,"turns":3.0},{"damage":0.0,"enemies":"Looter","floor":14.0,"turns":2.0},{"damage":10.0,"enemies":"Slime Boss","floor":16.0,"turns":8.0},{"damage":14.0,"enemies":"Chosen","floor":18.0,"turns":7.0},{"damage":8.0,"enemies":"Shell Parasite","floor":19.0,"turns":5.0},{"damage":14.0,"enemies":"Centurion and Healer","floor":21.0,"turns":6.0},{"damage":0.0,"enemies":"Book of Stabbing","floor":25.0,"turns":5.0},{"damage":33.0,"enemies":"Slavers","floor":28.0,"turns":8.0},{"damage":0.0,"enemies":"3 Cultists","floor":31.0,"turns":7.0},{"damage":2.0,"enemies":"Champ","floor":33.0,"turns":8.0},{"damage":5.0,"enemies":"Orb Walker","floor":35.0,"turns":5.0},{"damage":0.0,"enemies":"3 Darklings","floor":37.0,"turns":6.0},{"damage":26.0,"enemies":"Spire Growth","floor":39.0,"turns":5.0},{"damage":41.0,"enemies":"Nemesis","floor":41.0,"turns":9.0},{"damage":19,"enemies":"Sphere and 2 Shapes","floor":45,"turns":9},{"damage":14,"enemies":"Awakened One","floor":50,"turns":8}],"seed_played":"-6959213701965555090","potions_obtained":[{"floor":3.0,"key":"Strength Potion"},{"floor":12.0,"key":"GamblersBrew"},{"floor":13.0,"key":"Dexterity Potion"},{"floor":14.0,"key":"Weak Potion"},{"floor":16.0,"key":"Ambrosia"},{"floor":18.0,"key":"LiquidMemories"},{"floor":28.0,"key":"SpeedPotion"},{"floor":39.0,"key":"AttackPotion"},{"floor":45,"key":"BottledMiracle"}],"is_trial":false,"path_per_floor":["M","M","M","?","$","R","E","R","T","R","E","M","E","M","R","B",null,"M","M","?","M","$","R","?","E","T","R","E","?","$","M","R","B",null,"M","$","M","?","M","R","E","R","T","?","M","R","$","?","R","B",null],"character_chosen":"WATCHER","items_purchased":["TalkToTheHand","MentalFortress","Swivel","Toolbox","InnerPeace","SandsOfTime","Metamorphosis"],"campfire_rested":1,"item_purchase_floors":[5,5,36,47,47,47,47],"current_hp_per_floor":[72,71,71,71,71,71,71,71,71,71,58,57,52,52,52,42,72,58,50,31,21,21,42,42,46,46,46,29,29,29,45,45,47,72,71,71,71,68,42,42,17,17,17,17,16,16,16,16,16,20],"gold":1,"neow_bonus":"BOSS_RELIC","is_daily":false,"chose_seed":false,"campfire_upgraded":10,"win_rate":0.0,"timestamp":1609542058,"path_taken":["M","M","M","?","$","R","E","R","T","R","E","M","E","M","R","BOSS","M","M","?","?","$","R","?","E","T","R","E","?","$","M","R","BOSS","M","$","M","?","M","R","E","R","T","?","?","R","$","?","R","BOSS"],"items_purchased_type":["Card","Card","Card","Relic","Card","Card","Card"],"build_version":"2020-12-22","purchased_purges":2,"victory":true,"max_hp_per_floor":[72,72,72,72,72,72,72,72,72,72,72,72,72,72,72,72,72,72,72,72,72,72,72,72,72,72,72,72,72,72,72,72,72,72,72,72,72,68,68,68,68,68,68,68,68,68,68,68,68,68],"relic_stats":{"counters":[22,130],"Shuriken":[6],"Pandora\u0027s Box":["Wish","Vault","Establishment","Meditate","PathToVictory","ClearTheMind","MentalFortress","Ragnarok"],"Bag of Preparation":[17],"Orichalcum":[108],"Cursed Key":2,"MawBank":144,"obtain_stats":[{"Potion Belt":11,"Incense Burner":9,"Bag of Preparation":28,"Orichalcum":13,"Cursed Key":0,"MawBank":24,"HornCleat":7,"Shuriken":41,"MutagenicStrength":29,"Toolbox":47,"Pandora\u0027s Box":17,"Coffee Dripper":34,"Bottled Lightning":25,"PureWater":0,"Meat on the Bone":26},{"Potion Belt":5,"Incense Burner":4,"Bag of Preparation":14,"Orichalcum":7,"Cursed Key":0,"MawBank":12,"HornCleat":4,"Shuriken":20,"MutagenicStrength":14,"Toolbox":21,"Pandora\u0027s Box":9,"Coffee Dripper":16,"Bottled Lightning":13,"PureWater":0,"Meat on the Bone":13},{"Potion Belt":26,"Incense Burner":15,"Bag of Preparation":73,"Orichalcum":32,"Cursed Key":0,"MawBank":60,"HornCleat":15,"Shuriken":113,"MutagenicStrength":73,"Toolbox":122,"Pandora\u0027s Box":42,"Coffee Dripper":88,"Bottled Lightning":65,"PureWater":0,"Meat on the Bone":65}],"Meat on the Bone":60},"card_choices":[{"not_picked":["FlurryOfBlows","FlyingSleeves"],"picked":"SashWhip","floor":1.0},{"not_picked":["FlyingSleeves","Crescendo"],"picked":"JustLucky","floor":2.0},{"not_picked":["Vengeance","WreathOfFlame"],"picked":"MentalFortress","floor":3.0},{"not_picked":["Sanctity","FlyingSleeves"],"picked":"BowlingBash","floor":7.0},{"not_picked":["BowlingBash","FollowUp"],"picked":"Halt","floor":11.0},{"not_picked":["FlurryOfBlows","FollowUp","Pray"],"picked":"SKIP","floor":12.0},{"not_picked":["BowlingBash","Sanctity"],"picked":"ThirdEye","floor":13.0},{"not_picked":["Prostrate","EmptyBody"],"picked":"Fasting2","floor":14.0},{"not_picked":["LessonLearned","Judgement"],"picked":"DeusExMachina","floor":16.0},{"not_picked":["WreathOfFlame","Prostrate"],"picked":"FollowUp+1","floor":18.0},{"not_picked":["FlyingSleeves","BowlingBash+1"],"picked":"Halt","floor":19.0},{"not_picked":["EmptyBody","ClearTheMind"],"picked":"Adaptation","floor":21.0},{"not_picked":["MentalFortress","Worship"],"picked":"Wireheading","floor":25.0},{"not_picked":["Worship","ClearTheMind"],"picked":"FlurryOfBlows+1","floor":28.0},{"not_picked":["EmptyMind","FearNoEvil"],"picked":"Nirvana","floor":31.0},{"not_picked":["Evaluate","Pray+1"],"picked":"FearNoEvil+1","floor":35.0},{"not_picked":["SashWhip+1","CarveReality+1","Halt+1"],"picked":"SKIP","floor":37.0},{"not_picked":["Prostrate","LikeWater","Fasting2"],"picked":"SKIP","floor":39.0},{"not_picked":["CarveReality","LikeWater"],"picked":"CutThroughFate","floor":41.0},{"not_picked":["EmptyFist+1","ClearTheMind+1"],"picked":"Swivel","floor":45}],"player_experience":3693331,"relics_obtained":[{"floor":7.0,"key":"HornCleat"},{"floor":9.0,"key":"Incense Burner"},{"floor":11.0,"key":"Potion Belt"},{"floor":13.0,"key":"Orichalcum"},{"floor":25.0,"key":"Bottled Lightning"},{"floor":26.0,"key":"Meat on the Bone"},{"floor":28.0,"key":"Bag of Preparation"},{"floor":41.0,"key":"Shuriken"}],"event_choices":[{"damage_healed":0.0,"max_hp_gain":0.0,"max_hp_loss":0.0,"gold_gain":0.0,"event_name":"The Cleric","player_choice":"Leave","floor":4.0,"gold_loss":0.0,"damage_taken":0.0},{"damage_healed":0.0,"max_hp_gain":0.0,"max_hp_loss":0.0,"gold_gain":0.0,"event_name":"Knowing Skull","player_choice":"CARD CARD ","floor":20.0,"potions_obtained":[],"gold_loss":0.0,"damage_taken":19.0,"cards_obtained":["Discovery","Bandage Up"]},{"damage_healed":0.0,"max_hp_gain":0.0,"max_hp_loss":0.0,"gold_gain":0.0,"event_name":"Addict","player_choice":"Obtained Relic","floor":24.0,"gold_loss":85.0,"damage_taken":0.0,"relics_obtained":["MawBank"]},{"damage_healed":0.0,"max_hp_gain":0.0,"max_hp_loss":0.0,"gold_gain":0.0,"event_name":"Drug Dealer","player_choice":"Inject Mutagens","floor":29.0,"gold_loss":0.0,"damage_taken":0.0,"relics_obtained":["MutagenicStrength"]},{"damage_healed":0.0,"max_hp_gain":0.0,"max_hp_loss":4.0,"gold_gain":0.0,"event_name":"Winding Halls","player_choice":"Max HP","floor":38.0,"gold_loss":0.0,"damage_taken":0.0},{"damage_healed":0,"gold_gain":0,"player_choice":"Ignored","damage_taken":0,"max_hp_gain":0,"max_hp_loss":0,"event_name":"SecretPortal","floor":44,"gold_loss":0},{"damage_healed":0,"gold_gain":0,"player_choice":"Copied","damage_taken":0,"max_hp_gain":0,"max_hp_loss":0,"event_name":"Duplicator","floor":48,"gold_loss":0,"cards_obtained":["Eruption"]}],"is_beta":false,"boss_relics":[{"not_picked":["Busted Crown","Tiny House"],"picked":"Pandora\u0027s Box"},{"not_picked":["Fusion Hammer","Sozu"],"picked":"Coffee Dripper"}],"items_purged_floors":[22,47],"is_endless":false,"potions_floor_spawned":[3,12,13,14,16,18,28,39,45],"ascension_level":1}}