{"host":"stk82ot58bnorhun","time":1609462772,"event":{"mods":["BaseMod","Colored Powertips","Downfall","Minty Spire (QoL Compilation)","StSLib","SuperFastMode"],"gold_per_floor":[99,119,119,138,48,73,73,73,173,186,214,228,243,103,116,213,213,138,156,176,196,210,210,210,225,225,225,225,225],"floor_reached":27,"playtime":1891,"items_purged":["Guardian:Strike_Guardian"],"score":250,"play_id":"7b3db0d4-c9d6-4935-966c-9e438a9ebd59","local_time":"20210101085932","is_ascension_mode":true,"campfire_choices":[{"floor":1.0,"key":"RECALL"}],"circlet_count":0,"master_deck":["Guardian:Strike_Guardian","Guardian:Defend_Guardian","Guardian:Defend_Guardian","Guardian:CurlUp","Guardian:TwinSlam","Guardian:PolyBeam","Guardian:PiercingHide","Guardian:ArmoredProtocol","Guardian:Suspension+1","Guardian:ChargeUp","Guardian:Orbwalk","Guardian:ChargeCore","Guardian:Harden","Guardian:EvasiveProtocol","Guardian:Reroute","Guardian:BaubleBeam","Guardian:FuturePlans","Guardian:ShieldCharger","Guardian:MultiBeam","Guardian:PrismaticBarrier","Guardian:Repulse+1","Guardian:Gem_White","Guardian:Gem_Synthetic"],"relics":["Velvet Choker","MealTicket","Kunai","Guardian:PickAxe","Black Star","downfall:HeartBlessingRed"],"acts_visited":["Exordium","TheCity"],"potions_floor_usage":[27,27],"damage_taken":[{"damage":7.0,"enemies":"Jaw Worm","floor":2.0,"turns":4.0},{"damage":0.0,"enemies":"Cultist","floor":4.0,"turns":3.0},{"damage":0.0,"enemies":"downfall:FleeingMerchant","floor":5.0,"turns":4.0},{"damage":22.0,"enemies":"Gremlin Nob","floor":6.0,"turns":4.0},{"damage":1,"enemies":"downfall:Heads","floor":9,"turns":6},{"damage":7,"enemies":"Small Slimes","floor":10,"turns":3},{"damage":7,"enemies":"Lagavulin","floor":11,"turns":6},{"damage":0,"enemies":"Large Slime","floor":12,"turns":4},{"damage":1,"enemies":"Blue Slaver","floor":13,"turns":3},{"damage":0,"enemies":"downfall:FleeingMerchant","floor":14,"turns":4},{"damage":11,"enemies":"Gremlin Gang","floor":15,"turns":5},{"damage":12,"enemies":"downfall:Ironclad","floor":16,"turns":9},{"damage":5,"enemies":"3 Byrds","floor":19,"turns":3},{"damage":18,"enemies":"Chosen","floor":20,"turns":5},{"damage":22,"enemies":"Snake Plant","floor":21,"turns":4},{"damage":3,"enemies":"Shelled Parasite and Fungi","floor":22,"turns":5},{"damage":10,"enemies":"Centurion and Healer","floor":25,"turns":7},{"damage":28,"enemies":"Gremlin Leader","floor":27,"turns":4}],"seed_played":"386748081801076588","potions_obtained":[{"floor":4.0,"key":"Fire Potion"},{"floor":6.0,"key":"GamblersBrew"},{"floor":10,"key":"DuplicationPotion"},{"floor":11,"key":"Fire Potion"}],"is_trial":false,"path_per_floor":["R","M","?","M","$","E","T","?","?","M","E","M","M","$","M","B",null,"R","M","M","M","M","R","T","M","?","E"],"character_chosen":"GUARDIAN","items_purchased":["Guardian:FuturePlans","Guardian:ShieldCharger"],"campfire_rested":0,"item_purchase_floors":[14,14],"current_hp_per_floor":[80,73,73,73,73,51,51,51,50,43,36,36,35,50,39,27,80,80,75,57,35,32,32,32,22,22,0,0,0],"gold":225,"neow_bonus":"BOSS_RELIC","is_daily":false,"chose_seed":false,"campfire_upgraded":0,"win_rate":0.0,"timestamp":1609462772,"path_taken":["R","M","?","M","?","E","T","?","?","M","E","M","M","$","M","BOSS","R","M","M","M","M","R","T","M","?","E"],"items_purchased_type":["Card","Card"],"build_version":"2020-12-22","purchased_purges":1,"victory":false,"max_hp_per_floor":[80,80,80,80,80,80,80,80,80,80,80,80,80,80,80,80,80,80,80,80,80,80,80,80,80,80,80,80,80],"card_choices":[{"not_picked":["Guardian:TemporalStrike","Guardian:Reroute"],"picked":"Guardian:PolyBeam","floor":2.0},{"not_picked":["Guardian:Recover","Guardian:ShieldCharger"],"picked":"Guardian:PiercingHide","floor":4.0},{"not_picked":["Guardian:CrystalBeam","Guardian:Gem_Crimson"],"picked":"Guardian:ArmoredProtocol","floor":5.0},{"not_picked":["Guardian:Gem_Fragmented","Guardian:Recover"],"picked":"Guardian:Suspension","floor":6.0},{"not_picked":["Guardian:Gem_Fragmented","Guardian:Recover"],"picked":"Guardian:Orbwalk","floor":9},{"not_picked":["Guardian:FloatingOrbs","Guardian:Gem_Green"],"picked":"Guardian:ChargeCore","floor":10},{"not_picked":["Guardian:RevengeProtocol","Guardian:Suspension"],"picked":"Guardian:Harden","floor":11},{"not_picked":["Guardian:Gem_Green","Guardian:Gem_Purple"],"picked":"Guardian:EvasiveProtocol","floor":12},{"not_picked":["Guardian:CrystalBeam","Guardian:TemporalStrike"],"picked":"Guardian:Reroute","floor":13},{"not_picked":["Guardian:Clone","Guardian:TimeSifter"],"picked":"Guardian:BaubleBeam","floor":14},{"not_picked":["Guardian:Gem_Green","Guardian:TemporalShield","Guardian:Reroute"],"picked":"SKIP","floor":15},{"not_picked":["Guardian:Gem_Orange","Guardian:StasisStrike"],"picked":"Guardian:Gem_Synthetic","floor":16},{"not_picked":["Guardian:ShieldSpikes","Guardian:Gem_Green"],"picked":"Guardian:Gem_Yellow","floor":19},{"not_picked":["Guardian:Gem_Green","Guardian:RollAttack"],"picked":"Guardian:MultiBeam","floor":20},{"not_picked":["Guardian:Gem_Red","Guardian:Recover"],"picked":"Guardian:PrismaticBarrier","floor":21},{"not_picked":["Guardian:TemporalShield","Guardian:PrimingBeam"],"picked":"Guardian:Repulse+1","floor":22},{"not_picked":["Guardian:Clone","Guardian:VentSteam","Guardian:BaubleBeam"],"picked":"SKIP","floor":25}],"player_experience":71058,"relics_obtained":[{"floor":6.0,"key":"MealTicket"},{"floor":7.0,"key":"Kunai"},{"floor":11,"key":"Guardian:PickAxe"}],"event_choices":[{"cards_removed":["Guardian:Strike_Guardian"],"damage_healed":0.0,"max_hp_gain":0.0,"max_hp_loss":0.0,"gold_gain":0.0,"event_name":"Bonfire Elementals","player_choice":"Offered Basic","floor":3.0,"gold_loss":0.0,"damage_taken":0.0},{"cards_removed":["Guardian:Defend_Guardian"],"damage_healed":0.0,"max_hp_gain":0.0,"max_hp_loss":0.0,"gold_gain":0.0,"event_name":"The Cleric","player_choice":"Card Removal","floor":8.0,"gold_loss":0.0,"damage_taken":0.0},{"damage_healed":0,"gold_gain":0,"player_choice":"Ignored","damage_taken":0,"max_hp_gain":0,"max_hp_loss":0,"event_name":"Vampires","floor":26,"gold_loss":0}],"is_beta":false,"boss_relics":[{"not_picked":["Calling Bell","Runic Pyramid"],"picked":"Black Star"}],"items_purged_floors":[5],"is_endless":false,"potions_floor_spawned":[4,6,10,11,13,16,19,21,22],"killed_by":"Gremlin Leader","ascension_level":2}}