{"host":"v1zz5dqrlq7zjvm7","time":1609497703,"event":{"mods":["Act Like it!","BaseMod","Colored Map","Colored Powertips","Friendly Minions","Gensokyo","HololiveMod","Minty Spire (QoL Compilation)","Prisma Mod","StSLib","The Servant 0.9.4","UnlockEverythingMod","Waifu the Spire"],"gold_per_floor":[80,80,80,80,99,99,99,124,124,156,16,32,49,49,49,120,120,132,145,56,69,121,121,141,167,190,217,23,23,349,363,363,435,435,452,452,208,208,247,301,313,325,337,365,51,67,104,121,121,121,121,121,121,7,32,50],"floor_reached":57,"playtime":3180,"items_purged":["Hololive_ScarfAndHalo"],"score":3416,"play_id":"c2810211-ca17-410c-9c4a-00d8d2045bc8","local_time":"20210101211143","is_ascension_mode":true,"campfire_choices":[{"data":"Hololive_CallCivia","floor":6.0,"key":"SMITH"},{"data":"Hololive_CallUsadaPekora","floor":15.0,"key":"SMITH"},{"data":"Hololive_CallNekomataOkayu","floor":23.0,"key":"SMITH"},{"data":"Hololive_CallAZKi","floor":29.0,"key":"SMITH"},{"data":"Hololive_CallNatsuiroMatsuri","floor":32.0,"key":"SMITH"},{"floor":49,"key":"RECALL"},{"data":"Hololive_CallInugamiKorone","floor":53,"key":"SMITH"}],"circlet_count":0,"master_deck":["AscendersBane","Hololive_Strike+1","Hololive_Strike+1","Hololive_Defend","Hololive_Defend","Hololive_OvertimeWork","Hololive_CallCivia+1","Hololive_CallTokoyamiTowa","Hololive_CallOkamiMio","Hololive_CallNatsuiroMatsuri+1","Hololive_CallUsadaPekora+1","Hololive_CocoNews","Hololive_CallInugamiKorone+1","Hololive_CallKiryuuCoco","Hololive_CallAZKi+1","Clumsy","Hololive_CallNekomataOkayu+1","Hololive_Breathe","Hololive_Psychosis","Hololive_CallYuzukiChoco","Injury","Hololive_FlareMind+1","Hololive_CandyCastle+1","Hololive_LuckPotion+1","Hololive_CallTokinoSora","Hololive_Yoholoon","Hololive_CallOmaruPolka+1","Hololive_BeCareful+1","Hololive_Breathe+1","Gensokyo:SlitMouthedWoman+1","Hololive_DiamondStrike","Hololive_CallKiryuuCoco+1","Hololive_Rebirth+1","Hololive_BringToTrial+1","Hololive_CallMinatoAqua","Hololive_ScarfAndHalo","Gensokyo:MedicineKit","Hololive_CallTsunomakiWatame","Hololive_CallNakiriAyame","Hololive_CallUruhaRushia","Hololive_CocoNews","Hololive_CallAiraniIofifteen","Hololive_CallShiroganeNoel"],"relics":["Hololive_TheStar","NeowsBlessing","Gensokyo:CelestialsFlawlessClothing","Gensokyo:LunaticRedEyes","Gensokyo:NagashiBinaDoll","Eternal Feather","Matryoshka","Incense Burner","Toxic Egg 2","Black Star","Blood Vial","Gremlin Horn","StoneCalendar","Bag of Preparation","Happy Flower","Bag of Marbles","Regal Pillow","Whetstone","Old Coin","Runic Dome","Du-Vu Doll","Strange Spoon","Ice Cream","PreservedInsect","MawBank","Strawberry","The Courier","Blue Candle","Letter Opener","Gambling Chip","Bronze Scales"],"acts_visited":["Gensokyo:Gensokyo","Gensokyo:Gensokyoer","Gensokyo:Gensokyoest","TheEnding"],"potions_floor_usage":[40,45,51,51,55,56,56],"damage_taken":[{"damage":0.0,"enemies":"Gensokyo:2_Kodama","floor":1.0,"turns":1.0},{"damage":0.0,"enemies":"Gensokyo:Gryphon","floor":5.0,"turns":1.0},{"damage":1.0,"enemies":"Gensokyo:Cirno","floor":8.0,"turns":2.0},{"damage":7.0,"enemies":"Gensokyo:Aya","floor":10.0,"turns":4.0},{"damage":0.0,"enemies":"Gensokyo:3_Fairies","floor":12.0,"turns":5.0},{"damage":0.0,"enemies":"Gensokyo:3_Kodama","floor":13.0,"turns":4.0},{"damage":1.0,"enemies":"Gensokyo:Reimu","floor":16.0,"turns":10.0},{"damage":0.0,"enemies":"Gensokyo:Chomper","floor":18.0,"turns":3.0},{"damage":14.0,"enemies":"Gensokyo:AngelMirror","floor":19.0,"turns":4.0},{"damage":0.0,"enemies":"Gensokyo:3_Gloops","floor":21.0,"turns":5.0},{"damage":0.0,"enemies":"Gensokyo:Wraith","floor":24.0,"turns":4.0},{"damage":0.0,"enemies":"Gensokyo:Reisen","floor":25.0,"turns":5.0},{"damage":0.0,"enemies":"Gensokyo:Koishi","floor":27.0,"turns":5.0},{"damage":1.0,"enemies":"Gensokyo:Reisen","floor":30.0,"turns":5.0},{"damage":0.0,"enemies":"Gensokyo:Slime_Group","floor":31.0,"turns":3.0},{"damage":7.0,"enemies":"Gensokyo:Eiki","floor":33.0,"turns":7.0},{"damage":0,"enemies":"Gensokyo:AncientGuardian","floor":35,"turns":4},{"damage":1,"enemies":"Gensokyo:3_Boulders","floor":39,"turns":5},{"damage":0,"enemies":"Gensokyo:Kasen","floor":40,"turns":5},{"damage":0,"enemies":"Gensokyo:Dusk_and_Dawn","floor":44,"turns":4},{"damage":0,"enemies":"Gensokyo:Sharpion","floor":46,"turns":3},{"damage":0,"enemies":"Gensokyo:Marisa","floor":47,"turns":5},{"damage":0,"enemies":"Gensokyo:3_Boulders","floor":48,"turns":4},{"damage":0,"enemies":"Gensokyo:Yuyuko","floor":50,"turns":6},{"damage":0,"enemies":"Gensokyo:Scarlet_Devils","floor":51,"turns":7},{"damage":26,"enemies":"Shield and Spear","floor":55,"turns":4},{"damage":42,"enemies":"The Heart","floor":56,"turns":8}],"seed_played":"1015720976437145658","potions_obtained":[{"floor":10.0,"key":"SteroidPotion"},{"floor":13.0,"key":"Energy Potion"},{"floor":19.0,"key":"ColorlessPotion"},{"floor":31.0,"key":"Fruit Juice"},{"floor":33.0,"key":"Ancient Potion"},{"floor":35,"key":"GamblersBrew"},{"floor":55,"key":"Strength Potion"}],"is_trial":false,"path_per_floor":["M","?","?","?","M","R","?","E","T","E","?","M","M","?","R","B",null,"M","M","$","M","T","R","M","E","T","E","COS","R","E","M","R","B",null,"M","?","COS","T","M","E","?","?","T","M","$","M","E","M","R","B","B",null,"R","$","E","B",null],"character_chosen":"Hololive_HololiveCharacter","items_purchased":["Hololive_CallTokinoSora","Hololive_CallNakiriAyame","DistilledChaos","Fruit Juice","Energy Potion","DistilledChaos","Swift Potion"],"campfire_rested":0,"item_purchase_floors":[20,45,45,45,45,54,54],"current_hp_per_floor":[27,27,18,18,18,18,18,17,17,10,10,10,10,10,22,21,28,28,14,14,14,14,29,30,30,30,30,30,30,29,35,35,28,33,35,18,18,18,19,28,28,28,28,30,35,37,39,41,47,47,47,47,47,47,21,47],"gold":50,"neow_bonus":"THREE_ENEMY_KILL","is_daily":false,"chose_seed":false,"campfire_upgraded":6,"win_rate":0.0,"timestamp":1609497703,"path_taken":["M","?","?","?","?","R","?","E","T","E","?","M","M","?","R","BOSS","M","M","?","?","?","R","M","E","T","E","COS","R","E","M","R","BOSS","M","?","COS","?","M","E","?","?","T","M","$","?","E","M","R","BOSS","BOSS","R","$","E","BOSS"],"items_purchased_type":["Card","Card","Potion","Potion","Potion","Potion","Potion"],"build_version":"2020-12-22","purchased_purges":1,"victory":true,"max_hp_per_floor":[30,30,30,30,30,30,30,30,30,30,30,30,30,30,30,30,30,30,30,30,30,30,30,30,30,30,30,30,30,30,35,35,35,35,35,35,35,35,35,42,42,42,42,42,47,47,47,47,47,47,47,47,47,47,47,47],"card_choices":[{"not_picked":["Hololive_HuntDinosaur","Hololive_RevenueBasedLive","Hololive_Sequa"],"picked":"Hololive_CocoNews","floor":1.0},{"not_picked":["Hololive_CallNatsuiroMatsuri","Hololive_CocoNews","Hololive_Psychosis"],"picked":"Hololive_CallInugamiKorone","floor":2.0},{"not_picked":["Hololive_Trident","Hololive_CocoNews","Hololive_CallMoonaHoshinova"],"picked":"Hololive_CallKiryuuCoco","floor":2.0},{"not_picked":["Hololive_LuckPotion","Hololive_CallOkamiMio","Hololive_CallOmaruPolka"],"picked":"Hololive_CallAZKi","floor":5.0},{"not_picked":["Hololive_CallYozoraMel","Hololive_Nanodesu","Hololive_CallAkaiHaato"],"picked":"Hololive_CallNekomataOkayu","floor":8.0},{"not_picked":["Hololive_StrengthChampion","Hololive_RevenueBasedLive","Hololive_FlyingPonyTail"],"picked":"Hololive_Breathe","floor":10.0},{"not_picked":["Hololive_CallCivia","Hololive_Sequa","Hololive_Watashimo"],"picked":"Hololive_Psychosis","floor":12.0},{"not_picked":["Hololive_CallMomosuzuNene","Hololive_StrengthChampion","Hololive_HuntDinosaur"],"picked":"Hololive_CallYuzukiChoco","floor":13.0},{"not_picked":["Hololive_IdolExercise+1","Hololive_Recruit+1","Hololive_BeCareful+1"],"picked":"Hololive_FlareMind+1","floor":16.0},{"not_picked":["Hololive_LuckPotion+1","Hololive_OvertimeWork","Hololive_Psychosis"],"picked":"Hololive_CandyCastle+1","floor":18.0},{"not_picked":["Hololive_CallNatsuiroMatsuri","Hololive_StrengthChampion+1","Hololive_Trident"],"picked":"Hololive_LuckPotion+1","floor":19.0},{"not_picked":["Hololive_Sequa","Hololive_Psychosis","Hololive_CallAmaneKanata"],"picked":"Hololive_Yoholoon","floor":21.0},{"not_picked":["Hololive_LuckPotion+1","Hololive_Trident","Hololive_HuntDinosaur+1"],"picked":"Hololive_CallOmaruPolka+1","floor":24.0},{"not_picked":["Hololive_Psychosis","Hololive_CallAyundaRisu+1","Hololive_Rebound+1"],"picked":"Hololive_BeCareful+1","floor":25.0},{"not_picked":["Hololive_CallCivia","Hololive_RevenueBasedLive+1","Hololive_HuntDinosaur+1"],"picked":"Hololive_Breathe+1","floor":27.0},{"not_picked":["Hololive_Sequa+1","Hololive_CallTokoyamiTowa","Hololive_CallNakiriAyame"],"picked":"Hololive_DiamondStrike","floor":30.0},{"not_picked":["Hololive_CallAZKi","Hololive_CallYuzukiChoco","Hololive_OvertimeWork"],"picked":"Hololive_CallKiryuuCoco+1","floor":31.0},{"not_picked":["Hololive_Recruit+1","Hololive_MaximGun","Hololive_DDD+1"],"picked":"Hololive_Rebirth+1","floor":33.0},{"not_picked":["Hololive_StrengthChampion","Hololive_Breathe+1","Hololive_Sequa","Hololive_Drill+1"],"picked":"SKIP","floor":35},{"not_picked":["Hololive_Psychosis","Hololive_Trident","Hololive_CallInugamiKorone"],"picked":"Hololive_BringToTrial+1","floor":39},{"not_picked":["Hololive_Watashimo+1","Hololive_CallAZKi","Hololive_OvertimeWork"],"picked":"Hololive_CallMinatoAqua","floor":40},{"not_picked":["Hololive_Rebirth","Hololive_DurableLive","Hololive_StarCraft"],"picked":"Hololive_ScarfAndHalo","floor":44},{"not_picked":["Hololive_LuckPotion+1","Hololive_Teleport+1","Hololive_CallNatsuiroMatsuri"],"picked":"Hololive_CallTsunomakiWatame","floor":44},{"not_picked":["Hololive_CallTokoyamiTowa","Hololive_Psychosis","Hololive_Sequa"],"picked":"Hololive_CallUruhaRushia","floor":46},{"not_picked":["Hololive_Sequa+1","Hololive_Breathe+1","Hololive_ScarfAndHalo"],"picked":"Hololive_CocoNews","floor":47},{"not_picked":["Hololive_Trident+1","Hololive_Sequa","Hololive_CallYogiri"],"picked":"Hololive_CallAiraniIofifteen","floor":48},{"not_picked":["Hololive_Drill","Hololive_CallOkamiMio+1","Hololive_CallMurasakiShion"],"picked":"Hololive_CallShiroganeNoel","floor":55}],"player_experience":167606,"relics_obtained":[{"floor":8.0,"key":"Eternal Feather"},{"floor":9.0,"key":"Matryoshka"},{"floor":22.0,"key":"Blood Vial"},{"floor":25.0,"key":"Gremlin Horn"},{"floor":25.0,"key":"StoneCalendar"},{"floor":26.0,"key":"Bag of Preparation"},{"floor":26.0,"key":"Happy Flower"},{"floor":27.0,"key":"Bag of Marbles"},{"floor":27.0,"key":"Regal Pillow"},{"floor":30.0,"key":"Whetstone"},{"floor":30.0,"key":"Old Coin"},{"floor":38,"key":"Ice Cream"},{"floor":40,"key":"MawBank"},{"floor":40,"key":"Strawberry"},{"floor":43,"key":"The Courier"},{"floor":47,"key":"Blue Candle"},{"floor":47,"key":"Letter Opener"},{"floor":55,"key":"Gambling Chip"},{"floor":55,"key":"Bronze Scales"}],"event_choices":[],"is_beta":false,"boss_relics":[{"not_picked":["Fusion Hammer","Busted Crown"],"picked":"Black Star"},{"not_picked":["Hololive_TopUpMoneyS","SlaversCollar"],"picked":"Runic Dome"}],"items_purged_floors":[45],"is_endless":false,"potions_floor_spawned":[10,13,19,31,33,35,46,47,55],"ascension_level":20}}