{"host":"icrrc9b69c1a6188","time":1609485181,"event":{"mods":["Act Like it!","BaseMod","Bestiary","Better Altar","Better Match","Better Note","Better Sensory Stone","Better Skull","Better Third Choice","Block Reminder","Colored Map","Colored Powertips","Curses Come First","Displayed Cursed Tome","Faster Ascension Climbing","HexUI Lib","Jorbs\u0027s Wanderer Trilogy","Minty Spire (QoL Compilation)","Quick Restart","RNG Fix","Random Character Mod","Rare Cards Sparkle","Spicy Shops","StSLib","Unceasing Turn Reminder"],"gold_per_floor":[114,114,132,183,200,235,235,235,235],"floor_reached":8,"playtime":310,"items_purged":[],"score":112,"play_id":"a3c25ff6-45d6-4d5a-830a-84165af08074","local_time":"20210101011301","is_ascension_mode":true,"campfire_choices":[{"data":"Perfected Strike","floor":7,"key":"SMITH"}],"circlet_count":0,"master_deck":["AscendersBane","Strike_R","Strike_R","Strike_R","Strike_R","Strike_R","Defend_R","Defend_R","Defend_R","Defend_R","Bash+1","Perfected Strike+1","Dual Wield","Spot Weakness"],"relics":["Burning Blood","Kunai"],"acts_visited":["Exordium"],"potions_floor_usage":[6,8],"damage_taken":[{"damage":6,"enemies":"Cultist","floor":1,"turns":4},{"damage":19,"enemies":"Small Slimes","floor":3,"turns":3},{"damage":16,"enemies":"2 Louse","floor":5,"turns":4},{"damage":30,"enemies":"Lagavulin","floor":6,"turns":5},{"damage":26,"enemies":"3 Sentries","floor":8,"turns":3}],"seed_played":"-6146099797082253882","potions_obtained":[{"floor":1,"key":"ColorlessPotion"},{"floor":5,"key":"AttackPotion"}],"is_trial":false,"path_per_floor":["M","?","M","?","M","E","R","E"],"character_chosen":"IRONCLAD","items_purchased":[],"campfire_rested":0,"item_purchase_floors":[],"current_hp_per_floor":[68,68,55,55,45,21,21,0,0],"gold":235,"neow_bonus":"UPGRADE_CARD","is_daily":false,"chose_seed":false,"campfire_upgraded":1,"win_rate":0.0,"timestamp":1609485181,"path_taken":["M","?","M","?","M","E","R","E"],"items_purchased_type":[],"build_version":"2020-12-22","purchased_purges":0,"victory":false,"max_hp_per_floor":[75,75,75,75,75,75,75,75,75],"card_choices":[{"not_picked":["Flex","Dual Wield"],"picked":"Perfected Strike","floor":1},{"not_picked":["Intimidate","True Grit"],"picked":"Dual Wield","floor":3},{"not_picked":["Havoc","Rupture"],"picked":"Spot Weakness","floor":5},{"not_picked":["Flex","Sever Soul","Warcry"],"picked":"SKIP","floor":6}],"player_experience":716575,"relics_obtained":[{"floor":6,"key":"Kunai"}],"event_choices":[{"damage_healed":0,"gold_gain":0,"player_choice":"Ignored","damage_taken":0,"max_hp_gain":0,"max_hp_loss":0,"event_name":"Golden Idol","floor":2,"gold_loss":0},{"damage_healed":0,"gold_gain":51,"player_choice":"Gained Gold","damage_taken":0,"max_hp_gain":0,"max_hp_loss":0,"event_name":"Golden Wing","floor":4,"gold_loss":0}],"is_beta":false,"boss_relics":[],"items_purged_floors":[],"is_endless":false,"potions_floor_spawned":[1,5],"killed_by":"3 Sentries","ascension_level":20}}