{"host":"eydwxg59205c3vtl","time":1609545046,"event":{"mods":["2.2 Compatiblity","BaseMod","Colored Map","Colored Powertips","Hubris","Minty Spire (QoL Compilation)","StSLib","The Necromancer"],"gold_per_floor":[109,59,117,135,82,107,107,134,134,21,37,37,97,130,130,130,130],"floor_reached":16,"playtime":652,"items_purged":[],"score":197,"play_id":"0855ab18-7ecd-48ba-8c88-3f3d2561c53e","local_time":"20210101185046","is_ascension_mode":true,"campfire_choices":[{"data":"Negative_Energy_Burst","floor":7,"key":"SMITH"},{"floor":15,"key":"REST"}],"circlet_count":0,"master_deck":["AscendersBane","Strike_W","Strike_W","Defend_W","Defend_W","Defend_W","Defend_W","Negative_Energy_Arrows","Bone_Wall","Summon_Undead_Army","Negative_Energy_Burst+1","Shade_Step","Negative_Energy_Mist","Shade_Step","Death_Coil","Summon_Lich","Negative_Energy_Shield","Blood_Curse","Vampiric_Strike","Death_March_Dance","Life_Drain"],"relics":["Vampire_Amulet","hubris:AstralHammer","Bird Faced Urn","HornCleat","Regal Pillow","Bag of Marbles"],"acts_visited":["Exordium"],"potions_floor_usage":[6,8],"damage_taken":[{"damage":0,"enemies":"2 Louse","floor":1,"turns":4},{"damage":11,"enemies":"Small Slimes","floor":4,"turns":3},{"damage":28,"enemies":"Lagavulin","floor":6,"turns":8},{"damage":26,"enemies":"Gremlin Nob","floor":8,"turns":5},{"damage":0,"enemies":"Cultist","floor":11,"turns":4},{"damage":12,"enemies":"3 Sentries","floor":13,"turns":7},{"damage":5,"enemies":"3 Sentries","floor":14,"turns":5},{"damage":76,"enemies":"Slime Boss","floor":16,"turns":8}],"seed_played":"-1160393409742333475","potions_obtained":[{"floor":4,"key":"Strength Potion"},{"floor":6,"key":"DistilledChaos"}],"is_trial":false,"path_per_floor":["M","?","?","M","$","E","R","E","T","$","M","?","?","E","R","B"],"character_chosen":"NECROMANCER","items_purchased":["Negative_Energy_Mist","Summon_Lich","Negative_Energy_Shield"],"campfire_rested":1,"item_purchase_floors":[5,10,10],"current_hp_per_floor":[68,68,68,61,61,35,35,11,11,11,15,15,15,18,54,0,0],"gold":130,"neow_bonus":"TRANSFORM_CARD","is_daily":false,"chose_seed":false,"campfire_upgraded":1,"win_rate":0.0,"timestamp":1609545046,"path_taken":["M","?","?","M","$","E","R","E","T","$","M","?","?","E","R","BOSS"],"items_purchased_type":["Card","Card","Card"],"build_version":"2020-12-22","purchased_purges":0,"victory":false,"max_hp_per_floor":[71,71,71,71,71,71,71,71,71,71,71,71,71,71,71,71,71],"card_choices":[{"not_picked":["Negative_Energy_Mist","Toxic_Smoke_Screen"],"picked":"Negative_Energy_Burst","floor":1},{"not_picked":["Corrupt","Blood_Whip"],"picked":"Shade_Step","floor":4},{"not_picked":["Bone_Armor","Consume_Illness"],"picked":"Shade_Step","floor":6},{"not_picked":["Toxic_Smoke_Screen","Shackles_Of_Pain"],"picked":"Death_Coil","floor":8},{"not_picked":["Uncharnel","Epidemic"],"picked":"Blood_Curse","floor":11},{"not_picked":["Bone_Bullets","Violent_Necrosis"],"picked":"Death_March_Dance","floor":13},{"not_picked":["Bone_Prison","Epidemic"],"picked":"Life_Drain","floor":14}],"player_experience":576000,"relics_obtained":[{"floor":6,"key":"hubris:AstralHammer"},{"floor":8,"key":"Bird Faced Urn"},{"floor":9,"key":"HornCleat"},{"floor":13,"key":"Regal Pillow"},{"floor":14,"key":"Bag of Marbles"}],"event_choices":[{"cards_removed":["Strike_W"],"damage_healed":0,"gold_gain":0,"player_choice":"Card Removal","damage_taken":0,"max_hp_gain":0,"max_hp_loss":0,"event_name":"The Cleric","floor":2,"gold_loss":50},{"damage_healed":0,"gold_gain":58,"player_choice":"Gained Gold","damage_taken":0,"max_hp_gain":0,"max_hp_loss":0,"event_name":"Golden Wing","floor":3,"gold_loss":0},{"damage_healed":0,"gold_gain":0,"player_choice":"Searched \u00271\u0027 times","damage_taken":0,"max_hp_gain":0,"max_hp_loss":0,"event_name":"Dead Adventurer","floor":13,"gold_loss":0}],"is_beta":false,"boss_relics":[],"items_purged_floors":[],"is_endless":false,"potions_floor_spawned":[4,6],"killed_by":"Slime Boss","ascension_level":14}}