{"host":"i0avyit1s6jb1siw","time":1609504122,"event":{"mods":["BaseMod","DeckTracker","Dota2Spire","Highlight Path","Minty Spire (QoL Compilation)","Quick Restart","Replay The Spire","StSLib","SuperFastMode"],"gold_per_floor":[17,32,32,32,49,49,381,397,478,478,553,563,589,605,605,605,605],"floor_reached":16,"playtime":358,"items_purged":[],"score":224,"play_id":"1879b926-2dc6-4a28-bca4-d2c543be75b7","local_time":"20210101132842","is_ascension_mode":true,"campfire_choices":[{"data":"Apotheosis","floor":6,"key":"SMITH"},{"floor":10,"key":"REST"}],"circlet_count":0,"master_deck":["AscendersBane","Strike_G","Strike_G","Strike_G","Defend_G","Defend_G","Defend_G","Defend_G","Defend_G","Survivor","Neutralize","Apotheosis+1","Dagger Throw","Leg Sweep","Backstab","Masterful Stab","After Image","Envenom","Blur","Die Die Die"],"relics":["Ring of the Snake","Old Coin","InkBottle","Blue Doll"],"acts_visited":["Exordium"],"potions_floor_usage":[13,16],"damage_taken":[{"damage":1,"enemies":"Small Slimes","floor":1,"turns":4},{"damage":4,"enemies":"Cultist","floor":2,"turns":4},{"damage":0,"enemies":"Jaw Worm","floor":5,"turns":5},{"damage":36,"enemies":"3 Sentries","floor":7,"turns":16},{"damage":0,"enemies":"Large Slime","floor":8,"turns":5},{"damage":0,"enemies":"Lots of Slimes","floor":12,"turns":3},{"damage":10,"enemies":"Lagavulin","floor":13,"turns":7},{"damage":0,"enemies":"Looter","floor":14,"turns":3},{"damage":36,"enemies":"Slime Boss","floor":16,"turns":9}],"seed_played":"-1412136915490665773","potions_obtained":[{"floor":2,"key":"Toxic Potion"},{"floor":8,"key":"Energy Potion"},{"floor":13,"key":"BlessingOfTheForge"}],"is_trial":false,"path_per_floor":["M","M","$","?","M","R","E","M","T","R","?","M","E","M","R","B"],"character_chosen":"THE_SILENT","items_purchased":[],"campfire_rested":1,"item_purchase_floors":[],"current_hp_per_floor":[58,54,54,54,54,54,18,18,18,37,37,37,27,27,27,0,0],"gold":605,"neow_bonus":"RANDOM_COLORLESS_2","is_daily":false,"chose_seed":false,"campfire_upgraded":1,"win_rate":0.0,"timestamp":1609504122,"path_taken":["M","M","$","?","?","R","E","M","T","R","?","M","E","M","R","BOSS"],"items_purchased_type":[],"build_version":"2020-12-22","purchased_purges":0,"victory":false,"max_hp_per_floor":[66,66,66,66,66,66,66,66,66,66,66,66,66,66,66,66,66],"card_choices":[{"not_picked":["Secret Technique","Secret Weapon"],"picked":"Apotheosis","floor":0},{"not_picked":["Dodge and Roll","Poisoned Stab"],"picked":"Dagger Throw","floor":1},{"not_picked":["Deadly Poison","ReplayTheSpireMod:Shiv Toss"],"picked":"Leg Sweep","floor":2},{"not_picked":["Escape Plan","Acrobatics"],"picked":"Backstab","floor":5},{"not_picked":["Slice","Sucker Punch","Distraction"],"picked":"SKIP","floor":7},{"not_picked":["ReplayTheSpireMod:Tripwire","Prepared"],"picked":"Masterful Stab","floor":8},{"not_picked":["Sneak Up","Bane"],"picked":"After Image","floor":12},{"not_picked":["Poisoned Stab","Underhanded Strike"],"picked":"Envenom","floor":13},{"not_picked":["ReplayTheSpireMod:Shiv Toss","Calculated Gamble"],"picked":"Blur","floor":14}],"player_experience":2152760,"relics_obtained":[{"floor":7,"key":"Old Coin"},{"floor":9,"key":"InkBottle"},{"floor":13,"key":"Blue Doll"}],"event_choices":[{"cards_removed":["Strike_G"],"damage_healed":0,"gold_gain":0,"player_choice":"Offered Basic","damage_taken":0,"max_hp_gain":0,"max_hp_loss":0,"event_name":"Bonfire Elementals","floor":4,"gold_loss":0},{"damage_healed":0,"gold_gain":75,"player_choice":"Gained Gold","damage_taken":0,"max_hp_gain":0,"max_hp_loss":0,"event_name":"Golden Wing","floor":11,"gold_loss":0}],"is_beta":false,"boss_relics":[],"items_purged_floors":[],"is_endless":false,"potions_floor_spawned":[2,8,13],"killed_by":"Slime Boss","ascension_level":20}}