{"host":"3c27c697js19kaoo","time":1609476189,"event":{"mods":["ATMod(°¢èªMod)","Aspiration","BaseMod","CapriCore","Dota2Spire","Hermit","Lobotomy","Minty Spire (QoL Compilation)","Quick Restart","Replay The Spire","Robot Space Explorer","RumiaBox-Â¶Ã×æ«µÄÉñÃØºÐ×Ó","Spicy Shops","StSLib","The Alterego","The Cursed","The Runesmith","The Servant 0.9.4","vexMod","¡¾¹¦ÄÜMod¡¿»ìãçÖ®»·ÐÞ¸´²¹¶¡","¡¾ÒÅÎï¿¨ÅÆ¡¿REMEMod"],"gold_per_floor":[119,119,135,146,146,146,146,146,224,224,250,264,264,293,293,390,390,333,73,172,172,195,304,304,22,77,135,135,11,114,314,314,348,348,486,486,535,27,66,108,162,303,303,360,3,3,145,234,234,359,359],"floor_reached":50,"playtime":3358,"items_purged":["TheCursedMod:Dregs","CherryBlossoms"],"score":924,"play_id":"00c16bf8-f14c-441e-95d9-8d13fbd7513f","local_time":"20210101124309","is_ascension_mode":true,"campfire_choices":[{"data":"AT_Dispersion","floor":6,"key":"SMITH"},{"data":"TheCursedMod:WearCloak","floor":8,"key":"SMITH"},{"data":"TheCursedMod:CleanUpWorkshop","floor":10,"key":"SMITH"},{"data":"TheCursedMod:CursedBlade","floor":13,"key":"SMITH"},{"floor":15,"key":"REST"},{"data":"TheCursedMod:CircleOfAbyss","floor":24,"key":"SMITH"},{"floor":28,"key":"REST"},{"floor":32,"key":"DIG"},{"data":"TheCursedMod:CircleOfAbyss","floor":46,"key":"SMITH"},{"data":"1","floor":49,"key":"LIFT"}],"circlet_count":0,"master_deck":["TheCursedMod:Strike_TheCursed+1","TheCursedMod:Strike_TheCursed+1","TheCursedMod:Strike_TheCursed+1","TheCursedMod:Strike_TheCursed+1","TheCursedMod:Defend_TheCursed","TheCursedMod:Defend_TheCursed","TheCursedMod:Defend_TheCursed","TheCursedMod:Defend_TheCursed","TheCursedMod:CursedWand","TheCursedMod:CleanUpWorkshop+1","TheCursedMod:Dregs","AT_Dispersion+1","Offering","TheCursedMod:CircleOfCorruption+1","UniverseFragment","ShyLook","TheCursedMod:WearCloak+1","TheCursedMod:CursedBlade+1","Freischutz","TheCursedMod:CircleOfAbyss+1","TheCursedMod:DemonSword+1","TheCursedMod:CircleOfAbyss+1","WallGazer","TheCursedMod:FuryStrike","TheCursedMod:CircleOfFlame+1","TheCursedMod:CursedShiv+1","CENSORED","TheCursedMod:VitalStrike+1","Alriune","AT_EmpoweredMortalDraw+1","TheCursedMod:SurpriseAttack+1","LongBird","CrumblingArmor","TheCursedMod:VitalStrike+1","TheCursedMod:FuryStrike+1","TheCursedMod:CursedShiv+1","QueenOfHatred","TheCursedMod:TacticalStrike+1","DespairKnight","TheCursedMod:SpitefulPray"],"relics":["TheCursedMod:BlackMagic101","REME_ComplimentaryCards","AT_ATBox","CogitoBucket","Centennial Puzzle","AT_BellowingDragoncrestRing","Smiling Mask","Meat on the Bone","AT_TrinityForce","TreeSap","ReplayTheSpireMod:CursedCoin","AT_MibuBalloonWealth","Membership Card","Art of War","Girya","Dota2Spire:BlackKingBar","Dota2Spire:LotusOrb","ReplayFunnel","GodSword5","Calipers","Molten Egg 2","Replay:Wax Seal","Turnip","Dota2Spire:BattleFury","Snack Pack","AT_MortalBlade","BehaviorAdjustment","TungstenRod","Mummified Hand","Divine Protection","Frozen Eye","Dota2Spire:LinkenSphere","ChaoDraw","AtMidnight","ResearcherNote","Ornamental Fan","Nunchaku","GodSword7","vexMod:PaidLearning","Replay:Bottled Eggs"],"acts_visited":["Exordium","TheCity","TheBeyond"],"potions_floor_usage":[14,35,41],"damage_taken":[{"damage":0,"enemies":"Small Slimes","floor":1,"turns":3},{"damage":6,"enemies":"Cultist","floor":3,"turns":3},{"damage":10,"enemies":"Jaw Worm","floor":4,"turns":4},{"damage":4,"enemies":"Lagavulin","floor":11,"turns":6},{"damage":6,"enemies":"2 Fungi Beasts","floor":12,"turns":3},{"damage":12,"enemies":"Gremlin Nob","floor":14,"turns":4},{"damage":36,"enemies":"Fading Forest","floor":16,"turns":11},{"damage":16,"enemies":"3 Byrds","floor":18,"turns":2},{"damage":6,"enemies":"Spheric Guardian","floor":22,"turns":1},{"damage":9,"enemies":"Slavers","floor":23,"turns":4},{"damage":6,"enemies":"Gremlin Leader","floor":27,"turns":2},{"damage":8,"enemies":"Slavers","floor":30,"turns":3},{"damage":0,"enemies":"Colosseum Slavers","floor":31,"turns":2},{"damage":13,"enemies":"Colosseum Nobs","floor":31,"turns":4},{"damage":63,"enemies":"Collector","floor":33,"turns":7},{"damage":0,"enemies":"3 Darklings","floor":35,"turns":4},{"damage":13,"enemies":"Mind Bloom Boss Battle","floor":37,"turns":2},{"damage":0,"enemies":"Orb Walker","floor":39,"turns":1},{"damage":0,"enemies":"Writhing Mass","floor":40,"turns":2},{"damage":6,"enemies":"R_Hoarder","floor":41,"turns":3},{"damage":39,"enemies":"Transient","floor":42,"turns":20},{"damage":0,"enemies":"Nemesis","floor":44,"turns":4},{"damage":0,"enemies":"3 Darklings","floor":47,"turns":1},{"damage":0,"enemies":"Sphere and 2 Shapes","floor":48,"turns":2},{"damage":57,"enemies":"Time Eater","floor":50,"turns":5}],"seed_played":"-2258061909604266793","potions_obtained":[{"floor":11,"key":"FearPotion"},{"floor":14,"key":"Elixir"},{"floor":18,"key":"SpeedPotion"},{"floor":30,"key":"FairyPotion"},{"floor":33,"key":"PowerPotion"},{"floor":35,"key":"BlessingOfTheForge"},{"floor":44,"key":"Dota2Spire:HealingSalve"}],"is_trial":false,"path_per_floor":["M","?","M","M","$","R","?","R","T","R","E","M","R","E","R","B",null,"M","$","?","?","M","E","R","$","T","E","R","$","E","?","R","B",null,"M","?","?","$","M","M","E","M","T","E","$","R","M","M","R","B"],"character_chosen":"THE_CURSED","items_purchased":["ReplayTheSpireMod:CursedCoin","AT_MibuBalloonWealth","Membership Card","TheCursedMod:FuryStrike","Girya","Dota2Spire:BlackKingBar","Dota2Spire:LotusOrb","Calipers","Molten Egg 2","Mummified Hand","Divine Protection","Frozen Eye","Dota2Spire:LinkenSphere","GodSword7","TheCursedMod:TacticalStrike+1","vexMod:PaidLearning","Replay:Bottled Eggs"],"campfire_rested":2,"item_purchase_floors":[19,19,19,19,25,25,25,29,29,38,38,38,38,45,45,45,45],"current_hp_per_floor":[75,75,69,59,59,59,47,47,47,47,43,37,37,25,47,31,64,48,48,48,34,40,43,43,43,43,49,79,79,71,58,58,55,78,80,80,73,73,73,75,77,62,62,79,79,79,80,80,80,56,56],"gold":359,"neow_bonus":"","is_daily":false,"chose_seed":false,"campfire_upgraded":6,"win_rate":0.0,"timestamp":1609476189,"path_taken":["M","?","?","M","?","R","?","R","T","R","E","M","R","E","R","BOSS","M","$","?","?","M","E","R","?","T","E","R","$","E","?","R","BOSS","M","?","?","$","M","M","E","M","T","E","$","R","?","M","R","BOSS"],"items_purchased_type":["Relic","Relic","Relic","Card","Relic","Relic","Relic","Relic","Relic","Relic","Relic","Relic","Relic","Relic","Card","Relic","Relic"],"build_version":"2020-12-22","purchased_purges":2,"victory":false,"max_hp_per_floor":[75,75,75,75,75,75,75,75,75,75,75,75,75,75,75,75,75,75,75,75,80,80,80,80,80,80,80,80,80,80,80,80,80,80,80,80,80,80,80,80,80,80,80,80,80,80,80,80,80,80,80],"card_choices":[{"not_picked":["TheCursedMod:SmokeScreen","TheCursedMod:CursedAmulet"],"picked":"TheCursedMod:CircleOfCorruption","floor":1},{"not_picked":["Scorched","OldLady"],"picked":"UniverseFragment","floor":1},{"not_picked":["Alriune","Wellcheers"],"picked":"ShyLook","floor":3},{"not_picked":["TheCursedMod:SpitefulStrike","TheCursedMod:Evocation","TheCursedMod:CircleOfCorruption"],"picked":"SKIP","floor":3},{"not_picked":["TheCursedMod:SpitefulStrike","TheCursedMod:Evocation","TheCursedMod:CircleOfCorruption"],"picked":"SKIP","floor":3},{"not_picked":["TheCursedMod:CursedArmor","TheCursedMod:StingEye"],"picked":"TheCursedMod:WearCloak","floor":4},{"not_picked":["TheCursedMod:SpitefulStrike","TheCursedMod:CursedAmulet"],"picked":"TheCursedMod:CursedBlade","floor":11},{"not_picked":["Scarecrow","Wellcheers"],"picked":"Freischutz","floor":11},{"not_picked":["TheCursedMod:CursedSpellbook","TheCursedMod:CursedMace","TheCursedMod:RavingStaff"],"picked":"SKIP","floor":12},{"not_picked":["TheCursedMod:Torture","TheCursedMod:FleshFromBone"],"picked":"TheCursedMod:CircleOfAbyss","floor":14},{"not_picked":["TheCursedMod:CollectTribute","TheCursedMod:OutForBlood"],"picked":"TheCursedMod:DemonSword","floor":16},{"not_picked":["BigBird","OSAHOGD"],"picked":"CherryBlossoms","floor":16},{"not_picked":["TheCursedMod:TacticalStrike","TheCursedMod:BlessingInDisguise"],"picked":"TheCursedMod:CircleOfAbyss","floor":18},{"not_picked":["Wellcheers","BeautyBeast"],"picked":"WallGazer","floor":18},{"not_picked":["TheCursedMod:RavingStaff","TheCursedMod:CursedBlade"],"picked":"TheCursedMod:CircleOfFlame","floor":22},{"not_picked":["TheCursedMod:TroublousMinions","TheCursedMod:EmpowerCircles","TheCursedMod:RapidMovement+1"],"picked":"SKIP","floor":23},{"not_picked":["TheCursedMod:TroublousMinions","TheCursedMod:EmpowerCircles","TheCursedMod:RapidMovement+1"],"picked":"SKIP","floor":23},{"not_picked":["TheCursedMod:AbyssShockwave","TheCursedMod:SpitefulStrike","TheCursedMod:CircleOfBlood"],"picked":"SKIP","floor":27},{"not_picked":["TheCursedMod:TacticalStrike+1","TheCursedMod:SpitefulStrike+1"],"picked":"TheCursedMod:CursedShiv+1","floor":30},{"not_picked":["CrumblingArmor","SilentOrchestra"],"picked":"CENSORED","floor":31},{"not_picked":["TheCursedMod:RavingStaff+1","TheCursedMod:TroublousMinions+1"],"picked":"TheCursedMod:VitalStrike+1","floor":31},{"not_picked":["MHz","BeautyBeast"],"picked":"Alriune","floor":33},{"not_picked":["TheCursedMod:CursedSpellbook","TheCursedMod:RapidMovement"],"picked":"TheCursedMod:SurpriseAttack+1","floor":35},{"not_picked":["Scarecrow","WhitesApple"],"picked":"LongBird","floor":37},{"not_picked":["Wellcheers","LittleHelper"],"picked":"CrumblingArmor","floor":39},{"not_picked":["TheCursedMod:HellsGateOpen+1","TheCursedMod:CursedAmulet"],"picked":"TheCursedMod:VitalStrike+1","floor":39},{"not_picked":["TheCursedMod:CursedAmulet+1","TheCursedMod:BloodBarrier+1"],"picked":"TheCursedMod:FuryStrike+1","floor":40},{"not_picked":["TheCursedMod:Torture","TheCursedMod:HellsGateOpen+1","TheCursedMod:EmpowerCircles"],"picked":"SKIP","floor":41},{"not_picked":["TheCursedMod:Torture","TheCursedMod:HellsGateOpen+1","TheCursedMod:EmpowerCircles"],"picked":"SKIP","floor":41},{"not_picked":["TheCursedMod:Torture+1","TheCursedMod:TacticalStrike+1"],"picked":"TheCursedMod:CursedShiv+1","floor":42},{"not_picked":["PlagueDoctor","Porccubus"],"picked":"QueenOfHatred","floor":44},{"not_picked":["TheCursedMod:FleshFromBone","TheCursedMod:SmokeScreen","TheCursedMod:WearCloak+1"],"picked":"SKIP","floor":44},{"not_picked":["TheCursedMod:FleshFromBone","TheCursedMod:SmokeScreen","TheCursedMod:WearCloak+1"],"picked":"SKIP","floor":44},{"not_picked":["Woodsman","SilentOrchestra"],"picked":"DespairKnight","floor":47},{"not_picked":["TheCursedMod:TroublousMinions","TheCursedMod:CursedAmulet"],"picked":"TheCursedMod:SpitefulPray","floor":47},{"not_picked":["TheCursedMod:WearCloak","TheCursedMod:FleshFromBone+1","TheCursedMod:CursedSpellbook"],"picked":"SKIP","floor":48}],"player_experience":194159,"relics_obtained":[{"floor":9,"key":"AT_BellowingDragoncrestRing"},{"floor":11,"key":"Smiling Mask"},{"floor":14,"key":"Meat on the Bone"},{"floor":23,"key":"Art of War"},{"floor":26,"key":"ReplayFunnel"},{"floor":27,"key":"GodSword5"},{"floor":30,"key":"Replay:Wax Seal"},{"floor":31,"key":"Turnip"},{"floor":31,"key":"Dota2Spire:BattleFury"},{"floor":32,"key":"Snack Pack"},{"floor":37,"key":"TungstenRod"},{"floor":41,"key":"ChaoDraw"},{"floor":42,"key":"AtMidnight"},{"floor":43,"key":"Ornamental Fan"},{"floor":44,"key":"Nunchaku"}],"event_choices":[{"damage_healed":0,"gold_gain":0,"player_choice":"Upgraded","damage_taken":0,"max_hp_gain":0,"max_hp_loss":0,"event_name":"Upgrade Shrine","floor":2,"gold_loss":0,"cards_upgraded":["TheCursedMod:CircleOfCorruption"]},{"damage_healed":0,"gold_gain":0,"player_choice":"Success","damage_taken":12,"relics_obtained":["Centennial Puzzle"],"max_hp_gain":0,"max_hp_loss":0,"event_name":"Scrap Ooze","floor":7,"gold_loss":0},{"damage_healed":0,"gold_gain":99,"player_choice":"Stole From Cult","damage_taken":0,"max_hp_gain":0,"max_hp_loss":0,"event_name":"Nest","floor":20,"gold_loss":0},{"damage_healed":0,"gold_gain":0,"player_choice":"Shed Blood","damage_taken":19,"max_hp_gain":5,"max_hp_loss":0,"event_name":"Forgotten Altar","floor":21,"gold_loss":0},{"damage_healed":0,"gold_gain":0,"player_choice":"Fight","damage_taken":0,"max_hp_gain":0,"max_hp_loss":0,"event_name":"Colosseum","floor":31,"gold_loss":0},{"damage_healed":0,"gold_gain":0,"player_choice":"Fought Nobs","damage_taken":0,"max_hp_gain":0,"max_hp_loss":0,"event_name":"Colosseum","floor":31,"gold_loss":0},{"damage_healed":0,"gold_gain":0,"player_choice":"Ignored","damage_taken":0,"max_hp_gain":0,"max_hp_loss":0,"event_name":"Tomb of Lord Red Mask","floor":36,"gold_loss":0},{"damage_healed":0,"gold_gain":0,"player_choice":"Fight","damage_taken":0,"max_hp_gain":0,"max_hp_loss":0,"event_name":"MindBloom","floor":37,"gold_loss":0}],"is_beta":false,"boss_relics":[{"not_picked":["aspiration:SecretTechniqueScroll","EasyGame_NEW"],"picked":"AT_TrinityForce"},{"not_picked":["Kintsugi","Cursed Key"],"picked":"AT_MortalBlade"}],"items_purged_floors":[19,38],"is_endless":false,"potions_floor_spawned":[11,14,18,30,31,33,35,44,48],"killed_by":"Time Eater","ascension_level":5}}