{"host":"g01l53quoe6lrer0","time":1609534192,"event":{"mods":["2.2 Compatiblity","BaseMod","Colored Map","Highlight Path","Keyboard Shortcuts","Minty Spire (QoL Compilation)","Permanent Neow","Quick Restart","StSLib","everything is the same but u backflip on backflip"],"gold_per_floor":[366,377,377,185,185,185,220,220,220,52,52,52,71,82,82,177,177,190,190,92,92,108,108,33,59,112,112,143,143,156,156,156,261,261,281,334,75,125,125,125,139,156,456,484,484,484,444,470,470,470],"floor_reached":51,"playtime":1686,"items_purged":["Strike_R","Strike_R","Perfected Strike","Strike_R","Strike_R"],"score":1011,"play_id":"82c03a58-4c8b-49fd-85ec-9228f57627b0","local_time":"20210102054952","is_ascension_mode":true,"campfire_choices":[{"data":"Searing Blow","floor":6.0,"key":"SMITH"},{"data":"Searing Blow+1","floor":8.0,"key":"SMITH"},{"data":"Searing Blow+2","floor":12.0,"key":"SMITH"},{"data":"Searing Blow+3","floor":15.0,"key":"SMITH"},{"data":"Searing Blow+4","floor":23.0,"key":"SMITH"},{"data":"Searing Blow+5","floor":27.0,"key":"SMITH"},{"data":"Searing Blow+6","floor":29.0,"key":"SMITH"},{"data":"Searing Blow+7","floor":32,"key":"SMITH"},{"data":"Searing Blow+8","floor":40,"key":"SMITH"},{"data":"Searing Blow+9","floor":46,"key":"SMITH"},{"data":"Searing Blow+11","floor":49,"key":"SMITH"}],"circlet_count":0,"master_deck":["Strike_R","Defend_R","Defend_R","Defend_R","Defend_R","Bash","Searing Blow+12","Thunderclap","Bandage Up","Hemokinesis","Double Tap","Armaments+1","Battle Trance","Ghostly Armor","Clothesline","Dark Shackles","Warcry+1","Shockwave+1","The Bomb"],"relics":["Burning Blood","Membership Card","Bronze Scales","Orichalcum","Sundial","Happy Flower","Coffee Dripper","MutagenicStrength","Enchiridion","Pen Nib","Oddly Smooth Stone","Paper Frog","Velvet Choker","TungstenRod","Bag of Marbles","Lee\u0027s Waffle","Girya","Old Coin","Kunai","Pear"],"acts_visited":["Exordium","TheCity","TheBeyond"],"potions_floor_usage":[33,36,36,50,50],"damage_taken":[{"damage":6.0,"enemies":"2 Louse","floor":1.0,"turns":3.0},{"damage":10.0,"enemies":"Small Slimes","floor":2.0,"turns":4.0},{"damage":31.0,"enemies":"Gremlin Nob","floor":7.0,"turns":5.0},{"damage":2.0,"enemies":"Jaw Worm","floor":13.0,"turns":2.0},{"damage":5.0,"enemies":"Looter","floor":14.0,"turns":3.0},{"damage":31.0,"enemies":"Slime Boss","floor":16.0,"turns":7.0},{"damage":4.0,"enemies":"Chosen","floor":18.0,"turns":3.0},{"damage":5.0,"enemies":"Spheric Guardian","floor":22.0,"turns":3.0},{"damage":14.0,"enemies":"Gremlin Leader","floor":25.0,"turns":2.0},{"damage":3.0,"enemies":"Book of Stabbing","floor":28.0,"turns":3.0},{"damage":12.0,"enemies":"Snake Plant","floor":30.0,"turns":2.0},{"damage":26,"enemies":"Automaton","floor":33,"turns":6},{"damage":0,"enemies":"Orb Walker","floor":35,"turns":2},{"damage":10,"enemies":"2 Orb Walkers","floor":36,"turns":3},{"damage":2,"enemies":"Mind Bloom Boss Battle","floor":38,"turns":4},{"damage":2,"enemies":"3 Darklings","floor":41,"turns":5},{"damage":14,"enemies":"4 Shapes","floor":42,"turns":5},{"damage":0,"enemies":"Nemesis","floor":44,"turns":3},{"damage":0,"enemies":"Giant Head","floor":48,"turns":1},{"damage":31,"enemies":"Awakened One","floor":50,"turns":5}],"seed_played":"-7623037401373928476","potions_obtained":[{"floor":2.0,"key":"Block Potion"},{"floor":16.0,"key":"SpeedPotion"},{"floor":22.0,"key":"PowerPotion"},{"floor":25.0,"key":"Fire Potion"},{"floor":35,"key":"AttackPotion"},{"floor":44,"key":"Energy Potion"}],"is_trial":false,"path_per_floor":["M","M","?","$","?","R","E","R","T","$","?","R","M","M","R","B",null,"M","?","$","?","M","R","$","E","T","R","E","R","M","?","R","B",null,"M","?","$","?","?","R","M","M","T","E","?","R","?","E","R","B",null],"character_chosen":"IRONCLAD","items_purchased":["Membership Card","Bandage Up","Happy Flower","Battle Trance","Bag of Marbles","Lee\u0027s Waffle","AttackPotion"],"campfire_rested":0,"item_purchase_floors":[4,10,10,20,37,37,37],"current_hp_per_floor":[72,68,73,73,55,55,30,30,30,30,30,30,38,43,43,22,77,77,77,77,61,66,66,66,64,64,64,71,71,65,65,65,49,77,77,73,84,84,84,84,84,80,80,84,84,84,84,94,94,73],"gold":470,"neow_bonus":"TWO_FIFTY_GOLD","is_daily":false,"chose_seed":false,"campfire_upgraded":11,"win_rate":0.0,"timestamp":1609534192,"path_taken":["M","M","?","$","?","R","E","R","T","?","?","R","M","M","R","BOSS","M","?","$","?","M","R","$","E","T","R","E","R","M","?","R","BOSS","M","?","$","?","?","R","M","?","T","E","?","R","?","E","R","BOSS"],"items_purchased_type":["Relic","Card","Relic","Card","Relic","Relic","Potion"],"build_version":"2020-12-22","purchased_purges":5,"victory":true,"max_hp_per_floor":[72,72,77,77,77,77,77,77,77,77,77,77,77,77,77,77,77,77,77,77,77,77,77,77,77,77,77,77,77,77,77,77,77,77,77,77,84,84,84,84,84,84,84,84,84,84,84,94,94,94],"card_choices":[{"not_picked":["Thunderclap","Uppercut"],"picked":"Perfected Strike","floor":1.0},{"not_picked":["Twin Strike","Carnage"],"picked":"Searing Blow","floor":2.0},{"not_picked":["Wild Strike","Clash"],"picked":"Thunderclap","floor":7.0},{"not_picked":["Body Slam","Pummel","Flex"],"picked":"SKIP","floor":13.0},{"not_picked":["Anger","Thunderclap"],"picked":"Hemokinesis","floor":14.0},{"not_picked":["Immolate","Fiend Fire"],"picked":"Double Tap","floor":16.0},{"not_picked":["Warcry","Havoc"],"picked":"Armaments+1","floor":18.0},{"not_picked":["Perfected Strike","Thunderclap","Twin Strike"],"picked":"SKIP","floor":22.0},{"not_picked":["Iron Wave","Evolve","Double Tap"],"picked":"SKIP","floor":25.0},{"not_picked":["Shrug It Off+1","Flex"],"picked":"Ghostly Armor","floor":28.0},{"not_picked":["Body Slam","Power Through+1"],"picked":"Clothesline","floor":30.0},{"not_picked":["Sword Boomerang+1","Body Slam+1","Sentinel"],"picked":"SKIP","floor":35},{"not_picked":["Headbutt+1","Wild Strike+1"],"picked":"Warcry+1","floor":38},{"not_picked":["Rupture+1","Spot Weakness+1","Feed"],"picked":"SKIP","floor":41},{"not_picked":["Dark Embrace","Flex+1","Pommel Strike"],"picked":"SKIP","floor":42},{"not_picked":["Anger+1","Reckless Charge+1"],"picked":"Shockwave+1","floor":44},{"not_picked":["PanicButton","Enlightenment"],"picked":"The Bomb","floor":45},{"not_picked":["Clothesline+1","True Grit","Anger+1"],"picked":"SKIP","floor":48}],"player_experience":16,"relics_obtained":[{"floor":7.0,"key":"Orichalcum"},{"floor":9.0,"key":"Sundial"},{"floor":21.0,"key":"Enchiridion"},{"floor":25.0,"key":"Pen Nib"},{"floor":26.0,"key":"Oddly Smooth Stone"},{"floor":28.0,"key":"Paper Frog"},{"floor":36,"key":"TungstenRod"},{"floor":38,"key":"Girya"},{"floor":43,"key":"Old Coin"},{"floor":44,"key":"Kunai"},{"floor":48,"key":"Pear"}],"event_choices":[{"damage_healed":0.0,"max_hp_gain":5.0,"max_hp_loss":0.0,"gold_gain":0.0,"event_name":"Big Fish","player_choice":"Donut","floor":3.0,"gold_loss":0.0,"damage_taken":0.0},{"damage_healed":0.0,"max_hp_gain":0.0,"max_hp_loss":0.0,"gold_gain":0.0,"event_name":"Scrap Ooze","player_choice":"Success","floor":5.0,"gold_loss":0.0,"damage_taken":18.0,"relics_obtained":["Bronze Scales"]},{"damage_healed":0.0,"max_hp_gain":0.0,"max_hp_loss":0.0,"gold_gain":0.0,"event_name":"Dead Adventurer","player_choice":"Searched \u00270\u0027 times","floor":11.0,"gold_loss":0.0,"damage_taken":0.0},{"damage_healed":0.0,"max_hp_gain":0.0,"max_hp_loss":0.0,"gold_gain":0.0,"event_name":"Drug Dealer","player_choice":"Inject Mutagens","floor":19.0,"gold_loss":0.0,"damage_taken":0.0,"relics_obtained":["MutagenicStrength"]},{"damage_healed":0.0,"max_hp_gain":0.0,"max_hp_loss":0.0,"gold_gain":0.0,"event_name":"Cursed Tome","player_choice":"Obtained Book","floor":21.0,"gold_loss":0.0,"damage_taken":16.0},{"damage_healed":0,"gold_gain":0,"player_choice":"1 cards matched","damage_taken":0,"max_hp_gain":0,"max_hp_loss":0,"event_name":"Match and Keep!","floor":31,"gold_loss":0,"cards_obtained":["Dark Shackles"]},{"damage_healed":0,"gold_gain":0,"player_choice":"Fight","damage_taken":0,"max_hp_gain":0,"max_hp_loss":0,"event_name":"Mysterious Sphere","floor":36,"gold_loss":0},{"damage_healed":0,"gold_gain":0,"player_choice":"Fight","damage_taken":0,"max_hp_gain":0,"max_hp_loss":0,"event_name":"MindBloom","floor":38,"gold_loss":0},{"damage_healed":0,"gold_gain":0,"player_choice":"Ignored","damage_taken":0,"max_hp_gain":0,"max_hp_loss":0,"event_name":"Tomb of Lord Red Mask","floor":39,"gold_loss":0},{"damage_healed":0,"gold_gain":0,"player_choice":"Memory 1","damage_taken":0,"max_hp_gain":0,"max_hp_loss":0,"event_name":"SensoryStone","floor":45,"gold_loss":0},{"damage_healed":0,"gold_gain":0,"player_choice":"Upgrade","damage_taken":0,"max_hp_gain":0,"max_hp_loss":0,"event_name":"Designer","floor":47,"gold_loss":40,"cards_upgraded":["Searing Blow"]}],"is_beta":false,"boss_relics":[{"not_picked":["Empty Cage","Tiny House"],"picked":"Coffee Dripper"},{"not_picked":["Mark of Pain","Runic Dome"],"picked":"Velvet Choker"}],"items_purged_floors":[4,10,20,24,37],"is_endless":false,"potions_floor_spawned":[2,16,22,25,30,35,44],"ascension_level":2}}