{"host":"kzpuingyul43kz0j","time":1609514152,"event":{"mods":["2.2 Compatiblity","BaseMod","Bestiary","Better Skull","BetterRewards","Colored Map","Colored Powertips","Curses Come First","Displayed Cursed Tome","Downfall","Gold Saver","Highlight Path","Keyboard Shortcuts","Minty Spire (QoL Compilation)","Relic Stats","Remove Card Discount Mod","StSLib","Uncapped"],"gold_per_floor":[749,764,782,364,374,374,394,394,394,407,407,419,419,419,419,518,518,534,4,4,4,17,17,42,42,92,92,7,22,122,122,122,220,220,220],"floor_reached":34,"playtime":1484,"items_purged":["Defend_G","Defend_G","Defend_G","Defend_G","Strike_G","Strike_G","Strike_G","Strike_G","Strike_G","Defend_G"],"score":396,"play_id":"55767ae2-be56-45be-aff2-c4b5485d9c3f","local_time":"20210101161552","is_ascension_mode":true,"campfire_choices":[{"data":"Cloak And Dagger","floor":6,"key":"SMITH"},{"data":"Distraction","floor":8,"key":"SMITH"},{"data":"Quick Slash","floor":11,"key":"SMITH"},{"data":"After Image","floor":15,"key":"SMITH"},{"data":"Phantasmal Killer","floor":23,"key":"SMITH"},{"data":"Dodge and Roll","floor":25,"key":"SMITH"},{"floor":32,"key":"REST"}],"circlet_count":0,"master_deck":["Neutralize","Quick Slash+1","Cloak And Dagger+1","Accuracy+1","Blade Dance","Quick Slash+1","After Image+1","Dodge and Roll+1","Phantasmal Killer+1","Footwork","Quick Slash+1","Necronomicurse"],"relics":["Ring of the Snake","NeowsBlessing","ClockworkSouvenir","MealTicket","Sundial","Snecko Eye","TwistedFunnel","Toy Ornithopter","Dream Catcher","Potion Belt","Bag of Marbles","Tingsha","Ginger","Paper Crane","Necronomicon","Empty Cage"],"acts_visited":["Exordium","TheCity","TheBeyond"],"potions_floor_usage":[16,16,16,18,30,30,33],"damage_taken":[{"damage":0,"enemies":"Cultist","floor":1,"turns":1},{"damage":0,"enemies":"Jaw Worm","floor":2,"turns":1},{"damage":0,"enemies":"Small Slimes","floor":3,"turns":1},{"damage":6,"enemies":"Exordium Thugs","floor":5,"turns":3},{"damage":0,"enemies":"Blue Slaver","floor":7,"turns":2},{"damage":0,"enemies":"2 Fungi Beasts","floor":10,"turns":3},{"damage":7,"enemies":"Large Slime","floor":12,"turns":4},{"damage":4,"enemies":"The Guardian","floor":16,"turns":7},{"damage":6,"enemies":"Shell Parasite","floor":18,"turns":4},{"damage":0,"enemies":"Spheric Guardian","floor":22,"turns":3},{"damage":6,"enemies":"Book of Stabbing","floor":24,"turns":5},{"damage":11,"enemies":"Centurion and Healer","floor":29,"turns":4},{"damage":15,"enemies":"Colosseum Slavers","floor":30,"turns":3},{"damage":23,"enemies":"Colosseum Nobs","floor":30,"turns":5},{"damage":9,"enemies":"Automaton","floor":33,"turns":7}],"seed_played":"998195837136609832","potions_obtained":[{"floor":2,"key":"champ:CounterPotion"},{"floor":5,"key":"champ:CounterPotion"},{"floor":10,"key":"Poison Potion"},{"floor":16,"key":"CultistPotion"},{"floor":22,"key":"champ:CounterPotion"},{"floor":24,"key":"FearPotion"},{"floor":30,"key":"CultistPotion"}],"is_trial":false,"path_per_floor":["M","M","M","$","M","R","M","R","T","M","R","M","?","?","R","B",null,"M","$","?","?","M","R","E","R","T","$","?","M","?","?","R","B",null],"character_chosen":"THE_SILENT","items_purchased":["ClockworkSouvenir","Blade Dance","MealTicket","Quick Slash","TwistedFunnel","Toy Ornithopter","Dream Catcher","Footwork"],"campfire_rested":1,"item_purchase_floors":[4,4,4,4,19,19,19,19],"current_hp_per_floor":[70,70,70,70,64,64,64,64,64,64,64,57,70,56,56,52,70,64,70,70,70,70,70,64,64,64,70,70,59,31,15,36,32,70,70],"gold":220,"neow_bonus":"THREE_ENEMY_KILL","is_daily":false,"chose_seed":false,"campfire_upgraded":6,"win_rate":0.0,"timestamp":1609514152,"path_taken":["M","?","M","$","M","R","M","R","T","M","R","M","?","?","R","BOSS","M","$","?","?","M","R","E","R","T","$","?","M","?","?","R","BOSS"],"items_purchased_type":["Relic","Card","Relic","Card","Relic","Relic","Relic","Card"],"build_version":"2020-12-22","purchased_purges":10,"victory":false,"max_hp_per_floor":[70,70,70,70,70,70,70,70,70,70,70,70,70,70,70,70,70,70,70,70,70,70,70,70,70,70,70,70,70,70,70,70,70,70,70],"relic_stats":{"Dream Catcher":1,"counters":[15,53],"Sundial":[20],"Snecko Eye":[62,64,66,60],"MealTicket":12,"Tingsha":[10],"Necronomicon":[5],"Ginger":[0],"obtain_stats":[{"TwistedFunnel":19,"Potion Belt":24,"NeowsBlessing":0,"Tingsha":28,"Ginger":30,"Paper Crane":30,"Empty Cage":34,"ClockworkSouvenir":4,"Dream Catcher":19,"Sundial":9,"Snecko Eye":17,"MealTicket":4,"Bag of Marbles":26,"Necronomicon":31,"Toy Ornithopter":19,"Ring of the Snake":0},{"TwistedFunnel":9,"Potion Belt":11,"NeowsBlessing":0,"Tingsha":11,"Ginger":14,"Paper Crane":14,"Empty Cage":15,"ClockworkSouvenir":3,"Dream Catcher":9,"Sundial":5,"Snecko Eye":8,"MealTicket":3,"Bag of Marbles":11,"Necronomicon":14,"Toy Ornithopter":9,"Ring of the Snake":0},{"TwistedFunnel":26,"Potion Belt":34,"NeowsBlessing":0,"Tingsha":34,"Ginger":46,"Paper Crane":46,"Empty Cage":53,"ClockworkSouvenir":3,"Dream Catcher":26,"Sundial":8,"Snecko Eye":22,"MealTicket":3,"Bag of Marbles":34,"Necronomicon":46,"Toy Ornithopter":26,"Ring of the Snake":0}],"Toy Ornithopter":15,"Ring of the Snake":[30]},"card_choices":[{"not_picked":["Catalyst","Outmaneuver"],"picked":"Quick Slash","floor":1},{"not_picked":["Expertise","Leg Sweep"],"picked":"Cloak And Dagger","floor":2},{"not_picked":["Poisoned Stab","Dagger Throw"],"picked":"Accuracy","floor":3},{"not_picked":["Catalyst","Riddle With Holes"],"picked":"Distraction","floor":5},{"not_picked":["Flying Knee","Bane"],"picked":"After Image","floor":7},{"not_picked":["Prepared","Dash","Poisoned Stab"],"picked":"SKIP","floor":10},{"not_picked":["Dagger Spray","Prepared"],"picked":"Dodge and Roll","floor":12},{"not_picked":["Malaise","Venomology"],"picked":"Phantasmal Killer","floor":16},{"not_picked":["PiercingWail+1","Poisoned Stab","Prepared"],"picked":"SKIP","floor":18},{"not_picked":["Dagger Spray+1","Slice"],"picked":"Quick Slash+1","floor":22},{"not_picked":["Concentrate","Burst","Sucker Punch"],"picked":"SKIP","floor":24},{"not_picked":["Bane","Dagger Throw+1","Poisoned Stab"],"picked":"SKIP","floor":29}],"player_experience":85391,"relics_obtained":[{"floor":9,"key":"Sundial"},{"floor":24,"key":"Potion Belt"},{"floor":26,"key":"Bag of Marbles"},{"floor":30,"key":"Ginger"},{"floor":30,"key":"Paper Crane"}],"event_choices":[{"damage_healed":23,"gold_gain":0,"player_choice":"Banana","damage_taken":0,"max_hp_gain":0,"max_hp_loss":0,"event_name":"Big Fish","floor":13,"gold_loss":0},{"damage_healed":0,"gold_gain":0,"player_choice":"Entered Light","damage_taken":14,"max_hp_gain":0,"max_hp_loss":0,"event_name":"Shining Light","floor":14,"gold_loss":0,"cards_upgraded":["Quick Slash","Accuracy"]},{"damage_healed":0,"gold_gain":0,"player_choice":"Simplicity","damage_taken":0,"max_hp_gain":0,"max_hp_loss":0,"event_name":"Back to Basics","floor":20,"gold_loss":0,"cards_upgraded":[]},{"damage_healed":0,"gold_gain":0,"player_choice":"Obtained Relic","damage_taken":0,"relics_obtained":["Tingsha"],"max_hp_gain":0,"max_hp_loss":0,"event_name":"Addict","floor":28,"gold_loss":85},{"damage_healed":0,"gold_gain":0,"player_choice":"Fight","damage_taken":0,"max_hp_gain":0,"max_hp_loss":0,"event_name":"Colosseum","floor":30,"gold_loss":0},{"damage_healed":0,"gold_gain":0,"player_choice":"Fought Nobs","damage_taken":0,"max_hp_gain":0,"max_hp_loss":0,"event_name":"Colosseum","floor":30,"gold_loss":0},{"damage_healed":0,"gold_gain":0,"player_choice":"Obtained Book","damage_taken":16,"max_hp_gain":0,"max_hp_loss":0,"event_name":"Cursed Tome","floor":31,"gold_loss":0}],"is_beta":false,"boss_relics":[{"not_picked":["Runic Dome","Velvet Choker"],"picked":"Snecko Eye"},{"not_picked":["SacredBark","Cursed Key"],"picked":"Empty Cage"}],"items_purged_floors":[4,4,4,4,4,4,4,19,19,19],"is_endless":false,"potions_floor_spawned":[2,5,10,16,22,24,30,30],"ascension_level":2}}