{"host":"z16h96csw6gsetxl","time":1609489979,"event":{"mods":["BaseMod","Minty Spire (QoL Compilation)"],"gold_per_floor":[109,109,109,3,3,33,45,45,93,106,123,156,183,200,200,304,354,374,374,374],"floor_reached":19,"playtime":1028,"items_purged":[],"score":202,"play_id":"d3861300-e9a8-4de2-bc9f-49a757bf97e7","local_time":"20210101163259","is_ascension_mode":false,"campfire_choices":[{"data":"Dual Wield","floor":8,"key":"SMITH"},{"floor":15,"key":"REST"}],"circlet_count":0,"master_deck":["Strike_R","Strike_R","Strike_R","Strike_R+1","Strike_R+1","Defend_R","Defend_R","Defend_R","Defend_R","Bash","Headbutt","Regret","Sword Boomerang","Inflame","Dual Wield+1","Burning Pact+1","Second Wind","Carnage","Limit Break","Searing Blow","Pummel","Corruption","Heavy Blade","Battle Trance"],"relics":["Burning Blood","NeowsBlessing","Pantograph","Torii","Pen Nib","Regal Pillow","Ornamental Fan","Odd Mushroom","Tiny House"],"acts_visited":["Exordium","TheCity"],"potions_floor_usage":[13,16],"damage_taken":[{"damage":0,"enemies":"Cultist","floor":1,"turns":1},{"damage":0,"enemies":"Lagavulin","floor":6,"turns":1},{"damage":0,"enemies":"Small Slimes","floor":7,"turns":1},{"damage":13,"enemies":"Jaw Worm","floor":10,"turns":3},{"damage":9,"enemies":"Exordium Wildlife","floor":11,"turns":3},{"damage":30,"enemies":"3 Sentries","floor":12,"turns":6},{"damage":4,"enemies":"The Mushroom Lair","floor":13,"turns":3},{"damage":5,"enemies":"3 Louse","floor":14,"turns":3},{"damage":70,"enemies":"Hexaghost","floor":16,"turns":9},{"damage":47,"enemies":"Shell Parasite","floor":18,"turns":6},{"damage":22,"enemies":"3 Byrds","floor":19,"turns":4}],"seed_played":"-845274150607209557","potions_obtained":[{"floor":1,"key":"Regen Potion"},{"floor":11,"key":"BloodPotion"},{"floor":12,"key":"Explosive Potion"},{"floor":17,"key":"EntropicBrew"}],"is_trial":false,"path_per_floor":["M","?","?","$","T","E","M","R","T","M","M","E","?","M","R","B",null,"M","M"],"character_chosen":"IRONCLAD","items_purchased":["Sword Boomerang","Inflame"],"campfire_rested":1,"item_purchase_floors":[4,4],"current_hp_per_floor":[80,64,64,64,64,70,76,76,76,69,66,42,44,45,80,32,85,44,22,22],"gold":374,"neow_bonus":"THREE_ENEMY_KILL","is_daily":false,"chose_seed":false,"campfire_upgraded":1,"win_rate":0.0,"timestamp":1609489979,"path_taken":["M","?","?","$","?","E","M","R","T","M","?","E","?","M","R","BOSS","M","M"],"items_purchased_type":["Card","Card"],"build_version":"2020-12-22","purchased_purges":0,"victory":false,"max_hp_per_floor":[80,80,80,80,80,80,80,80,80,80,80,80,80,80,80,80,85,85,85,85],"card_choices":[{"not_picked":["Feel No Pain","Clash"],"picked":"Headbutt","floor":1},{"not_picked":["True Grit","Infernal Blade"],"picked":"Dual Wield","floor":6},{"not_picked":["Intimidate","Sword Boomerang"],"picked":"Burning Pact","floor":7},{"not_picked":["Bloodletting","Fire Breathing"],"picked":"Second Wind","floor":10},{"not_picked":["Iron Wave","Pommel Strike"],"picked":"Carnage","floor":11},{"not_picked":["Carnage","Seeing Red"],"picked":"Limit Break","floor":12},{"not_picked":["Iron Wave","Anger"],"picked":"Searing Blow","floor":13},{"not_picked":["Headbutt","Hemokinesis"],"picked":"Pummel","floor":14},{"not_picked":["Juggernaut","Barricade"],"picked":"Corruption","floor":16},{"not_picked":["True Grit","Shrug It Off"],"picked":"Heavy Blade","floor":17},{"not_picked":["Sword Boomerang","Ghostly Armor"],"picked":"Battle Trance","floor":18}],"player_experience":14595,"relics_obtained":[{"floor":5,"key":"Torii"},{"floor":6,"key":"Pen Nib"},{"floor":9,"key":"Regal Pillow"},{"floor":12,"key":"Ornamental Fan"},{"floor":13,"key":"Odd Mushroom"}],"event_choices":[{"damage_healed":0,"gold_gain":0,"player_choice":"Entered Light","damage_taken":16,"max_hp_gain":0,"max_hp_loss":0,"event_name":"Shining Light","floor":2,"gold_loss":0,"cards_upgraded":["Strike_R","Strike_R"]},{"damage_healed":0,"gold_gain":0,"player_choice":"Box","damage_taken":0,"relics_obtained":["Pantograph"],"max_hp_gain":0,"max_hp_loss":0,"event_name":"Big Fish","floor":3,"gold_loss":0,"cards_obtained":["Regret"]},{"damage_healed":0,"gold_gain":0,"player_choice":"Fought Mushrooms","damage_taken":0,"max_hp_gain":0,"max_hp_loss":0,"event_name":"Mushrooms","floor":13,"gold_loss":0}],"is_beta":false,"boss_relics":[{"not_picked":["SacredBark","Ectoplasm"],"picked":"Tiny House"}],"items_purged_floors":[],"is_endless":false,"potions_floor_spawned":[1,11,12],"killed_by":"3 Byrds","ascension_level":0}}