{"host":"uonldg9uriwfhjjx","time":1609492261,"event":{"mods":["AchievementEnabler","BaseMod","Minty Spire (QoL Compilation)","Relic Stats"],"gold_per_floor":[114,39,53,3,3,33,33,61,73,85,127,149,161,185,197,312,324,354,465,477,503,163,194,194,219,219,219,235,335,363,382,382,382,382],"floor_reached":33,"playtime":1238,"items_purged":["Defend_G","Strike_G"],"score":341,"play_id":"202b54e5-61f6-40ed-9d07-b6f2027450ee","local_time":"20210101041101","is_ascension_mode":true,"campfire_choices":[{"data":"Noxious Fumes","floor":7.0,"key":"SMITH"},{"data":"Poisoned Stab","floor":10.0,"key":"SMITH"},{"floor":13.0,"key":"REST"},{"data":"Noxious Fumes","floor":15.0,"key":"SMITH"},{"data":"Poisoned Stab","floor":24,"key":"SMITH"},{"floor":27,"key":"REST"},{"floor":32,"key":"REST"}],"circlet_count":0,"master_deck":["Strike_G","Strike_G","Defend_G","Defend_G","Defend_G","Defend_G","Survivor","Neutralize","Deadly Poison+1","Noxious Fumes+1","Prepared","Poisoned Stab+1","Poisoned Stab+1","Noxious Fumes+1","PiercingWail","Deadly Poison","Noxious Fumes"],"relics":["Ring of the Snake","Sundial","MawBank","Akabeko","Centennial Puzzle","Velvet Choker","Pear","Letter Opener","Red Mask","HornCleat","TungstenRod","InkBottle","Peace Pipe"],"acts_visited":["Exordium","TheCity"],"potions_floor_usage":[23,23,29,30,31],"damage_taken":[{"damage":0.0,"enemies":"Jaw Worm","floor":1.0,"turns":5.0},{"damage":2.0,"enemies":"2 Louse","floor":3.0,"turns":3.0},{"damage":22.0,"enemies":"Gremlin Nob","floor":6.0,"turns":4.0},{"damage":13.0,"enemies":"Lagavulin","floor":8.0,"turns":7.0},{"damage":20.0,"enemies":"3 Sentries","floor":11.0,"turns":6.0},{"damage":0.0,"enemies":"Cultist","floor":12.0,"turns":2.0},{"damage":0.0,"enemies":"Large Slime","floor":14.0,"turns":5.0},{"damage":2.0,"enemies":"Slime Boss","floor":16.0,"turns":6.0},{"damage":3,"enemies":"Shell Parasite","floor":18,"turns":3},{"damage":2,"enemies":"3 Byrds","floor":21,"turns":3},{"damage":12,"enemies":"Slavers","floor":23,"turns":4},{"damage":15,"enemies":"Masked Bandits","floor":25,"turns":4},{"damage":17,"enemies":"Centurion and Healer","floor":28,"turns":4},{"damage":5,"enemies":"Colosseum Slavers","floor":29,"turns":3},{"damage":16,"enemies":"Colosseum Nobs","floor":29,"turns":4},{"damage":7,"enemies":"Gremlin Leader","floor":30,"turns":5},{"damage":0,"enemies":"Snake Plant","floor":31,"turns":3},{"damage":45,"enemies":"Champ","floor":33,"turns":7}],"seed_played":"-5072459312625194919","potions_obtained":[{"floor":3.0,"key":"LiquidMemories"},{"floor":11.0,"key":"PowerPotion"},{"floor":12.0,"key":"Fire Potion"},{"floor":14.0,"key":"BlessingOfTheForge"},{"floor":18,"key":"BlessingOfTheForge"},{"floor":25,"key":"Regen Potion"},{"floor":28,"key":"BlessingOfTheForge"},{"floor":29,"key":"Swift Potion"}],"is_trial":false,"path_per_floor":["M","$","M","?","?","E","R","E","T","R","E","M","R","M","R","B",null,"M","?","?","M","$","E","R","?","T","R","M","?","E","M","R","B"],"character_chosen":"THE_SILENT","items_purchased":["Pear"],"campfire_rested":3,"item_purchase_floors":[22],"current_hp_per_floor":[70,70,68,68,68,46,46,33,33,33,13,13,34,34,34,32,70,67,67,54,52,62,50,50,35,35,60,43,22,15,15,40,0,0],"gold":382,"neow_bonus":"REMOVE_CARD","is_daily":false,"chose_seed":false,"campfire_upgraded":4,"win_rate":0.0,"timestamp":1609492261,"path_taken":["M","$","M","?","?","E","R","E","T","R","E","?","R","M","R","BOSS","BOSS","M","?","?","M","$","E","R","?","T","R","M","?","E","M","R","BOSS"],"items_purchased_type":["Relic"],"build_version":"2020-12-22","purchased_purges":2,"victory":false,"max_hp_per_floor":[70,70,70,70,70,70,70,70,70,70,70,70,70,70,70,70,70,70,70,75,75,85,85,85,85,85,85,85,85,85,85,85,85,85],"relic_stats":{"Peace Pipe":0,"Centennial Puzzle":[30],"counters":[18,78],"Sundial":[16],"Letter Opener":[83],"MawBank":168,"obtain_stats":[{"Pear":22,"Velvet Choker":17,"Letter Opener":23,"MawBank":8,"Akabeko":9,"Peace Pipe":30,"Centennial Puzzle":11,"HornCleat":26,"Sundial":6,"Red Mask":25,"TungstenRod":29,"InkBottle":29,"Ring of the Snake":0},{"Pear":10,"Velvet Choker":8,"Letter Opener":11,"MawBank":4,"Akabeko":4,"Peace Pipe":16,"Centennial Puzzle":5,"HornCleat":12,"Sundial":3,"Red Mask":12,"TungstenRod":15,"InkBottle":15,"Ring of the Snake":0},{"Pear":44,"Velvet Choker":38,"Letter Opener":48,"MawBank":19,"Akabeko":19,"Peace Pipe":68,"Centennial Puzzle":25,"HornCleat":52,"Sundial":12,"Red Mask":52,"TungstenRod":63,"InkBottle":63,"Ring of the Snake":0}],"TungstenRod":7,"InkBottle":[6],"Ring of the Snake":[36]},"card_choices":[{"not_picked":["Tactician","Footwork"],"picked":"Deadly Poison","floor":1.0},{"not_picked":["Finisher","Sucker Punch"],"picked":"Noxious Fumes","floor":3.0},{"not_picked":["Concentrate","Cloak And Dagger"],"picked":"Prepared","floor":6.0},{"not_picked":["Skewer","Dagger Throw"],"picked":"Poisoned Stab","floor":8.0},{"not_picked":["Bane","Caltrops"],"picked":"Poisoned Stab","floor":11.0},{"not_picked":["Riddle With Holes","Backstab","Cloak And Dagger"],"picked":"SKIP","floor":12.0},{"not_picked":["Dodge and Roll","Slice"],"picked":"Noxious Fumes","floor":14.0},{"not_picked":["Dagger Spray","Masterful Stab+1","Flying Knee"],"picked":"SKIP","floor":18},{"not_picked":["Backflip","Expertise","Leg Sweep"],"picked":"SKIP","floor":21},{"not_picked":["Deflect","Cloak And Dagger"],"picked":"PiercingWail","floor":23},{"not_picked":["Caltrops","Setup"],"picked":"Deadly Poison","floor":25},{"not_picked":["Underhanded Strike","Reflex+1","Eviscerate"],"picked":"SKIP","floor":28},{"not_picked":["Finisher","Bullet Time"],"picked":"Noxious Fumes","floor":30},{"not_picked":["Terror+1","Quick Slash","Finisher"],"picked":"SKIP","floor":31}],"player_experience":694919,"relics_obtained":[{"floor":6.0,"key":"Sundial"},{"floor":8.0,"key":"MawBank"},{"floor":9.0,"key":"Akabeko"},{"floor":11.0,"key":"Centennial Puzzle"},{"floor":23,"key":"Letter Opener"},{"floor":25,"key":"Red Mask"},{"floor":26,"key":"HornCleat"},{"floor":29,"key":"TungstenRod"},{"floor":29,"key":"InkBottle"},{"floor":30,"key":"Peace Pipe"}],"event_choices":[{"cards_removed":["Strike_G"],"damage_healed":0.0,"max_hp_gain":0.0,"max_hp_loss":0.0,"gold_gain":0.0,"event_name":"The Cleric","player_choice":"Card Removal","floor":4.0,"gold_loss":50.0,"damage_taken":0.0},{"damage_healed":0.0,"max_hp_gain":0.0,"max_hp_loss":0.0,"gold_gain":0.0,"event_name":"Accursed Blacksmith","player_choice":"Forge","floor":5.0,"gold_loss":0.0,"damage_taken":0.0,"cards_upgraded":["Deadly Poison"]},{"damage_healed":0,"gold_gain":99,"player_choice":"Stole From Cult","damage_taken":0,"max_hp_gain":0,"max_hp_loss":0,"event_name":"Nest","floor":19,"gold_loss":0},{"damage_healed":0,"gold_gain":0,"player_choice":"Shed Blood","damage_taken":18,"max_hp_gain":5,"max_hp_loss":0,"event_name":"Forgotten Altar","floor":20,"gold_loss":0},{"damage_healed":0,"gold_gain":0,"player_choice":"Fought Bandits","damage_taken":0,"max_hp_gain":0,"max_hp_loss":0,"event_name":"Masked Bandits","floor":25,"gold_loss":0},{"damage_healed":0,"gold_gain":0,"player_choice":"Fight","damage_taken":0,"max_hp_gain":0,"max_hp_loss":0,"event_name":"Colosseum","floor":29,"gold_loss":0},{"damage_healed":0,"gold_gain":0,"player_choice":"Fought Nobs","damage_taken":0,"max_hp_gain":0,"max_hp_loss":0,"event_name":"Colosseum","floor":29,"gold_loss":0}],"is_beta":false,"boss_relics":[{"not_picked":["Cursed Key","Ectoplasm"],"picked":"Velvet Choker"}],"items_purged_floors":[2,22],"is_endless":false,"potions_floor_spawned":[3,11,12,14,18,25,28,29],"killed_by":"Champ","ascension_level":1}}