{"host":"92108ef2q9tm8rod","time":1609470464,"event":{"mods":["BaseMod","Defuse TimeMaze Blight","Minty Spire (QoL Compilation)","StSLib","The Jungle"],"gold_per_floor":[113,123,123,123,137,137,172,172,172,201,201,201,233,233,233,333,333,345,345,48,66,86,118,118,149,149,99,111,111,126,136,136,232,232,244,260,274,128,128,128,128,128,128,128,145,145,477,490,490,490],"floor_reached":51,"playtime":2032,"items_purged":[],"score":858,"play_id":"cb84e7e2-2272-467f-a7aa-ed9ecf0ac350","local_time":"20210101030744","daily_mods":["SealedDeck","Purple Cards","Heirloom","Flight"],"is_ascension_mode":false,"campfire_choices":[{"data":"Defragment","floor":6,"key":"SMITH"},{"data":"PathToVictory","floor":8,"key":"SMITH"},{"data":"TalkToTheHand","floor":11,"key":"SMITH"},{"data":"Wallop","floor":12,"key":"SMITH"},{"data":"PathToVictory","floor":15,"key":"SMITH"},{"data":"Loop","floor":24,"key":"SMITH"},{"floor":29,"key":"REST"},{"data":"Thunder Strike","floor":32,"key":"SMITH"},{"data":"Madness","floor":40,"key":"SMITH"},{"data":"Madness","floor":41,"key":"SMITH"},{"data":"Protect","floor":42,"key":"SMITH"},{"data":"Ball Lightning","floor":44,"key":"SMITH"},{"data":"Ball Lightning","floor":46,"key":"SMITH"},{"floor":49,"key":"REST"}],"circlet_count":0,"master_deck":["Protect+1","BootSequence","Ball Lightning+1","PathToVictory+1","Gash+1","TalkToTheHand+1","Gash+1","Ball Lightning+1","Defragment+1","PathToVictory+1","Wallop+1","Thunder Strike+1","Loop+1","Conserve Battery+1","Madness+1","Madness+1"],"relics":["Cracked Core","Pocketwatch","Blue Candle","Bottled Flame","Pen Nib","Whetstone","TungstenRod","Akabeko","Du-Vu Doll","Question Card","Anchor","Juzu Bracelet","Old Coin"],"acts_visited":["Exordium","TheCity","TheBeyond"],"potions_floor_usage":[13,22,23,25,33,33,33,48,48,50,50],"damage_taken":[{"damage":0,"enemies":"Small Slimes","floor":1,"turns":2},{"damage":0,"enemies":"Jaw Worm","floor":2,"turns":2},{"damage":0,"enemies":"2 Louse","floor":5,"turns":2},{"damage":5,"enemies":"Lagavulin","floor":7,"turns":4},{"damage":0,"enemies":"3 Sentries","floor":10,"turns":5},{"damage":0,"enemies":"Gremlin Nob","floor":13,"turns":2},{"damage":0,"enemies":"The Guardian","floor":16,"turns":6},{"damage":0,"enemies":"Chosen","floor":18,"turns":3},{"damage":3,"enemies":"Spheric Guardian","floor":21,"turns":4},{"damage":8,"enemies":"Centurion and Healer","floor":22,"turns":4},{"damage":2,"enemies":"Gremlin Leader","floor":23,"turns":5},{"damage":24,"enemies":"Slavers","floor":25,"turns":4},{"damage":4,"enemies":"Snake Plant","floor":28,"turns":3},{"damage":0,"enemies":"Cultist and Chosen","floor":30,"turns":4},{"damage":0,"enemies":"Shelled Parasite and Fungi","floor":31,"turns":3},{"damage":1,"enemies":"Champ","floor":33,"turns":5},{"damage":0,"enemies":"3 Shapes","floor":35,"turns":5},{"damage":1,"enemies":"Orb Walker","floor":36,"turns":3},{"damage":0,"enemies":"Writhing Mass","floor":37,"turns":5},{"damage":3,"enemies":"Spire Growth","floor":45,"turns":4},{"damage":0,"enemies":"Giant Head","floor":47,"turns":6},{"damage":0,"enemies":"Jaw Worm Horde","floor":48,"turns":4},{"damage":20,"enemies":"Time Eater","floor":50,"turns":6}],"seed_played":"-563448585592780834","potions_obtained":[{"floor":2,"key":"AttackPotion"},{"floor":5,"key":"LiquidBronze"},{"floor":7,"key":"SkillPotion"},{"floor":21,"key":"EssenceOfDarkness"},{"floor":25,"key":"DistilledChaos"},{"floor":30,"key":"EntropicBrew"},{"floor":45,"key":"LiquidBronze"},{"floor":47,"key":"DistilledChaos"},{"floor":48,"key":"EssenceOfSteel"}],"is_trial":true,"path_per_floor":["M","M","?","?","M","R","E","R","T","E","R","R","E","?","R","B",null,"M","?","$","M","M","E","R","E","T","?","M","R","M","M","R","B",null,"M","M","M","$","?","R","R","R","T","R","M","R","E","M","R","B",null],"character_chosen":"DEFECT","items_purchased":["TungstenRod","Anchor"],"campfire_rested":2,"item_purchase_floors":[20,38],"current_hp_per_floor":[75,75,75,75,75,75,70,70,70,70,70,70,70,75,75,75,80,80,80,80,77,69,67,67,43,43,43,39,63,63,63,63,62,80,80,79,79,79,70,70,70,70,70,70,67,67,67,67,80,60],"gold":490,"neow_bonus":"","is_daily":false,"chose_seed":false,"campfire_upgraded":12,"win_rate":0.0,"timestamp":1609470464,"path_taken":["M","M","?","?","M","R","E","R","T","E","R","R","E","?","R","BOSS","M","?","$","M","M","E","R","E","T","?","M","R","M","M","R","BOSS","M","M","M","$","?","R","R","R","T","R","M","R","E","M","R","BOSS"],"items_purchased_type":["Relic","Relic"],"build_version":"2020-12-22","purchased_purges":0,"victory":true,"max_hp_per_floor":[75,75,75,75,75,75,75,75,75,75,75,75,75,80,80,80,80,80,80,80,80,80,80,80,80,80,80,80,80,80,80,80,80,80,80,80,80,80,80,80,80,80,80,80,80,80,80,80,80,80],"card_choices":[{"not_picked":["FollowUp","Vengeance","CarveReality"],"picked":"SKIP","floor":1},{"not_picked":["Ball Lightning","CarveReality"],"picked":"Wallop","floor":2},{"not_picked":["ThirdEye","Meditate","Scrape"],"picked":"SKIP","floor":5},{"not_picked":["Barrage","Hologram","Steam"],"picked":"SKIP","floor":7},{"not_picked":["Study","Ball Lightning","Doom and Gloom"],"picked":"SKIP","floor":10},{"not_picked":["Beam Cell","ReachHeaven"],"picked":"Thunder Strike","floor":13},{"not_picked":["Hologram","Gash","Ball Lightning"],"picked":"SKIP","floor":18},{"not_picked":["Reinforced Body","Turbo","Consecrate"],"picked":"SKIP","floor":21},{"not_picked":["EmptyFist+1","Tempest","Beam Cell+1"],"picked":"SKIP","floor":22},{"not_picked":["Steam Power","BootSequence","EmptyFist"],"picked":"SKIP","floor":23},{"not_picked":["Evaluate","Halt","Reprogram+1"],"picked":"SKIP","floor":25},{"not_picked":["SashWhip+1","Meteor Strike","Ball Lightning+1","Study"],"picked":"SKIP","floor":28},{"not_picked":["Sweeping Beam","Nirvana","Indignation"],"picked":"Conserve Battery+1","floor":30},{"not_picked":["Prostrate","WheelKick","Barrage","Conserve Battery"],"picked":"SKIP","floor":31},{"not_picked":["Coolheaded","Evaluate","Prostrate","Go for the Eyes+1"],"picked":"SKIP","floor":35},{"not_picked":["FlyingSleeves+1","Hologram+1","Vengeance+1","Judgement"],"picked":"SKIP","floor":36},{"not_picked":["ReachHeaven+1","Sweeping Beam+1","Compile Driver+1","Beam Cell+1"],"picked":"SKIP","floor":37},{"not_picked":["Streamline+1","Gash","SignatureMove","SashWhip+1"],"picked":"SKIP","floor":45},{"not_picked":["Hello World+1","All For One","Sanctity","Study+1"],"picked":"SKIP","floor":47},{"not_picked":["Weave+1","Doom and Gloom","Prostrate+1","Sanctity+1"],"picked":"SKIP","floor":48}],"player_experience":3224318,"relics_obtained":[{"floor":7,"key":"Blue Candle"},{"floor":9,"key":"Bottled Flame"},{"floor":10,"key":"Pen Nib"},{"floor":13,"key":"Whetstone"},{"floor":23,"key":"Akabeko"},{"floor":25,"key":"Du-Vu Doll"},{"floor":26,"key":"Question Card"},{"floor":43,"key":"Juzu Bracelet"},{"floor":47,"key":"Old Coin"}],"event_choices":[{"damage_healed":0,"gold_gain":0,"player_choice":"Ignored","damage_taken":0,"max_hp_gain":0,"max_hp_loss":0,"event_name":"Liars Game","floor":3,"gold_loss":0},{"damage_healed":0,"gold_gain":0,"player_choice":"Fled","damage_taken":0,"max_hp_gain":0,"max_hp_loss":0,"event_name":"Scrap Ooze","floor":4,"gold_loss":0},{"damage_healed":0,"gold_gain":0,"player_choice":"Donut","damage_taken":0,"max_hp_gain":5,"max_hp_loss":0,"event_name":"Big Fish","floor":14,"gold_loss":0},{"damage_healed":0,"gold_gain":0,"player_choice":"Read","damage_taken":0,"max_hp_gain":0,"max_hp_loss":0,"event_name":"The Library","floor":19,"gold_loss":0,"cards_obtained":["Loop"]},{"damage_healed":0,"gold_gain":0,"player_choice":"Bet on Owner","damage_taken":0,"max_hp_gain":0,"max_hp_loss":0,"event_name":"The Joust","floor":27,"gold_loss":50},{"damage_healed":0,"gold_gain":0,"player_choice":"Embrace Madness","damage_taken":10,"max_hp_gain":0,"max_hp_loss":0,"event_name":"Winding Halls","floor":39,"gold_loss":0,"cards_obtained":["Madness","Madness"]}],"is_beta":false,"boss_relics":[{"not_picked":["Runic Dome","Ectoplasm","Sozu"]},{"not_picked":["Coffee Dripper","FrozenCore","Philosopher\u0027s Stone"]}],"items_purged_floors":[],"is_endless":false,"potions_floor_spawned":[2,5,7,21,25,30,37,45,47,48],"ascension_level":0}}