{"host":"1kq2ingo3j45gyyp","time":1609460145,"event":{"mods":["BaseMod","Better Note","Better Third Choice","Downfall","Minty Spire (QoL Compilation)","StSLib"],"gold_per_floor":[99,115,132,282,297,222,222,322,51,65,240,250,175,190,208,208,208,208],"floor_reached":16,"playtime":674,"items_purged":["Slimebound:Icky"],"score":94,"play_id":"85630325-224c-4a00-89e4-d72a64d391f8","local_time":"20201231191545","is_ascension_mode":false,"campfire_choices":[{"floor":1,"key":"RECALL"},{"data":"champ:Taunt","floor":6,"key":"SMITH"},{"data":"champ:StanceDance","floor":13,"key":"SMITH"}],"circlet_count":0,"master_deck":["champ:Strike","champ:Strike","champ:Strike","champ:Strike","champ:Defend","champ:Defend","champ:Defend","champ:Defend","champ:Execute","champ:Taunt+1","champ:GladiatorsShout","champ:BladeFlurry","champ:GutPunch","champ:Circumvent","champ:RecklessLeap","champ:HoldFirm","champ:GladiatorStyle","champ:StanceDance+1","Doubt","champ:RecklessLeap","champ:FanOfKnives","champ:AdrenalArmor"],"relics":["champ:ChampionCrown","downfall:HeartBlessingRed","Membership Card","downfall:HeartBlessingBlue"],"acts_visited":["Exordium"],"potions_floor_usage":[],"damage_taken":[{"damage":5,"enemies":"2 Louse","floor":2,"turns":3},{"damage":10,"enemies":"Jaw Worm","floor":3,"turns":5},{"damage":7,"enemies":"Small Slimes","floor":5,"turns":4},{"damage":5,"enemies":"downfall:FleeingMerchant","floor":9,"turns":4},{"damage":16,"enemies":"Exordium Wildlife","floor":10,"turns":4},{"damage":21,"enemies":"Blue Slaver","floor":12,"turns":3},{"damage":26,"enemies":"2 Fungi Beasts","floor":14,"turns":3},{"damage":29,"enemies":"Large Slime","floor":15,"turns":5},{"damage":71,"enemies":"downfall:Defect","floor":16,"turns":5}],"seed_played":"-7195592756699767869","potions_obtained":[{"floor":10,"key":"GamblersBrew"},{"floor":12,"key":"sneckomod:MuddlingPotion"},{"floor":15,"key":"LiquidMemories"}],"is_trial":false,"path_per_floor":["R","M","M","?","M","R","T","?","$","M","?","M","R","M","M","B"],"character_chosen":"THE_CHAMP","items_purchased":["Membership Card","champ:HoldFirm","champ:GladiatorStyle"],"campfire_rested":0,"item_purchase_floors":[9,9,9],"current_hp_per_floor":[90,90,83,83,81,81,81,81,81,70,70,64,74,71,70,0,0,0],"gold":208,"neow_bonus":"THREE_CARDS","is_daily":false,"chose_seed":false,"campfire_upgraded":2,"win_rate":0.0,"timestamp":1609460145,"path_taken":["R","M","M","?","M","R","T","?","$","M","?","M","R","M","M","BOSS"],"items_purchased_type":["Relic","Card","Card"],"build_version":"2020-12-22","purchased_purges":1,"victory":false,"max_hp_per_floor":[90,90,90,90,90,90,90,90,90,90,90,90,100,100,100,100,100,100],"card_choices":[{"not_picked":["champ:Haymaker","champ:RisingSlash"],"picked":"champ:GladiatorsShout","floor":0},{"not_picked":["champ:EnragedBash","champ:Haymaker"],"picked":"champ:BladeFlurry","floor":2},{"not_picked":["champ:Shatter","champ:FocusedGladiator"],"picked":"champ:GutPunch","floor":3},{"not_picked":["champ:Haymaker","champ:TornadoPunch"],"picked":"champ:Circumvent","floor":5},{"not_picked":["champ:Duel","champ:Circumvent"],"picked":"champ:RecklessLeap","floor":9},{"not_picked":["champ:GladiatorStyle","champ:ShieldWall"],"picked":"champ:StanceDance","floor":10},{"not_picked":["champ:Duel","champ:FocusedBerserking"],"picked":"champ:RecklessLeap","floor":12},{"not_picked":["champ:FocusedDefense","champ:CrownThrow"],"picked":"champ:FanOfKnives","floor":14},{"not_picked":["champ:CalledShot","champ:FaceSlap"],"picked":"champ:AdrenalArmor","floor":15}],"player_experience":819876,"relics_obtained":[],"event_choices":[],"is_beta":false,"boss_relics":[],"items_purged_floors":[9],"is_endless":false,"potions_floor_spawned":[10,12,15],"killed_by":"downfall:Defect","ascension_level":0}}