{"host":"coame8l8goqx0svj","time":1609503904,"event":{"mods":["BaseMod","Downfall","Minty Spire (QoL Compilation)","StSLib"],"gold_per_floor":[349,364,364,364,73,73,73,88,116,116,41,68,68,94,107,107,107,107],"floor_reached":16,"playtime":692,"items_purged":[],"score":174,"play_id":"d3bfad38-13a2-4e39-bebb-13d55de848fc","local_time":"20210101132504","is_ascension_mode":true,"campfire_choices":[{"floor":1,"key":"RECALL"},{"floor":6,"key":"REST"},{"floor":11,"key":"REST"}],"circlet_count":0,"master_deck":["AscendersBane","Slimebound:Strike_Slimebound","Slimebound:Strike_Slimebound","Slimebound:Strike_Slimebound","Slimebound:Tackle","Slimebound:Defend_Slimebound","Slimebound:Defend_Slimebound","Slimebound:Defend_Slimebound","Slimebound:Defend_Slimebound","Slimebound:Split","Slimebound:CorrosiveSpit","Slimebound:SlimeBrawl","Slimebound:Gluttony","Slimebound:AcidTongue+1","Slimebound:SplitSpecialist","Slimebound:LeadByExample+1","Slimebound:Gluttony+1","Slimebound:Teamwork","Slimebound:SplitMire+1"],"relics":["Slimebound:AbsorbEndCombat","StrikeDummy","Frozen Egg 2","Molten Egg 2","Oddly Smooth Stone","PreservedInsect","downfall:HeartBlessingRed","Incense Burner","Toxic Egg 2"],"acts_visited":["Exordium"],"potions_floor_usage":[9,12,15,16],"damage_taken":[{"damage":5,"enemies":"2 Louse","floor":2,"turns":4},{"damage":4,"enemies":"downfall:FleeingMerchant","floor":5,"turns":4},{"damage":13,"enemies":"Jaw Worm","floor":8,"turns":5},{"damage":32,"enemies":"Gremlin Nob","floor":9,"turns":4},{"damage":26,"enemies":"3 Sentries","floor":12,"turns":6},{"damage":0,"enemies":"Cultist","floor":13,"turns":1},{"damage":10,"enemies":"Lagavulin","floor":14,"turns":5},{"damage":22,"enemies":"Exordium Wildlife","floor":15,"turns":5},{"damage":25,"enemies":"downfall:Silent","floor":16,"turns":2}],"seed_played":"-1547732523930719963","potions_obtained":[{"floor":2,"key":"SkillPotion"},{"floor":9,"key":"EssenceOfSteel"},{"floor":12,"key":"LiquidMemories"},{"floor":15,"key":"Ancient Potion"}],"is_trial":false,"path_per_floor":["R","M","?","?","$","R","T","M","E","?","R","E","M","E","M","B"],"character_chosen":"SLIMEBOUND","items_purchased":["Frozen Egg 2","Slimebound:AcidTongue+1"],"campfire_rested":2,"item_purchase_floors":[5,5],"current_hp_per_floor":[39,34,34,22,30,48,48,47,21,21,39,21,21,25,17,0,0,0],"gold":107,"neow_bonus":"TWO_FIFTY_GOLD","is_daily":false,"chose_seed":false,"campfire_upgraded":0,"win_rate":0.0,"timestamp":1609503904,"path_taken":["R","M","?","?","$","R","T","M","E","?","R","E","?","E","M","BOSS"],"items_purchased_type":["Relic","Card"],"build_version":"2020-12-22","purchased_purges":0,"victory":false,"max_hp_per_floor":[60,60,60,60,60,60,60,60,60,60,60,60,60,60,60,60,60,60],"card_choices":[{"not_picked":["Slimebound:ServeAndProtect","Slimebound:ViciousTackle"],"picked":"Slimebound:SlimeBrawl","floor":2},{"not_picked":["Slimebound:FinishingTackle","Slimebound:Schlurp"],"picked":"Slimebound:Gluttony","floor":5},{"not_picked":["Slimebound:FinishingTackle+1","Slimebound:FormOfPuddle"],"picked":"Slimebound:SplitSpecialist","floor":8},{"not_picked":["Slimebound:ServeAndProtect","Slimebound:SamplingLick"],"picked":"Slimebound:LeadByExample+1","floor":9},{"not_picked":["Slimebound:PressTheAttack+1","Slimebound:FirmFortitude+1"],"picked":"Slimebound:Gluttony+1","floor":12},{"not_picked":["Slimebound:Nibble+1","Slimebound:LivingWall"],"picked":"Slimebound:Teamwork","floor":13},{"not_picked":["Slimebound:GrowthPunch+1","Slimebound:GoopSpray+1"],"picked":"Slimebound:SplitMire+1","floor":14},{"not_picked":["Slimebound:GoopSpray+1","Slimebound:PressTheAttack+1","Slimebound:SplitLeeching+1"],"picked":"SKIP","floor":15}],"player_experience":1733898,"relics_obtained":[{"floor":7,"key":"Molten Egg 2"},{"floor":9,"key":"Oddly Smooth Stone"},{"floor":10,"key":"PreservedInsect"},{"floor":12,"key":"Incense Burner"},{"floor":14,"key":"Toxic Egg 2"}],"event_choices":[{"damage_healed":0,"gold_gain":0,"player_choice":"Success","damage_taken":12,"relics_obtained":["StrikeDummy"],"max_hp_gain":0,"max_hp_loss":0,"event_name":"Scrap Ooze","floor":4,"gold_loss":0},{"damage_healed":0,"gold_gain":0,"player_choice":"Relic","damage_taken":0,"max_hp_gain":0,"max_hp_loss":0,"event_name":"Wheel of Change","floor":10,"gold_loss":0}],"is_beta":false,"boss_relics":[],"items_purged_floors":[],"is_endless":false,"potions_floor_spawned":[2,9,12,15],"killed_by":"downfall:Silent","ascension_level":10}}