{"host":"94aus4jnk6thj94q","time":1609462929,"event":{"mods":["BaseMod","Minty Spire (QoL Compilation)","Quick Restart","StSLib"],"gold_per_floor":[111,14,14,33,51,51,66,66,93,93,137,137,157,9,9,138,138,159,159,180,195,42,42,78,78,105,105,128,78,103,119,119,119,119],"floor_reached":33,"playtime":1644,"items_purged":[],"score":317,"play_id":"f74b1e3a-65dd-454b-af4c-9715b935dbe2","local_time":"20210101030209","is_ascension_mode":false,"campfire_choices":[{"floor":6.0,"key":"REST"},{"data":"Armaments","floor":8.0,"key":"SMITH"},{"floor":10.0,"key":"RECALL"},{"data":"Body Slam","floor":12.0,"key":"SMITH"},{"data":"Perfected Strike","floor":15.0,"key":"SMITH"},{"floor":23.0,"key":"REST"},{"floor":25.0,"key":"REST"},{"data":"Impervious","floor":27.0,"key":"SMITH"},{"data":"Body Slam","floor":32,"key":"SMITH"}],"circlet_count":0,"master_deck":["Strike_R","Strike_R","Strike_R","Strike_R","Strike_R","Defend_R","Defend_R","Defend_R","Defend_R","Bash","Flame Barrier","Body Slam+1","Perfected Strike+1","Armaments+1","Twin Strike","Perfected Strike","Ghostly Armor","Impervious+1","Shrug It Off","Armaments","Armaments+1","Body Slam+1"],"relics":["Burning Blood","Toy Ornithopter","Golden Idol","Anchor","Red Skull","Omamori","Black Star","FossilizedHelix","Strange Spoon","Pen Nib","Regal Pillow","Vajra"],"acts_visited":["Exordium","TheCity"],"potions_floor_usage":[33],"damage_taken":[{"damage":11.0,"enemies":"Jaw Worm","floor":1.0,"turns":3.0},{"damage":0.0,"enemies":"2 Louse","floor":4.0,"turns":2.0},{"damage":3.0,"enemies":"Small Slimes","floor":5.0,"turns":4.0},{"damage":1.0,"enemies":"2 Fungi Beasts","floor":7.0,"turns":3.0},{"damage":9.0,"enemies":"3 Sentries","floor":11.0,"turns":10.0},{"damage":0.0,"enemies":"3 Louse","floor":13.0,"turns":2.0},{"damage":0.0,"enemies":"Slime Boss","floor":16.0,"turns":5.0},{"damage":14.0,"enemies":"Shell Parasite","floor":18.0,"turns":6.0},{"damage":11.0,"enemies":"2 Thieves","floor":20.0,"turns":5.0},{"damage":14.0,"enemies":"Snake Plant","floor":21.0,"turns":3.0},{"damage":44.0,"enemies":"Slavers","floor":24.0,"turns":9.0},{"damage":21.0,"enemies":"3 Cultists","floor":28.0,"turns":5.0},{"damage":0.0,"enemies":"Centurion and Healer","floor":30.0,"turns":7.0},{"damage":1,"enemies":"Shelled Parasite and Fungi","floor":31,"turns":8},{"damage":69,"enemies":"Automaton","floor":33,"turns":10}],"seed_played":"920997868923432976","potions_obtained":[{"floor":4.0,"key":"LiquidMemories"},{"floor":7.0,"key":"LiquidMemories"},{"floor":16.0,"key":"GamblersBrew"},{"floor":18.0,"key":"Ancient Potion"},{"floor":24.0,"key":"DuplicationPotion"},{"floor":28.0,"key":"CultistPotion"}],"is_trial":false,"path_per_floor":["M","$","?","M","M","R","M","R","T","R","E","R","M","$","R","B",null,"M","?","M","M","$","R","E","R","T","R","M","$","M","M","R","B"],"character_chosen":"IRONCLAD","items_purchased":["Body Slam","Perfected Strike","Omamori","Strange Spoon","Body Slam"],"campfire_rested":3,"item_purchase_floors":[2,2,14,22,29],"current_hp_per_floor":[75,75,55,61,64,80,80,80,80,80,77,77,80,80,80,80,80,72,72,67,59,59,80,42,80,80,80,70,70,76,80,80,11,11],"gold":119,"neow_bonus":"RANDOM_COMMON_RELIC","is_daily":false,"chose_seed":false,"campfire_upgraded":5,"win_rate":0.0,"timestamp":1609462929,"path_taken":["M","$","?","M","M","R","M","R","T","R","E","R","M","$","R","BOSS","M","?","M","M","$","R","E","R","T","R","M","$","M","M","R","BOSS"],"items_purchased_type":["Card","Card","Relic","Relic","Card"],"build_version":"2020-12-22","purchased_purges":0,"victory":false,"max_hp_per_floor":[80,80,80,80,80,80,80,80,80,80,80,80,80,80,80,80,80,80,80,80,80,80,80,80,80,80,80,80,80,80,80,80,80,80],"card_choices":[{"not_picked":["Wild Strike","Havoc"],"picked":"Flame Barrier","floor":1.0},{"not_picked":["Blood for Blood","Rampage"],"picked":"Armaments","floor":4.0},{"not_picked":["Sword Boomerang","Perfected Strike"],"picked":"Twin Strike","floor":5.0},{"not_picked":["Disarm","True Grit"],"picked":"Perfected Strike","floor":7.0},{"not_picked":["Reckless Charge","Exhume"],"picked":"Ghostly Armor","floor":11.0},{"not_picked":["Rampage","Anger","Clothesline"],"picked":"SKIP","floor":13.0},{"not_picked":["Limit Break","Double Tap"],"picked":"Impervious","floor":16.0},{"not_picked":["True Grit","Clothesline"],"picked":"Shrug It Off","floor":18.0},{"not_picked":["Wild Strike","Feel No Pain"],"picked":"Armaments","floor":20.0},{"not_picked":["Evolve","Uppercut"],"picked":"Armaments+1","floor":21.0},{"not_picked":["Iron Wave","Havoc","Bloodletting"],"picked":"SKIP","floor":24.0},{"not_picked":["Infernal Blade","Combust+1","Flex"],"picked":"SKIP","floor":28.0},{"not_picked":["Heavy Blade+1","Wild Strike","Flex+1"],"picked":"SKIP","floor":30},{"not_picked":["Exhume","Anger","Headbutt"],"picked":"SKIP","floor":31}],"player_experience":5670763,"relics_obtained":[{"floor":9.0,"key":"Anchor"},{"floor":11.0,"key":"Red Skull"},{"floor":24.0,"key":"Pen Nib"},{"floor":24.0,"key":"Regal Pillow"},{"floor":26.0,"key":"Vajra"}],"event_choices":[{"damage_healed":0.0,"max_hp_gain":0.0,"max_hp_loss":0.0,"gold_gain":0.0,"event_name":"Golden Idol","player_choice":"Take Damage","floor":3.0,"gold_loss":0.0,"damage_taken":20.0,"relics_obtained":["Golden Idol"]},{"damage_healed":0.0,"max_hp_gain":0.0,"max_hp_loss":0.0,"gold_gain":0.0,"event_name":"The Mausoleum","player_choice":"Opened","floor":19.0,"gold_loss":0.0,"damage_taken":0.0,"relics_obtained":["FossilizedHelix"],"cards_obtained":["Writhe"]}],"is_beta":false,"boss_relics":[{"not_picked":["Fusion Hammer","Runic Cube"],"picked":"Black Star"}],"items_purged_floors":[],"is_endless":false,"potions_floor_spawned":[4,7,16,18,24,28,30],"killed_by":"Automaton","ascension_level":0}}