{"host":"s41rn2jhghpwfrvz","time":1609512850,"event":{"mods":["BaseMod","Minty Spire (QoL Compilation)","Quick Restart","Relic Stats","SuperFastMode"],"gold_per_floor":[113,129,129,54,54,89,112,148,148,186,204,204,225,258,258,356,356,375,275,294,61,61,61,80,124,178,213,225,275,308,335,347,458,470,507,369,419,149,163,198,211,252,252,285,285,309,322,322,322,322,322,322,322,158,194,194],"floor_reached":57,"playtime":2823,"items_purged":["Coolheaded","Conserve Battery","Beam Cell","Terror","Vault+1"],"score":3810,"play_id":"4d98d916-2f70-4d21-8ac8-abd8c89615bc","local_time":"20210101165410","daily_mods":["SealedDeck","Diverse","Elite Swarm"],"is_ascension_mode":true,"campfire_choices":[{"data":"Body Slam","floor":15,"key":"SMITH"},{"data":"Shrug It Off","floor":23,"key":"SMITH"},{"floor":28,"key":"RECALL"},{"data":"Meteor Strike","floor":32,"key":"SMITH"}],"circlet_count":0,"master_deck":["AscendersBane","Second Wind","Shrug It Off+1","Body Slam+1","Pommel Strike+1","Prostrate+1","Acrobatics+1","Madness+1","Offering+1","Meteor Strike+1","Scrawl+1","Panacea+1","Barricade","Venomology+1"],"relics":["Burning Blood","Golden Idol","Toxic Egg 2","Pear","HornCleat","Pen Nib","Red Skull","Coffee Dripper","Ginger","MawBank","Nunchaku","Fusion Hammer","Vajra","Oddly Smooth Stone","StoneCalendar","Medical Kit","Eternal Feather"],"acts_visited":["Exordium","TheCity","TheBeyond","TheEnding"],"potions_floor_usage":[6,10,18,56,56,56,56],"damage_taken":[{"damage":0,"enemies":"Cultist","floor":1,"turns":4},{"damage":0,"enemies":"Jaw Worm","floor":2,"turns":3},{"damage":24,"enemies":"Gremlin Nob","floor":6,"turns":4},{"damage":0,"enemies":"Small Slimes","floor":7,"turns":2},{"damage":9,"enemies":"Lagavulin","floor":8,"turns":5},{"damage":20,"enemies":"3 Sentries","floor":10,"turns":13},{"damage":0,"enemies":"3 Louse","floor":11,"turns":4},{"damage":0,"enemies":"Lots of Slimes","floor":13,"turns":3},{"damage":0,"enemies":"Lagavulin","floor":14,"turns":3},{"damage":19,"enemies":"Slime Boss","floor":16,"turns":4},{"damage":0,"enemies":"Spheric Guardian","floor":18,"turns":3},{"damage":0,"enemies":"3 Byrds","floor":20,"turns":2},{"damage":0,"enemies":"3 Cultists","floor":24,"turns":2},{"damage":0,"enemies":"Slavers","floor":25,"turns":1},{"damage":0,"enemies":"Book of Stabbing","floor":27,"turns":2},{"damage":6,"enemies":"Slavers","floor":29,"turns":1},{"damage":6,"enemies":"Chosen and Byrds","floor":30,"turns":2},{"damage":6,"enemies":"Snake Plant","floor":31,"turns":1},{"damage":6,"enemies":"Collector","floor":33,"turns":3},{"damage":6,"enemies":"3 Darklings","floor":35,"turns":2},{"damage":6,"enemies":"3 Shapes","floor":39,"turns":1},{"damage":6,"enemies":"Giant Head","floor":40,"turns":2},{"damage":6,"enemies":"Transient","floor":41,"turns":2},{"damage":6,"enemies":"Nemesis","floor":42,"turns":1},{"damage":6,"enemies":"Reptomancer","floor":44,"turns":1},{"damage":6,"enemies":"4 Shapes","floor":46,"turns":1},{"damage":6,"enemies":"Spire Growth","floor":47,"turns":1},{"damage":6,"enemies":"Time Eater","floor":50,"turns":2},{"damage":6,"enemies":"Donu and Deca","floor":51,"turns":1},{"damage":6,"enemies":"Shield and Spear","floor":55,"turns":1},{"damage":0,"enemies":"The Heart","floor":56,"turns":5}],"seed_played":"4335614081436835183","potions_obtained":[{"floor":1,"key":"Block Potion"},{"floor":8,"key":"PowerPotion"},{"floor":11,"key":"FearPotion"},{"floor":16,"key":"BloodPotion"},{"floor":18,"key":"EntropicBrew"},{"floor":27,"key":"DuplicationPotion"},{"floor":42,"key":"Swift Potion"}],"is_trial":true,"path_per_floor":["M","M","?","$","?","E","M","E","T","E","M","?","M","E","R","B",null,"M","$","M","$","?","R","M","E","T","E","R","E","M","M","R","B",null,"M","$","?","$","M","E","M","E","T","E","R","M","M","$","R","B","B",null,"R","$","E","B",null],"character_chosen":"IRONCLAD","items_purchased":["Madness+1","Panacea+1","Medical Kit"],"campfire_rested":0,"item_purchase_floors":[21,38,54],"current_hp_per_floor":[74,75,49,49,26,8,14,21,21,7,13,85,85,85,85,72,82,85,85,85,85,85,85,85,85,85,85,85,85,85,85,85,85,85,85,85,85,85,85,85,85,85,85,85,85,85,85,85,85,85,85,85,85,85,85,85],"gold":194,"neow_bonus":"","is_daily":false,"chose_seed":false,"campfire_upgraded":3,"win_rate":0.0,"timestamp":1609512850,"path_taken":["M","?","?","$","?","E","M","E","T","E","M","?","M","E","R","BOSS","M","$","?","$","?","R","M","E","T","E","R","E","M","M","R","BOSS","M","$","?","$","M","E","M","E","T","E","R","M","M","$","R","BOSS","BOSS","R","$","E","BOSS"],"items_purchased_type":["Card","Card","Relic"],"build_version":"2020-12-22","purchased_purges":5,"victory":true,"max_hp_per_floor":[75,75,75,75,75,75,75,85,85,85,85,85,85,85,85,85,85,85,85,85,85,85,85,85,85,85,85,85,85,85,85,85,85,85,85,85,85,85,85,85,85,85,85,85,85,85,85,85,85,85,85,85,85,85,85,85],"relic_stats":{"Nunchaku":[10],"counters":[31,82],"Golden Idol":230,"StoneCalendar":[0],"Eternal Feather":0,"Pen Nib":[18],"Ginger":[3],"MawBank":108,"Medical Kit":[0],"obtain_stats":[{"Pear":8,"Golden Idol":3,"Vajra":40,"Oddly Smooth Stone":42,"StoneCalendar":44,"Eternal Feather":55,"Pen Nib":10,"Ginger":25,"MawBank":27,"Medical Kit":54,"Burning Blood":0,"Nunchaku":29,"HornCleat":9,"Fusion Hammer":34,"Coffee Dripper":17,"Toxic Egg 2":6,"Red Skull":14},{"Pear":5,"Golden Idol":2,"Vajra":22,"Oddly Smooth Stone":24,"StoneCalendar":25,"Eternal Feather":30,"Pen Nib":6,"Ginger":14,"MawBank":15,"Medical Kit":29,"Burning Blood":0,"Nunchaku":16,"HornCleat":5,"Fusion Hammer":19,"Coffee Dripper":10,"Toxic Egg 2":3,"Red Skull":9},{"Pear":18,"Golden Idol":7,"Vajra":67,"Oddly Smooth Stone":70,"StoneCalendar":71,"Eternal Feather":77,"Pen Nib":31,"Ginger":53,"MawBank":55,"Medical Kit":76,"Burning Blood":0,"Nunchaku":56,"HornCleat":18,"Fusion Hammer":62,"Coffee Dripper":45,"Toxic Egg 2":11,"Red Skull":41}],"Burning Blood":136},"card_choices":[{"not_picked":["Go for the Eyes","Halt","Outmaneuver"],"picked":"SKIP","floor":1},{"not_picked":["Calculated Gamble","Redo","Compile Driver"],"picked":"SKIP","floor":2},{"not_picked":["DevaForm","Immolate","Judgement+1"],"picked":"SKIP","floor":6},{"not_picked":["Ball Lightning","Armaments+1","ClearTheMind+1"],"picked":"SKIP","floor":7},{"not_picked":["Double Tap+1","Immolate","Core Surge"],"picked":"SKIP","floor":8},{"not_picked":["Double Tap+1","Phantasmal Killer+1","Reaper"],"picked":"SKIP","floor":10},{"not_picked":["Streamline","Wild Strike"],"picked":"Acrobatics+1","floor":11},{"not_picked":["Battle Trance+1","Deflect+1","Turbo+1"],"picked":"SKIP","floor":13},{"not_picked":["DevaForm","Judgement+1","Devotion"],"picked":"SKIP","floor":14},{"not_picked":["Indignation+1","Flame Barrier+1","DeceiveReality+1"],"picked":"SKIP","floor":18},{"not_picked":["Scrape+1","Masterful Stab","Loop"],"picked":"SKIP","floor":20},{"not_picked":["Rebound","CutThroughFate","Dagger Spray"],"picked":"SKIP","floor":24},{"not_picked":["LessonLearned","Limit Break+1"],"picked":"Vault+1","floor":25},{"not_picked":["Phantasmal Killer+1","Biased Cognition"],"picked":"Offering+1","floor":27},{"not_picked":["LessonLearned","Rainbow+1","Meteor Strike"],"picked":"SKIP","floor":29},{"not_picked":["LessonLearned","Rainbow+1"],"picked":"Meteor Strike","floor":29},{"not_picked":["Heatsinks","Protect+1","Melter+1"],"picked":"SKIP","floor":30},{"not_picked":["Shrug It Off+1","Dagger Spray","Stack+1"],"picked":"SKIP","floor":31},{"not_picked":["Rainbow+1","Fission+1"],"picked":"Scrawl+1","floor":33},{"not_picked":["Prostrate+1","Terror+1","Quick Slash+1"],"picked":"SKIP","floor":35},{"not_picked":["Evaluate+1","Shrug It Off+1","Glacier+1"],"picked":"SKIP","floor":39},{"not_picked":["LessonLearned","Immolate"],"picked":"Barricade","floor":40},{"not_picked":["Prepared+1","Cold Snap","Compile Driver"],"picked":"SKIP","floor":41},{"not_picked":["Night Terror+1","Bullet Time+1","Meteor Strike"],"picked":"SKIP","floor":42},{"not_picked":["Juggernaut","Offering+1","DevaForm"],"picked":"SKIP","floor":44},{"not_picked":["Sentinel+1","True Grit+1","Dagger Throw"],"picked":"SKIP","floor":46},{"not_picked":["FlurryOfBlows","Consume+1","Setup+1"],"picked":"SKIP","floor":47},{"not_picked":["Multi-Cast+1","Malaise+1"],"picked":"Venomology+1","floor":55}],"player_experience":1631325,"relics_obtained":[{"floor":6,"key":"Toxic Egg 2"},{"floor":8,"key":"Pear"},{"floor":9,"key":"HornCleat"},{"floor":10,"key":"Pen Nib"},{"floor":14,"key":"Red Skull"},{"floor":25,"key":"Ginger"},{"floor":27,"key":"MawBank"},{"floor":29,"key":"Nunchaku"},{"floor":40,"key":"Vajra"},{"floor":42,"key":"Oddly Smooth Stone"},{"floor":44,"key":"StoneCalendar"},{"floor":55,"key":"Eternal Feather"}],"event_choices":[{"damage_healed":0,"gold_gain":0,"player_choice":"Take Damage","damage_taken":26,"relics_obtained":["Golden Idol"],"max_hp_gain":0,"max_hp_loss":0,"event_name":"Golden Idol","floor":3,"gold_loss":0},{"damage_healed":0,"gold_gain":0,"player_choice":"Entered Light","damage_taken":23,"max_hp_gain":0,"max_hp_loss":0,"event_name":"Shining Light","floor":5,"gold_loss":0,"cards_upgraded":["Storm","Prostrate"]},{"cards_removed":["Storm"],"damage_healed":72,"gold_gain":0,"player_choice":"Offered Uncommon","damage_taken":0,"max_hp_gain":0,"max_hp_loss":0,"event_name":"Bonfire Elementals","floor":12,"gold_loss":0},{"damage_healed":0,"gold_gain":0,"player_choice":"Forge","damage_taken":0,"max_hp_gain":0,"max_hp_loss":0,"event_name":"Accursed Blacksmith","floor":22,"gold_loss":0,"cards_upgraded":["Pommel Strike"]},{"damage_healed":0,"gold_gain":50,"player_choice":"Pray","damage_taken":0,"max_hp_gain":0,"max_hp_loss":0,"event_name":"Golden Shrine","floor":37,"gold_loss":0}],"is_beta":false,"boss_relics":[{"not_picked":["Snecko Eye","Black Blood"],"picked":"Coffee Dripper"},{"not_picked":["Astrolabe","Mark of Pain"],"picked":"Fusion Hammer"}],"items_purged_floors":[4,19,21,36,38],"is_endless":false,"potions_floor_spawned":[1,8,11,16,18,27,40,41,42,47],"ascension_level":20}}