{"host":"vcrofm1hbk0ziuql","time":1609503096,"event":{"mods":["2.2 Compatiblity","BaseMod","Colored Map","DeckTracker","Googly Eyes","Highlight Path","Minty Spire (QoL Compilation)","StSLib"],"gold_per_floor":[210,228,403,403,427,427,440,440,440],"floor_reached":8,"playtime":246,"items_purged":[],"score":48,"play_id":"f9e59964-d681-4aa3-a856-1df8c95fdc33","local_time":"20210101121136","is_ascension_mode":false,"campfire_choices":[{"data":"Zap","floor":6,"key":"SMITH"}],"circlet_count":0,"master_deck":["Strike_B","Strike_B","Strike_B","Strike_B","Defend_B","Defend_B","Defend_B","Defend_B","Zap+1","Dualcast","Gash","Doubt","Echo Form"],"relics":["Cracked Core","Golden Idol"],"acts_visited":["Exordium"],"potions_floor_usage":[7],"damage_taken":[{"damage":0,"enemies":"2 Louse","floor":1,"turns":2},{"damage":0,"enemies":"Cultist","floor":2,"turns":4},{"damage":10,"enemies":"Small Slimes","floor":5,"turns":4},{"damage":27,"enemies":"Gremlin Gang","floor":7,"turns":4},{"damage":43,"enemies":"Gremlin Nob","floor":8,"turns":3}],"seed_played":"-2880787648031588516","potions_obtained":[{"floor":1,"key":"Energy Potion"}],"is_trial":false,"path_per_floor":["M","M","?","?","M","R","M","E"],"character_chosen":"DEFECT","items_purchased":[],"campfire_rested":0,"item_purchase_floors":[],"current_hp_per_floor":[75,75,75,57,47,47,20,0,0],"gold":440,"neow_bonus":"HUNDRED_GOLD","is_daily":false,"chose_seed":false,"campfire_upgraded":1,"win_rate":0.0,"timestamp":1609503096,"path_taken":["M","M","?","?","M","R","M","E"],"items_purchased_type":[],"build_version":"2020-12-22","purchased_purges":0,"victory":false,"max_hp_per_floor":[75,75,75,75,75,75,75,75,75],"card_choices":[{"not_picked":["Glacier","Chaos","Rip and Tear"],"picked":"SKIP","floor":1},{"not_picked":["Stack","Leap"],"picked":"Gash","floor":2},{"not_picked":["Compile Driver","Coolheaded","Beam Cell"],"picked":"SKIP","floor":5},{"not_picked":["Consume","Turbo"],"picked":"Echo Form","floor":7}],"player_experience":555945,"relics_obtained":[],"event_choices":[{"damage_healed":0,"gold_gain":175,"player_choice":"AGREE","damage_taken":0,"max_hp_gain":0,"max_hp_loss":0,"event_name":"Liars Game","floor":3,"gold_loss":0,"cards_obtained":["Doubt"]},{"damage_healed":0,"gold_gain":0,"player_choice":"Take Damage","damage_taken":18,"relics_obtained":["Golden Idol"],"max_hp_gain":0,"max_hp_loss":0,"event_name":"Golden Idol","floor":4,"gold_loss":0}],"is_beta":false,"boss_relics":[],"items_purged_floors":[],"is_endless":false,"potions_floor_spawned":[1],"killed_by":"Gremlin Nob","ascension_level":0}}