{"host":"axuns55dzq466eei","time":1609472159,"event":{"mods":["BaseMod","Colored Map","Keyboard Shortcuts","Minty Spire (QoL Compilation)","StSLib","SuperFastMode"],"gold_per_floor":[115,115,39,89,108,139,156,167,219,108,121,121,135,146,146,218,218,218,218],"floor_reached":18,"playtime":280,"items_purged":["Strike_G"],"score":378,"play_id":"3762a328-aad5-4a80-bc99-612764ba3c76","local_time":"20210101123559","is_ascension_mode":true,"campfire_choices":[{"data":"Noxious Fumes","floor":12,"key":"SMITH"},{"data":"Catalyst","floor":15,"key":"SMITH"}],"circlet_count":0,"master_deck":["AscendersBane","Survivor","Neutralize","Noxious Fumes+1","Catalyst+1","Backflip","Flechettes","Footwork","Acrobatics","Noxious Fumes","Well Laid Plans","Dodge and Roll","Predator","Venomology","Tools of the Trade","Calculated Gamble","Slice","Sucker Punch","Burst","Quick Slash","Dagger Spray","Bane","Slice"],"relics":["Ring of the Snake","NeowsBlessing","Ornamental Fan","Bronze Scales","Pandora\u0027s Box"],"acts_visited":["Exordium","TheCity"],"potions_floor_usage":[8,16],"damage_taken":[{"damage":0,"enemies":"Small Slimes","floor":1,"turns":1},{"damage":0,"enemies":"Jaw Worm","floor":5,"turns":1},{"damage":0,"enemies":"Gremlin Nob","floor":6,"turns":1},{"damage":1,"enemies":"2 Louse","floor":7,"turns":3},{"damage":0,"enemies":"Lots of Slimes","floor":8,"turns":1},{"damage":3,"enemies":"3 Louse","floor":11,"turns":4},{"damage":3,"enemies":"Blue Slaver","floor":13,"turns":5},{"damage":6,"enemies":"2 Fungi Beasts","floor":14,"turns":4},{"damage":28,"enemies":"Slime Boss","floor":16,"turns":6},{"damage":59,"enemies":"Shell Parasite","floor":18,"turns":4}],"seed_played":"166166870020270737","potions_obtained":[{"floor":6,"key":"Explosive Potion"},{"floor":7,"key":"Strength Potion"},{"floor":13,"key":"PowerPotion"}],"is_trial":false,"path_per_floor":["M","?","$","?","M","E","M","M","T","$","M","R","M","M","R","B",null,"M"],"character_chosen":"THE_SILENT","items_purchased":["Catalyst","Noxious Fumes"],"campfire_rested":0,"item_purchase_floors":[3,10],"current_hp_per_floor":[59,59,59,59,59,59,58,58,58,58,55,55,52,46,46,18,54,0,0],"gold":218,"neow_bonus":"THREE_ENEMY_KILL","is_daily":false,"chose_seed":false,"campfire_upgraded":2,"win_rate":0.0,"timestamp":1609472159,"path_taken":["M","?","?","?","M","E","?","M","T","$","M","R","M","M","R","BOSS","M"],"items_purchased_type":["Card","Card"],"build_version":"2020-12-22","purchased_purges":1,"victory":false,"max_hp_per_floor":[66,66,66,66,66,66,66,66,66,66,66,66,66,66,66,66,66,66,66],"card_choices":[{"not_picked":["Flying Knee","Catalyst"],"picked":"Noxious Fumes","floor":1},{"not_picked":["Deflect","Prepared"],"picked":"Backflip","floor":5},{"not_picked":["PiercingWail","Outmaneuver"],"picked":"Flechettes","floor":6},{"not_picked":["Deadly Poison","Deflect"],"picked":"Footwork","floor":7},{"not_picked":["Prepared","Flechettes"],"picked":"Acrobatics","floor":8},{"not_picked":["Accuracy","Dash"],"picked":"Well Laid Plans","floor":11},{"not_picked":["Outmaneuver","Blade Dance"],"picked":"Dodge and Roll","floor":13},{"not_picked":["Blade Dance","Well Laid Plans"],"picked":"Predator","floor":14},{"not_picked":["A Thousand Cuts","Unload"],"picked":"Venomology","floor":16}],"player_experience":1040369,"relics_obtained":[{"floor":6,"key":"Ornamental Fan"},{"floor":9,"key":"Bronze Scales"}],"event_choices":[{"damage_healed":0,"gold_gain":0,"player_choice":"Ignored","damage_taken":0,"max_hp_gain":0,"max_hp_loss":0,"event_name":"Liars Game","floor":2,"gold_loss":0},{"damage_healed":0,"gold_gain":50,"player_choice":"Pray","damage_taken":0,"max_hp_gain":0,"max_hp_loss":0,"event_name":"Golden Shrine","floor":4,"gold_loss":0}],"is_beta":false,"boss_relics":[{"not_picked":["HoveringKite","Black Star"],"picked":"Pandora\u0027s Box"}],"items_purged_floors":[10],"is_endless":false,"potions_floor_spawned":[6,7,13],"killed_by":"Shell Parasite","ascension_level":20}}