{"host":"ceopyqoizwrgii5g","time":1609509429,"event":{"mods":["ATMod(阿瑾Mod)","Act Like it!","Aspiration","BaseMod","BetterRewards","CapriCore","Conspire","Dota2Spire","GungeonMod","Hallownest","Hermit","Infinite Spire","Luminous","Marisa（霧雨　魔理沙）","Minty Spire (QoL Compilation)","Permanent Neow","Quick Restart","Reimu（博???）","Remilia（蕾米莉?）","Replay The Spire","Robot Space Explorer","RumiaBox-露米?的神秘盒子","SOS（斯巴?之子）","Shop Mod","Spicy Shops","StSLib","SuperFastMode","The Bug Knight","The Cursed","Transform Curses","WarShipGirlsR/??少女R mod","Yakumo Yukari mod","Youmu（魂魄妖?）","【功能Mod】混沌之?修复?丁","【?物卡牌】REMEMod"],"gold_per_floor":[116,116,136,153,173,173,147,147,170,204,204,233,233,214,214,318,318,333,283,182,201,212,212,212,232,232,244,244,244,244],"floor_reached":29,"playtime":850,"items_purged":["Doubt"],"score":412,"play_id":"f105d0be-2c04-4c01-aa00-7b4d65e30ceb","local_time":"20210101215709","is_ascension_mode":true,"campfire_choices":[{"data":"AT_WaterDrop","floor":6,"key":"SMITH"},{"data":"Gash","floor":8,"key":"SMITH"},{"data":"Beam Cell","floor":11,"key":"SMITH"},{"data":"Zap","floor":15,"key":"SMITH"},{"data":"Gash","floor":23,"key":"SMITH"}],"circlet_count":0,"master_deck":["Strike_B","Strike_B","Strike_B","Strike_B","Defend_B","Defend_B","Defend_B","Defend_B","Zap+1","Dualcast","AT_WaterDrop+1","Mirror Shield","Crystallizer+1","Time Bomb","Mirror Shield","Gash+1","Beam Cell+1","ReplayGash+1","Reprogram","Creative AI","Gash+1","Aggregate","Hello World"],"relics":["Cracked Core","REME_ComplimentaryCards","AT_ATBox","Emotion Chip","Raider\u0027s Mask","MerchantsRug","Membership Card","Runic Capacitor","MealTicket","AddBug","SecretRecord","SecretRecord","SecretRecord","SecretRecord"],"acts_visited":["Exordium","TheCity"],"potions_floor_usage":[27,29],"damage_taken":[{"damage":4,"enemies":"2 Louse","floor":1,"turns":3},{"damage":0,"enemies":"Cultist","floor":3,"turns":3},{"damage":0,"enemies":"conspire:RoseBush","floor":4,"turns":2},{"damage":0,"enemies":"conspire:2 RoseBushes","floor":5,"turns":4},{"damage":0,"enemies":"Gremlin Nob","floor":10,"turns":4},{"damage":5,"enemies":"HollowMod:MossKnight","floor":12,"turns":3},{"damage":13,"enemies":"Slime Boss","floor":16,"turns":4},{"damage":0,"enemies":"Spheric Guardian","floor":18,"turns":3},{"damage":0,"enemies":"3 Byrds","floor":21,"turns":3},{"damage":20,"enemies":"Snecko","floor":22,"turns":5},{"damage":10,"enemies":"Snake Plant","floor":25,"turns":2},{"damage":10,"enemies":"Shelled Parasite and Fungi","floor":27,"turns":3},{"damage":41,"enemies":"Nightmare","floor":29,"turns":3}],"seed_played":"4753574400516197634","potions_obtained":[{"floor":10,"key":"MagicPotion:ReiMu"},{"floor":22,"key":"Block Potion"}],"is_trial":false,"path_per_floor":["M","?","M","M","M","R","$","R","T","E","R","E","?","$","R","B",null,"M","?","$","M","M","R","$","M","T","M","?","NM"],"character_chosen":"DEFECT","items_purchased":["Emotion Chip","Crystallizer","Raider\u0027s Mask","MerchantsRug","Membership Card","Runic Capacitor","MealTicket","Time Bomb","Gash","Reprogram","Gash","Pen Nib"],"campfire_rested":0,"item_purchase_floors":[0,0,0,0,0,0,0,0,7,14,20,20],"current_hp_per_floor":[71,71,71,71,71,71,75,75,75,75,75,70,70,75,75,62,75,75,75,75,75,55,55,70,60,60,50,34,0,0],"gold":244,"neow_bonus":"","is_daily":false,"chose_seed":false,"campfire_upgraded":5,"win_rate":0.0,"timestamp":1609509429,"path_taken":["M","?","M","M","M","R","?","R","T","E","R","E","?","?","R","BOSS","M","?","$","M","M","R","?","M","T","?","?","NM"],"items_purchased_type":["Relic","Card","Relic","Relic","Relic","Relic","Relic","Card","Card","Card","Card","Relic"],"build_version":"2020-12-22","purchased_purges":1,"victory":false,"max_hp_per_floor":[75,75,75,75,75,75,75,75,75,75,75,75,75,75,75,75,75,75,75,75,75,75,75,75,75,75,75,75,75,75],"card_choices":[{"not_picked":["Leap","Chill","AT_HeatAcrobatics"],"picked":"SKIP","floor":1},{"not_picked":["Stack","Barrage","Streamline"],"picked":"SKIP","floor":3},{"not_picked":["Rebound","Stack"],"picked":"Mirror Shield","floor":4},{"not_picked":["Rip and Tear","Go for the Eyes","aspiration:Polymerization"],"picked":"SKIP","floor":5},{"not_picked":["Recycle","Skim"],"picked":"Beam Cell","floor":10},{"not_picked":["AT_ThunderBolt","Turbo"],"picked":"ReplayGash","floor":12},{"not_picked":["Seek","Hyperbeam"],"picked":"Creative AI","floor":16},{"not_picked":["Recycle+1","Auto Shields","Leap"],"picked":"SKIP","floor":18},{"not_picked":["Go for the Eyes","Rebound","Steam"],"picked":"SKIP","floor":21},{"not_picked":["Go for the Eyes+1","AT_ThreeBodyProblem"],"picked":"Aggregate","floor":22},{"not_picked":["Compile Driver+1","Skim","Stack"],"picked":"SKIP","floor":25},{"not_picked":["AT_HeatAcrobatics","BasicCrystalCard"],"picked":"Hello World","floor":27}],"player_experience":406177,"relics_obtained":[{"floor":1,"key":"AddBug"},{"floor":9,"key":"Dota2Spire:MagicBottle"},{"floor":10,"key":"AT_ChloranthyRing"},{"floor":12,"key":"SecretRecord"},{"floor":12,"key":"Blood Vial"},{"floor":18,"key":"SecretRecord"},{"floor":26,"key":"MoreBug"},{"floor":27,"key":"SecretRecord"},{"floor":28,"key":"Replay:Blank Codex"}],"event_choices":[{"damage_healed":0,"gold_gain":0,"player_choice":"Upgraded","damage_taken":0,"max_hp_gain":0,"max_hp_loss":0,"event_name":"Upgrade Shrine","floor":2,"gold_loss":0,"cards_upgraded":["Crystallizer"]},{"damage_healed":0,"gold_gain":0,"player_choice":"Bet on Owner","damage_taken":0,"max_hp_gain":0,"max_hp_loss":0,"event_name":"The Joust","floor":19,"gold_loss":50},{"damage_healed":0,"gold_gain":0,"player_choice":"Obtained Book","damage_taken":16,"max_hp_gain":0,"max_hp_loss":0,"event_name":"Cursed Tome","floor":28,"gold_loss":0}],"is_beta":false,"boss_relics":[{"not_picked":["AddBug","Velvet Choker"],"picked":"Replay:Grab Bag"}],"items_purged_floors":[0],"is_endless":false,"potions_floor_spawned":[5,10,12,22,27],"killed_by":"Nightmare","ascension_level":3}}