{"host":"4amhfzfsa6iuwytm","time":1609521197,"event":{"mods":["2.2 Compatiblity","BaseMod","Colored Map","Filter the Spire","Highlight Path","Minty Spire (QoL Compilation)","Relic Stats","StSLib","ojb\u0027s Info Mod"],"gold_per_floor":[116,116,143,143,153,153,171,181,208,239,250,266,266,295,295,397,397,412,425,118,138,156,156,191,106,132,162,261,286,297,297,297,396,396,406,9447,9003,9003,10020,10046,10056,10056,10056,10056,10070,10070,10089,10089,10089,10089,10089,10089,9633,9658,9658],"floor_reached":56,"playtime":3173,"items_purged":[],"score":1775,"play_id":"7be4e7a4-795d-4b2e-83a7-43ece9bc9359","local_time":"20210101111317","is_ascension_mode":false,"campfire_choices":[{"data":"Dropkick","floor":6,"key":"SMITH"},{"data":"Dropkick","floor":15,"key":"SMITH"},{"data":"Beam Cell","floor":23,"key":"SMITH"},{"floor":32,"key":"RECALL"},{"floor":42,"key":"REST"},{"floor":44,"key":"REST"},{"floor":46,"key":"REST"},{"floor":49,"key":"REST"},{"floor":52,"key":"REST"}],"circlet_count":2,"master_deck":["Dropkick+1","Dropkick+1","Dropkick+1","Dropkick+1","Dropkick+1"],"relics":["Nuclear Battery","Bag of Marbles","Bag of Marbles","Bag of Marbles","Circlet","Whetstone","DataDisk","War Paint","Blood Vial","SacredBark","Orrery","Potion Belt","Ancient Tea Set","Tiny Chest","Bag of Marbles","Bottled Flame","Vajra","Shuriken","Shuriken","Shuriken","Shuriken","Shuriken","Shuriken","Shuriken","Shuriken","Shuriken","Shuriken","Inserter","Old Coin","Old Coin","Old Coin","Old Coin","Old Coin","Old Coin","Old Coin","Old Coin","Old Coin","Old Coin","Old Coin","Old Coin","Old Coin","Old Coin","Old Coin","Old Coin","Old Coin","Old Coin","Old Coin","Old Coin","Old Coin","Old Coin","Old Coin","Old Coin","Old Coin","Old Coin","Old Coin","Old Coin","Old Coin","Old Coin","Old Coin","Old Coin","Cables","Oddly Smooth Stone","Sling","WingedGreaves","CeramicFish","Centennial Puzzle","ClockworkSouvenir","Bag of Preparation","WingedGreaves","Strawberry","Potion Belt","Lee\u0027s Waffle","Nunchaku","Orichalcum","InkBottle","TungstenRod"],"acts_visited":["Exordium","TheCity","TheBeyond","TheEnding"],"potions_floor_usage":[],"damage_taken":[{"damage":0,"enemies":"Jaw Worm","floor":1,"turns":1},{"damage":0,"enemies":"Cultist","floor":5,"turns":1},{"damage":0,"enemies":"Small Slimes","floor":7,"turns":1},{"damage":0,"enemies":"3 Louse","floor":8,"turns":1},{"damage":0,"enemies":"3 Sentries","floor":10,"turns":1},{"damage":0,"enemies":"Blue Slaver","floor":11,"turns":1},{"damage":0,"enemies":"Looter","floor":12,"turns":1},{"damage":0,"enemies":"Gremlin Nob","floor":14,"turns":1},{"damage":0,"enemies":"Slime Boss","floor":16,"turns":1},{"damage":0,"enemies":"3 Byrds","floor":18,"turns":1},{"damage":0,"enemies":"Spheric Guardian","floor":19,"turns":1},{"damage":0,"enemies":"Centurion and Healer","floor":21,"turns":1},{"damage":0,"enemies":"Snecko","floor":22,"turns":1},{"damage":0,"enemies":"Book of Stabbing","floor":24,"turns":1},{"damage":0,"enemies":"Gremlin Leader","floor":27,"turns":1},{"damage":0,"enemies":"Snake Plant","floor":30,"turns":1},{"damage":0,"enemies":"Champ","floor":33,"turns":1},{"damage":9,"enemies":"3 Shapes","floor":35,"turns":1},{"damage":0,"enemies":"Giant Head","floor":40,"turns":1},{"damage":0,"enemies":"3 Darklings","floor":41,"turns":1},{"damage":0,"enemies":"Maw","floor":45,"turns":1},{"damage":0,"enemies":"Sphere and 2 Shapes","floor":47,"turns":1},{"damage":0,"enemies":"Donu and Deca","floor":50,"turns":1},{"damage":0,"enemies":"Shield and Spear","floor":54,"turns":1},{"damage":37,"enemies":"The Heart","floor":55,"turns":3}],"seed_played":"-2959602155461468009","potions_obtained":[{"floor":7,"key":"Explosive Potion"},{"floor":10,"key":"Weak Potion"},{"floor":16,"key":"LiquidMemories"},{"floor":21,"key":"Swift Potion"},{"floor":27,"key":"Strength Potion"},{"floor":47,"key":"GamblersBrew"}],"is_trial":false,"path_per_floor":["M","?","T","$","M","R","M","M","T","E","M","M","$","E","R","B",null,"M","M","$","M","M","R","E","?","T","E","?","T","M","?","R","B",null,"M","$","$","T","?","E","M","R","T","R","M","R","M","?","R","B",null,"R","$","E","B",null],"character_chosen":"DEFECT","items_purchased":["Orrery","Potion Belt","Cables","Oddly Smooth Stone","Sling","CeramicFish","Centennial Puzzle","ClockworkSouvenir","Lee\u0027s Waffle","Nunchaku","Orichalcum"],"campfire_rested":5,"item_purchase_floors":[20,20,36,36,36,37,37,37,53,53,53],"current_hp_per_floor":[75,75,75,75,75,75,75,75,75,75,75,75,75,75,75,75,75,75,75,75,75,75,75,75,75,75,75,75,75,75,75,75,75,75,66,66,66,66,66,75,77,82,82,82,82,82,82,82,82,82,82,82,89,89,52],"gold":9658,"neow_bonus":"BOSS_RELIC","is_daily":false,"chose_seed":false,"campfire_upgraded":3,"win_rate":0.0,"timestamp":1609521197,"path_taken":["M","?","?","$","?","R","M","M","T","E","M","M","$","E","R","BOSS","M","M","$","M","M","R","E","?","T","E","?","?","M","?","R","BOSS","M","$","$","?","?","E","M","R","T","R","M","R","M","?","R","BOSS","R","$","E","BOSS"],"items_purchased_type":["Relic","Relic","Relic","Relic","Relic","Relic","Relic","Relic","Relic","Relic","Relic"],"build_version":"2020-12-22","purchased_purges":0,"victory":true,"max_hp_per_floor":[75,75,75,75,75,75,75,75,75,75,75,75,75,75,75,75,75,75,75,75,75,75,75,75,75,75,75,75,75,75,75,75,75,75,75,75,75,75,75,82,82,82,82,82,82,82,82,82,82,82,82,82,89,89,89],"relic_stats":{"Lee\u0027s Waffle":7,"Inserter":[5],"counters":[25,27],"CeramicFish":18,"Bag of Preparation":[0],"Whetstone":["Dropkick","Dropkick"],"War Paint":[],"Orichalcum":[18],"Cables":[9,0,0,0,9],"Blood Vial":4,"Centennial Puzzle":[1],"Nunchaku":[2],"Shuriken":[250],"Tiny Chest":1,"obtain_stats":[{"SacredBark":17,"CeramicFish":37,"Vajra":29,"Bag of Preparation":38,"Whetstone":3,"Ancient Tea Set":24,"Sling":36,"Old Coin":36,"ClockworkSouvenir":37,"Blood Vial":14,"Centennial Puzzle":37,"Nunchaku":53,"Strawberry":40,"Tiny Chest":25,"WingedGreaves":36,"Cracked Core":0,"InkBottle":54,"Potion Belt":20,"Lee\u0027s Waffle":53,"Inserter":34,"Circlet":2,"Oddly Smooth Stone":36,"War Paint":10,"Orichalcum":53,"Nuclear Battery":0,"Cables":36,"DataDisk":9,"Bottled Flame":27,"Shuriken":33,"Orrery":20,"Bag of Marbles":0,"TungstenRod":55},{"SacredBark":9,"CeramicFish":18,"Vajra":15,"Bag of Preparation":18,"Whetstone":1,"Ancient Tea Set":14,"Sling":18,"Old Coin":18,"ClockworkSouvenir":18,"Blood Vial":8,"Centennial Puzzle":18,"Nunchaku":23,"Strawberry":19,"Tiny Chest":14,"WingedGreaves":18,"Cracked Core":0,"InkBottle":24,"Potion Belt":11,"Lee\u0027s Waffle":23,"Inserter":17,"Circlet":1,"Oddly Smooth Stone":18,"War Paint":5,"Orichalcum":23,"Nuclear Battery":0,"Cables":18,"DataDisk":4,"Bottled Flame":15,"Shuriken":17,"Orrery":11,"Bag of Marbles":0,"TungstenRod":25},{"SacredBark":9,"CeramicFish":18,"Vajra":15,"Bag of Preparation":18,"Whetstone":1,"Ancient Tea Set":14,"Sling":18,"Old Coin":18,"ClockworkSouvenir":18,"Blood Vial":8,"Centennial Puzzle":18,"Nunchaku":23,"Strawberry":19,"Tiny Chest":14,"WingedGreaves":18,"Cracked Core":0,"InkBottle":24,"Potion Belt":11,"Lee\u0027s Waffle":23,"Inserter":17,"Circlet":1,"Oddly Smooth Stone":18,"War Paint":5,"Orichalcum":23,"Nuclear Battery":0,"Cables":18,"DataDisk":4,"Bottled Flame":15,"Shuriken":17,"Orrery":11,"Bag of Marbles":0,"TungstenRod":25}],"InkBottle":[0],"TungstenRod":19},"card_choices":[{"not_picked":["Sweeping Beam","Hologram","Double Energy"],"picked":"SKIP","floor":1},{"not_picked":["Hologram","Recycle","Go for the Eyes"],"picked":"SKIP","floor":5},{"not_picked":["Sweeping Beam","Compile Driver","Hello World"],"picked":"SKIP","floor":7},{"not_picked":["Reprogram","Chaos","Leap"],"picked":"SKIP","floor":8},{"not_picked":["Stack","Amplify","Ball Lightning"],"picked":"SKIP","floor":10},{"not_picked":["Hologram","Steam","Ball Lightning"],"picked":"SKIP","floor":11},{"not_picked":["Reprogram","Go for the Eyes","Compile Driver"],"picked":"SKIP","floor":12},{"not_picked":["Steam","Hello World","Leap"],"picked":"SKIP","floor":14},{"not_picked":["Beam Cell","Rebound","Stack"],"picked":"SKIP","floor":18},{"not_picked":["Static Discharge","Beam Cell","Ball Lightning"],"picked":"SKIP","floor":19},{"not_picked":["Compile Driver","Conserve Battery+1","Coolheaded"],"picked":"SKIP","floor":21},{"not_picked":["Steam","Streamline","Scrape"],"picked":"SKIP","floor":22},{"not_picked":["Heatsinks","Turbo","Redo"],"picked":"SKIP","floor":24},{"not_picked":["Undo","Electrodynamics","Self Repair"],"picked":"SKIP","floor":27},{"not_picked":["Steam Power","FTL","Leap+1"],"picked":"SKIP","floor":30},{"not_picked":["Coolheaded","Reinforced Body","Turbo"],"picked":"SKIP","floor":35},{"not_picked":["Hologram+1","Compile Driver+1","Turbo+1"],"picked":"SKIP","floor":40},{"not_picked":["Coolheaded","Amplify","Leap+1"],"picked":"SKIP","floor":41},{"not_picked":["Blizzard+1","Aggregate","Leap"],"picked":"SKIP","floor":45},{"not_picked":["Hologram","Blizzard+1","Sweeping Beam"],"picked":"SKIP","floor":47},{"not_picked":["Redo+1","Gash+1","Tempest"],"picked":"SKIP","floor":54}],"player_experience":126897,"relics_obtained":[{"floor":3,"key":"Whetstone"},{"floor":9,"key":"DataDisk"},{"floor":10,"key":"War Paint"},{"floor":14,"key":"Blood Vial"},{"floor":24,"key":"Ancient Tea Set"},{"floor":26,"key":"Bag of Marbles"},{"floor":27,"key":"Bottled Flame"},{"floor":29,"key":"Vajra"},{"floor":38,"key":"Bag of Preparation"},{"floor":40,"key":"Strawberry"},{"floor":54,"key":"InkBottle"}],"event_choices":[{"damage_healed":0,"gold_gain":0,"player_choice":"Grow","damage_taken":0,"max_hp_gain":0,"max_hp_loss":0,"event_name":"Living Wall","floor":2,"gold_loss":0,"cards_upgraded":["Dropkick"]},{"damage_healed":0,"gold_gain":0,"player_choice":"Obtained Relic","damage_taken":0,"relics_obtained":["Tiny Chest"],"max_hp_gain":0,"max_hp_loss":0,"event_name":"Addict","floor":25,"gold_loss":85},{"damage_healed":0,"gold_gain":99,"player_choice":"Stole From Cult","damage_taken":0,"max_hp_gain":0,"max_hp_loss":0,"event_name":"Nest","floor":28,"gold_loss":0},{"damage_healed":0,"gold_gain":0,"player_choice":"Ignored","damage_taken":0,"max_hp_gain":0,"max_hp_loss":0,"event_name":"Upgrade Shrine","floor":31,"gold_loss":0},{"damage_healed":0,"gold_gain":999,"player_choice":"Gold","damage_taken":0,"max_hp_gain":0,"max_hp_loss":0,"event_name":"MindBloom","floor":39,"gold_loss":0,"cards_obtained":["Normality","Normality"]},{"damage_healed":0,"gold_gain":0,"player_choice":"Ignored","damage_taken":0,"max_hp_gain":0,"max_hp_loss":0,"event_name":"NoteForYourself","floor":48,"gold_loss":0}],"is_beta":false,"boss_relics":[{"not_picked":["Sozu","Tiny House"],"picked":"SacredBark"},{"not_picked":["Pandora\u0027s Box","Astrolabe"],"picked":"Inserter"}],"items_purged_floors":[],"is_endless":false,"potions_floor_spawned":[7,10,16,18,21,27,35,45,47],"ascension_level":0}}