{"host":"71akxjf7cjo3bhmj","time":1609527615,"event":{"mods":["AchievementEnabler","BaseMod","Colored Powertips","Minty Spire (QoL Compilation)"],"gold_per_floor":[119,119,22,22,32,65,83,103,155,189,199,213,228,242,242,339,389,400,420,430,400,417,417,444,456,495,519,531,38,66,83,83,83,83],"floor_reached":33,"playtime":3295,"items_purged":["Strike_R"],"score":378,"play_id":"a2c11216-712a-4717-8c95-0be0007762be","local_time":"20210101200015","is_ascension_mode":false,"campfire_choices":[{"data":"Armaments","floor":15,"key":"SMITH"},{"data":"Armaments","floor":23,"key":"SMITH"},{"data":"Body Slam","floor":25,"key":"SMITH"},{"floor":32,"key":"REST"}],"circlet_count":0,"master_deck":["Strike_R","Strike_R","Strike_R","Strike_R","Defend_R","Defend_R","Defend_R","Defend_R+1","Bash","Armaments+1","Iron Wave","Armaments+1","Flame Barrier","Rage","Shrug It Off","Fire Breathing","Body Slam+1","Flex","Rage","Spot Weakness","Double Tap","Body Slam","Body Slam","Body Slam","Body Slam","Armaments","Metallicize+1","Shrug It Off+1"],"relics":["Burning Blood","NeowsBlessing","Matryoshka","Potion Belt","Bag of Preparation","Singing Bowl","Tiny House","MawBank","Strawberry","Tiny Chest","Pantograph","Toxic Egg 2"],"acts_visited":["Exordium","TheCity"],"potions_floor_usage":[10,10,10,16,18,20,20,22,24,24,29,29,30,30,30,31,33],"damage_taken":[{"damage":0,"enemies":"Jaw Worm","floor":1,"turns":1},{"damage":0,"enemies":"Cultist","floor":5,"turns":1},{"damage":0,"enemies":"3 Sentries","floor":6,"turns":2},{"damage":0,"enemies":"Small Slimes","floor":7,"turns":4},{"damage":0,"enemies":"Blue Slaver","floor":8,"turns":6},{"damage":31,"enemies":"Gremlin Nob","floor":10,"turns":6},{"damage":0,"enemies":"Gremlin Gang","floor":11,"turns":7},{"damage":0,"enemies":"Large Slime","floor":12,"turns":9},{"damage":0,"enemies":"Exordium Wildlife","floor":13,"turns":5},{"damage":3,"enemies":"Exordium Thugs","floor":14,"turns":5},{"damage":34,"enemies":"Slime Boss","floor":16,"turns":11},{"damage":36,"enemies":"Spheric Guardian","floor":18,"turns":8},{"damage":0,"enemies":"Shell Parasite","floor":19,"turns":2},{"damage":0,"enemies":"Snake Plant","floor":20,"turns":4},{"damage":0,"enemies":"3 Cultists","floor":22,"turns":5},{"damage":47,"enemies":"Book of Stabbing","floor":24,"turns":7},{"damage":10,"enemies":"Shelled Parasite and Fungi","floor":27,"turns":8},{"damage":7,"enemies":"Slavers","floor":30,"turns":8},{"damage":48,"enemies":"Chosen and Byrds","floor":31,"turns":8},{"damage":117,"enemies":"Automaton","floor":33,"turns":14}],"seed_played":"1883244671873817739","potions_obtained":[{"floor":4,"key":"SkillPotion"},{"floor":4,"key":"BlessingOfTheForge"},{"floor":4,"key":"BloodPotion"},{"floor":5,"key":"PowerPotion"},{"floor":6,"key":"BlessingOfTheForge"},{"floor":8,"key":"BlessingOfTheForge"},{"floor":11,"key":"BloodPotion"},{"floor":14,"key":"DistilledChaos"},{"floor":16,"key":"LiquidMemories"},{"floor":17,"key":"EssenceOfSteel"},{"floor":18,"key":"PowerPotion"},{"floor":20,"key":"LiquidMemories"},{"floor":21,"key":"ElixirPotion"},{"floor":21,"key":"ElixirPotion"},{"floor":22,"key":"Energy Potion"},{"floor":24,"key":"Dexterity Potion"},{"floor":27,"key":"BloodPotion"}],"is_trial":false,"path_per_floor":["M","?","$","?","M","E","M","M","T","E","M","M","M","M","R","B",null,"M","M","M","?","M","R","E","R","T","M","?","$","E","M","R","B"],"character_chosen":"IRONCLAD","items_purchased":["Iron Wave","Armaments","Pantograph","Body Slam","Armaments","SpeedPotion","ColorlessPotion"],"campfire_rested":1,"item_purchase_floors":[3,3,29,29,29,29,29],"current_hp_per_floor":[80,73,73,73,79,80,80,80,80,55,61,69,75,78,78,50,87,76,84,90,90,91,91,52,52,59,57,47,87,86,44,74,0,0],"gold":83,"neow_bonus":"THREE_ENEMY_KILL","is_daily":false,"chose_seed":false,"campfire_upgraded":3,"win_rate":0.0,"timestamp":1609527615,"path_taken":["M","?","$","?","M","E","M","?","T","E","M","M","M","M","R","BOSS","M","M","M","?","M","R","E","R","T","?","?","$","E","?","R","BOSS"],"items_purchased_type":["Card","Card","Relic","Card","Card","Potion","Potion"],"build_version":"2020-12-22","purchased_purges":1,"victory":false,"max_hp_per_floor":[80,80,80,80,80,80,80,80,80,80,80,82,82,82,82,82,87,89,91,91,91,91,91,93,93,100,102,102,102,102,102,102,102,102],"card_choices":[{"not_picked":["Cleave","Havoc"],"picked":"Armaments","floor":1},{"not_picked":["Armaments","Dark Embrace"],"picked":"Flame Barrier","floor":5},{"not_picked":["Thunderclap","Second Wind"],"picked":"Rage","floor":6},{"not_picked":["Whirlwind","Second Wind"],"picked":"Shrug It Off","floor":7},{"not_picked":["Rampage","Inflame"],"picked":"Fire Breathing","floor":8},{"not_picked":["Reckless Charge","Flame Barrier"],"picked":"Body Slam","floor":10},{"not_picked":["Pommel Strike","Warcry"],"picked":"Flex","floor":11},{"not_picked":["Burning Pact","Seeing Red","Pommel Strike"],"picked":"Singing Bowl","floor":12},{"not_picked":["Uppercut","Reckless Charge"],"picked":"Rage","floor":13},{"not_picked":["Warcry","Headbutt"],"picked":"Spot Weakness","floor":14},{"not_picked":["Feed","Demon Form"],"picked":"Double Tap","floor":16},{"not_picked":["Twin Strike","Wild Strike"],"picked":"Body Slam","floor":17},{"not_picked":["Whirlwind","Havoc","Clothesline"],"picked":"Singing Bowl","floor":18},{"not_picked":["Dropkick","Shrug It Off","Uppercut"],"picked":"Singing Bowl","floor":19},{"not_picked":["Thunderclap+1","Battle Trance"],"picked":"Body Slam","floor":20},{"not_picked":["Pummel","Flex+1"],"picked":"Body Slam","floor":22},{"not_picked":["Second Wind","Feed","Perfected Strike"],"picked":"Singing Bowl","floor":24},{"not_picked":["Perfected Strike","Warcry+1","Pommel Strike+1"],"picked":"Singing Bowl","floor":27},{"not_picked":["Twin Strike+1","Flex+1"],"picked":"Metallicize+1","floor":30},{"not_picked":["Sever Soul","Hemokinesis"],"picked":"Shrug It Off+1","floor":31}],"player_experience":132057,"relics_obtained":[{"floor":6,"key":"Potion Belt"},{"floor":9,"key":"Bag of Preparation"},{"floor":10,"key":"Singing Bowl"},{"floor":24,"key":"MawBank"},{"floor":26,"key":"Strawberry"},{"floor":26,"key":"Tiny Chest"},{"floor":30,"key":"Toxic Egg 2"}],"event_choices":[{"damage_healed":0,"gold_gain":0,"player_choice":"Success","damage_taken":7,"relics_obtained":["Matryoshka"],"max_hp_gain":0,"max_hp_loss":0,"event_name":"Scrap Ooze","floor":2,"gold_loss":0},{"damage_healed":0,"gold_gain":0,"player_choice":"Got Potions","damage_taken":0,"max_hp_gain":0,"max_hp_loss":0,"event_name":"Lab","floor":4,"gold_loss":0},{"damage_healed":0,"gold_gain":0,"player_choice":"Bought 2 Potions","damage_taken":0,"max_hp_gain":0,"max_hp_loss":0,"event_name":"The Woman in Blue","floor":21,"gold_loss":0},{"damage_healed":0,"gold_gain":0,"player_choice":"Damaged","damage_taken":10,"max_hp_gain":0,"max_hp_loss":0,"event_name":"Wheel of Change","floor":28,"gold_loss":0}],"is_beta":false,"boss_relics":[{"not_picked":["Philosopher\u0027s Stone","Coffee Dripper"],"picked":"Tiny House"}],"items_purged_floors":[29],"is_endless":false,"potions_floor_spawned":[5,6,8,11,14,16,18,20,22,24,27],"killed_by":"Automaton","ascension_level":0}}