{"host":"coame8l8goqx0svj","time":1609497485,"event":{"mods":["BaseMod","Downfall","Minty Spire (QoL Compilation)","StSLib"],"gold_per_floor":[349,361,361,372,158,158,184,109,128,128,143,128,144,176,188,188,188,188],"floor_reached":16,"playtime":933,"items_purged":["sneckomod:Bewildered"],"score":153,"play_id":"c705ebf7-f9f9-4b06-a899-f43317f85fb4","local_time":"20210101113805","is_ascension_mode":true,"campfire_choices":[{"floor":1,"key":"RECALL"},{"floor":8,"key":"REST"},{"data":"Slimebound:Split","floor":10,"key":"SMITH"}],"circlet_count":0,"master_deck":["AscendersBane","Slimebound:Strike_Slimebound","Slimebound:Strike_Slimebound","Slimebound:Tackle","Slimebound:Defend_Slimebound","Slimebound:Defend_Slimebound","Slimebound:Defend_Slimebound","Slimebound:Defend_Slimebound","Slimebound:Split+1","Slimebound:CorrosiveSpit","Slimebound:SpikyOuterGoop","Slimebound:AcidTongue","Slimebound:DuplicatedForm","Slimebound:Gluttony","Slimebound:GrowthPunch","Slimebound:Grow","Slimebound:Equalize","Slimebound:LeechEnergy","Slimebound:TongueLash"],"relics":["Slimebound:AbsorbEndCombat","downfall:ShatteredFragment","Vajra","downfall:HeartBlessingRed","champ:DuelingGlove"],"acts_visited":["Exordium"],"potions_floor_usage":[16,16],"damage_taken":[{"damage":16,"enemies":"Cultist","floor":2,"turns":5},{"damage":21,"enemies":"Small Slimes","floor":4,"turns":5},{"damage":7,"enemies":"downfall:FleeingMerchant","floor":5,"turns":4},{"damage":6,"enemies":"Jaw Worm","floor":9,"turns":3},{"damage":20,"enemies":"Exordium Thugs","floor":11,"turns":4},{"damage":10,"enemies":"downfall:FleeingMerchant","floor":12,"turns":4},{"damage":17,"enemies":"Large Slime","floor":13,"turns":5},{"damage":39,"enemies":"Lagavulin","floor":14,"turns":5},{"damage":29,"enemies":"Exordium Thugs","floor":15,"turns":4},{"damage":44,"enemies":"downfall:Watcher","floor":16,"turns":5}],"seed_played":"-1001363748973320163","potions_obtained":[{"floor":9,"key":"Guardian:BlockOnCardUsePotion"},{"floor":14,"key":"PowerPotion"},{"floor":15,"key":"Fire Potion"}],"is_trial":false,"path_per_floor":["R","M","?","M","$","?","T","R","M","R","M","$","M","E","M","B"],"character_chosen":"SLIMEBOUND","items_purchased":["Slimebound:Gluttony","Slimebound:GrowthPunch"],"campfire_rested":1,"item_purchase_floors":[5,5],"current_hp_per_floor":[54,48,48,35,36,18,18,36,42,42,42,52,59,50,37,0,0,0],"gold":188,"neow_bonus":"TWO_FIFTY_GOLD","is_daily":false,"chose_seed":false,"campfire_upgraded":1,"win_rate":0.0,"timestamp":1609497485,"path_taken":["R","M","?","M","$","?","T","R","M","R","M","?","?","E","M","BOSS"],"items_purchased_type":["Card","Card"],"build_version":"2020-12-22","purchased_purges":1,"victory":false,"max_hp_per_floor":[60,60,60,60,60,60,60,60,60,60,60,60,60,60,60,60,60,60],"card_choices":[{"not_picked":["Slimebound:ViciousTackle","Slimebound:ServeAndProtect"],"picked":"Slimebound:SpikyOuterGoop","floor":2},{"not_picked":["Slimebound:SlimeBrawl","Slimebound:SlimeSpikes"],"picked":"Slimebound:AcidTongue","floor":4},{"not_picked":["Slimebound:DivideAndConquer","Slimebound:Repurpose"],"picked":"Slimebound:DuplicatedForm","floor":5},{"not_picked":["Slimebound:ComboTackle","Slimebound:GoopSpray","Slimebound:SplitBruiser"],"picked":"SKIP","floor":9},{"not_picked":["Slimebound:SplitAcid","Slimebound:ForwardTackle"],"picked":"Slimebound:Grow","floor":11},{"not_picked":["Slimebound:HungryTackle","Slimebound:MegaLick"],"picked":"Slimebound:Equalize","floor":12},{"not_picked":["Slimebound:HungryTackle","Slimebound:SplitLeeching"],"picked":"Slimebound:LeechEnergy","floor":13},{"not_picked":["Slimebound:ProtectTheBoss","Slimebound:LeechingTouch","Slimebound:SlimeSpikes"],"picked":"SKIP","floor":14},{"not_picked":["Slimebound:ProtectTheBoss","Slimebound:FinishingTackle"],"picked":"Slimebound:TongueLash","floor":15}],"player_experience":1727547,"relics_obtained":[{"floor":7,"key":"Vajra"},{"floor":14,"key":"champ:DuelingGlove"}],"event_choices":[],"is_beta":false,"boss_relics":[],"items_purged_floors":[5],"is_endless":false,"potions_floor_spawned":[9,14,15],"killed_by":"downfall:Watcher","ascension_level":10}}