{"host":"51qmnr9isyv85d0p","time":1609500255,"event":{"mods":["AchievementEnabler","BaseMod","Colored Map","Colored Powertips","Curses Come First","Downfall","Minty Spire (QoL Compilation)","Relic Stats","StSLib","TestMod","vexMod"],"gold_per_floor":[99,112,9999,9234,9234,9262,9262,9262,9281,8131,8131,7981,7994,8014,8031,8131,8131,8131,8131,8131,8131],"floor_reached":19,"playtime":835,"items_purged":["champ:Defend","Regret"],"score":215,"play_id":"e304732d-485d-4434-b3b0-a74027ad296e","local_time":"20210101192415","is_ascension_mode":true,"campfire_choices":[{"data":"champ:Taunt","floor":1.0,"key":"SMITH"},{"data":"champ:DefensiveStyle","floor":8.0,"key":"SMITH"},{"data":"Thinking Ahead","floor":11.0,"key":"SMITH"},{"data":"champ:SteelEdge","floor":18.0,"key":"SMITH"}],"circlet_count":0,"master_deck":["champ:Strike","champ:Strike","champ:Strike","champ:Strike","champ:Defend","champ:Defend","champ:Defend","champ:Execute","champ:Taunt+1","champ:ShieldSigil","champ:DefensiveStyle+1","champ:StanceDance","Thinking Ahead+1","champ:HoldFirm","champ:SteelEdge+1","CurseOfTheBell"],"relics":["champ:ChampionCrown","testmod-AssaultLearning","testmod-Muramasa","vexMod:RetaliationKit","HornCleat","champ:DefensiveTrainingManual","Question Card","Meat on the Bone","testmod-HeartOfDaVinci","Toolbox","Calling Bell","champ:FightingForDummies","Letter Opener","Peace Pipe"],"acts_visited":["Exordium","TheCity"],"potions_floor_usage":[],"damage_taken":[{"damage":0.0,"enemies":"2 Louse","floor":2.0,"turns":2.0},{"damage":5.0,"enemies":"downfall:FleeingMerchant","floor":4.0,"turns":4.0},{"damage":41.0,"enemies":"3 Sentries","floor":6.0,"turns":9.0},{"damage":12.0,"enemies":"Small Slimes","floor":9.0,"turns":4.0},{"damage":15.0,"enemies":"downfall:FleeingMerchant","floor":10.0,"turns":4.0},{"damage":5.0,"enemies":"Cultist","floor":13.0,"turns":2.0},{"damage":0.0,"enemies":"Lots of Slimes","floor":14.0,"turns":1.0},{"damage":11.0,"enemies":"Large Slime","floor":15.0,"turns":4.0},{"damage":13.0,"enemies":"downfall:Ironclad","floor":16.0,"turns":8.0},{"damage":0,"enemies":"Chosen","floor":19,"turns":1}],"seed_played":"3675925044075364533","potions_obtained":[{"floor":2.0,"key":"Block Potion"},{"floor":14.0,"key":"testmod-TestPotion"}],"is_trial":false,"path_per_floor":["R","M","?","$","?","E","T","R","M","$","R","?","M","M","M","B",null,"R","M"],"character_chosen":"THE_CHAMP","items_purchased":["testmod-Muramasa","vexMod:RetaliationKit","champ:DefensiveStyle","Meat on the Bone","testmod-HeartOfDaVinci","Toolbox","Thinking Ahead","SkillPotion","ColorlessPotion","FairyPotion"],"campfire_rested":0,"item_purchase_floors":[4,4,4,10,10,10,10,10,10,10],"current_hp_per_floor":[99,99,99,99,99,73,73,73,66,61,61,109,109,109,103,100,109,109,109,109,109],"gold":8131,"neow_bonus":"TEN_PERCENT_HP_BONUS","is_daily":false,"chose_seed":false,"campfire_upgraded":4,"win_rate":0.0,"timestamp":1609500255,"path_taken":["R","M","?","$","?","E","T","R","M","$","R","?","?","?","M","BOSS","R","M"],"items_purchased_type":["Relic","Relic","Card","Relic","Relic","Relic","Card","Potion","Potion","Potion"],"build_version":"2020-12-22","purchased_purges":2,"victory":false,"max_hp_per_floor":[99,99,99,99,99,99,99,99,99,99,99,109,109,109,109,109,109,109,109,109,109],"relic_stats":{"Peace Pipe":0,"counters":[10,38],"Letter Opener":[0],"Question Card":7,"obtain_stats":[{"testmod-Muramasa":4,"testmod-TestBox":0,"champ:ChampionCrown":0,"Letter Opener":17,"Question Card":7,"Calling Bell":17,"Peace Pipe":17,"HornCleat":5,"champ:DefensiveTrainingManual":6,"testmod-AssaultLearning":0,"Toolbox":10,"champ:FightingForDummies":17,"vexMod:RetaliationKit":4,"Meat on the Bone":10,"testmod-HeartOfDaVinci":10},{"testmod-Muramasa":2,"testmod-TestBox":0,"champ:ChampionCrown":0,"Letter Opener":9,"Question Card":3,"Calling Bell":9,"Peace Pipe":9,"HornCleat":2,"champ:DefensiveTrainingManual":3,"testmod-AssaultLearning":0,"Toolbox":5,"champ:FightingForDummies":9,"vexMod:RetaliationKit":2,"Meat on the Bone":5,"testmod-HeartOfDaVinci":5},{"testmod-Muramasa":6,"testmod-TestBox":0,"champ:ChampionCrown":0,"Letter Opener":38,"Question Card":15,"Calling Bell":38,"Peace Pipe":38,"HornCleat":6,"champ:DefensiveTrainingManual":15,"testmod-AssaultLearning":0,"Toolbox":23,"champ:FightingForDummies":38,"vexMod:RetaliationKit":6,"Meat on the Bone":23,"testmod-HeartOfDaVinci":23}],"Meat on the Bone":0},"card_choices":[{"not_picked":["champ:Shatter","champ:GutPunch"],"picked":"champ:ShieldSigil","floor":2.0},{"not_picked":["champ:FlashCut","champ:IgnorePain","champ:Circumvent"],"picked":"SKIP","floor":4.0},{"not_picked":["champ:FocusedGladiator","champ:GutPunch","champ:FlashCut"],"picked":"SKIP","floor":6.0},{"not_picked":["champ:CrookedStrike","champ:AdrenalArmor","champ:Shatter","champ:Control"],"picked":"SKIP","floor":9.0},{"not_picked":["champ:BerserkersShout","champ:FocusedBerserking","champ:FlashCut"],"picked":"champ:StanceDance","floor":10.0},{"not_picked":["champ:Circumvent","champ:AdrenalArmor","champ:FocusedGladiator","champ:Haymaker"],"picked":"SKIP","floor":13.0},{"not_picked":["champ:PerfectedStrike","champ:FaceSlap","champ:CrookedStrike"],"picked":"champ:HoldFirm","floor":14.0},{"not_picked":["champ:BerserkersShout","champ:ShieldSigil","champ:Haymaker","champ:BladeFlurry"],"picked":"SKIP","floor":15.0},{"not_picked":["champ:VampiricStrike","champ:LastStand","champ:EnchantShield"],"picked":"champ:SteelEdge","floor":16.0}],"player_experience":59024,"relics_obtained":[{"floor":6.0,"key":"champ:DefensiveTrainingManual"},{"floor":7.0,"key":"Question Card"},{"floor":17.0,"key":"champ:FightingForDummies"},{"floor":17.0,"key":"Letter Opener"},{"floor":17.0,"key":"Peace Pipe"}],"event_choices":[{"damage_healed":0.0,"max_hp_gain":0.0,"max_hp_loss":0.0,"gold_gain":400.0,"event_name":"¶÷ÂåË¹µÄÅÌ×Ó","player_choice":"Sell","floor":3.0,"relics_lost":["testmod-TestBox"],"gold_loss":0.0,"damage_taken":0.0},{"damage_healed":0.0,"max_hp_gain":0.0,"max_hp_loss":0.0,"gold_gain":0.0,"event_name":"Big Fish","player_choice":"Box","floor":5.0,"gold_loss":0.0,"damage_taken":0.0,"relics_obtained":["HornCleat"],"cards_obtained":["Regret"]}],"is_beta":false,"boss_relics":[{"not_picked":["Astrolabe","testmod-Prudence"],"picked":"Calling Bell"}],"items_purged_floors":[4,10],"is_endless":false,"potions_floor_spawned":[2,14,15],"killed_by":"Chosen","ascension_level":3}}