{"host":"bbjnqymry46jz0fa","time":1609507296,"event":{"mods":["BaseMod","DeckTracker","Minty Spire (QoL Compilation)","Quick Restart","StSLib","SuperFastMode"],"gold_per_floor":[110,110,110,110,126,126,152,168,168,54,54,68,93,104,104,104,104],"floor_reached":16,"playtime":217,"items_purged":["Strike_R"],"score":270,"play_id":"068cce47-c048-43ee-b2bc-1ce77cc9fa9b","local_time":"20210101222136","is_ascension_mode":true,"campfire_choices":[{"data":"Wild Strike","floor":6,"key":"SMITH"},{"data":"Dark Embrace","floor":11,"key":"SMITH"},{"data":"Shockwave","floor":15,"key":"SMITH"}],"circlet_count":0,"master_deck":["AscendersBane","Strike_R+1","Strike_R","Strike_R","Strike_R","Defend_R","Defend_R","Defend_R","Defend_R","Bash+1","Wild Strike+1","Shockwave+1","Dark Embrace+1","Pommel Strike","Intimidate","Havoc"],"relics":["Burning Blood","NeowsBlessing","Du-Vu Doll","Mummified Hand","Pantograph","Nunchaku"],"acts_visited":["Exordium"],"potions_floor_usage":[13,13,13,16],"damage_taken":[{"damage":0,"enemies":"2 Louse","floor":1,"turns":2},{"damage":0,"enemies":"Small Slimes","floor":5,"turns":2},{"damage":0,"enemies":"Gremlin Nob","floor":7,"turns":1},{"damage":7,"enemies":"Jaw Worm","floor":8,"turns":2},{"damage":6,"enemies":"Blue Slaver","floor":12,"turns":3},{"damage":20,"enemies":"Lagavulin","floor":13,"turns":4},{"damage":16,"enemies":"Exordium Wildlife","floor":14,"turns":4},{"damage":64,"enemies":"Hexaghost","floor":16,"turns":9}],"seed_played":"7527399731799201699","potions_obtained":[{"floor":8,"key":"Explosive Potion"},{"floor":12,"key":"EntropicBrew"},{"floor":13,"key":"Weak Potion"}],"is_trial":false,"path_per_floor":["M","?","?","T","M","R","E","M","T","$","R","M","E","M","R","B"],"character_chosen":"IRONCLAD","items_purchased":["Dark Embrace"],"campfire_rested":0,"item_purchase_floors":[10],"current_hp_per_floor":[74,51,51,51,57,57,63,62,62,62,62,62,48,38,38,0,0],"gold":104,"neow_bonus":"THREE_ENEMY_KILL","is_daily":false,"chose_seed":false,"campfire_upgraded":3,"win_rate":0.0,"timestamp":1609507296,"path_taken":["M","?","?","?","M","R","E","M","T","?","R","M","E","M","R","BOSS"],"items_purchased_type":["Card"],"build_version":"2020-12-22","purchased_purges":1,"victory":false,"max_hp_per_floor":[75,75,75,75,75,75,75,75,75,75,75,75,75,75,75,75,75],"card_choices":[{"not_picked":["True Grit","Cleave","Armaments"],"picked":"SKIP","floor":1},{"not_picked":["Clothesline","Seeing Red"],"picked":"Wild Strike","floor":5},{"not_picked":["Armaments","Perfected Strike","True Grit"],"picked":"SKIP","floor":7},{"not_picked":["Barricade","Pummel"],"picked":"Shockwave","floor":8},{"not_picked":["Wild Strike","Shrug It Off"],"picked":"Pommel Strike","floor":12},{"not_picked":["Wild Strike","Shrug It Off"],"picked":"Intimidate","floor":13},{"not_picked":["Clothesline","Twin Strike"],"picked":"Havoc","floor":14}],"player_experience":725276,"relics_obtained":[{"floor":4,"key":"Du-Vu Doll"},{"floor":7,"key":"Mummified Hand"},{"floor":9,"key":"Pantograph"},{"floor":13,"key":"Nunchaku"}],"event_choices":[{"damage_healed":0,"gold_gain":0,"player_choice":"Entered Light","damage_taken":23,"max_hp_gain":0,"max_hp_loss":0,"event_name":"Shining Light","floor":2,"gold_loss":0,"cards_upgraded":["Bash","Strike_R"]},{"damage_healed":0,"gold_gain":0,"player_choice":"Ignored","damage_taken":0,"max_hp_gain":0,"max_hp_loss":0,"event_name":"Liars Game","floor":3,"gold_loss":0}],"is_beta":false,"boss_relics":[],"items_purged_floors":[10],"is_endless":false,"potions_floor_spawned":[8,12,13],"killed_by":"Hexaghost","ascension_level":20}}