{"host":"ft2xazkv7v30fddt","time":1609480424,"event":{"mods":["AchievementEnabler","Act Like it!","Aspiration","Astrologer","Bard","BaseMod","Better Altar","Better Match","Better Note","Better Sensory Stone","Better Skull","CapriCore","Chen","Colored Powertips","Downfall","Elementarium","Energized Spire","Gensokyo","GifTheSpireLib","Gremlin Mod","Hallownest","Hermit","Hubris","Infinite Spire","KinomotoSakuraMod(????)","Koishi","Marisa????????","Minty Spire (QoL Compilation)","Pale of the Ancients","Permanent Neow","Potionbrewer","Prisma Mod","Replay The Spire","StSLib","Stuff the Spire","The Blackbeard","The Bladedancer","The Construct","The Cursed","The Forsaken","The Gatherer","The Hayseed","The Immortal","The Runesmith","The Servant 0.9.4","The Showman","The Vixen","TheArtist","TheSwordswoman","Wandering Minibosses","thorton","vexMod"],"gold_per_floor":[0,15,33,47,32,43,97,97,97,110,128,144,594,623,636,739,739,739,763,763,778,797,797,834,834,834,417,417,90,129,18,36,189,189,189,216,216,366,482,519,519,570,570,65,80,99,99],"floor_reached":51,"playtime":2650,"items_purged":["Slimebound:Icky","Slimebound:Icky","Guardian:Strike_Guardian"],"score":998,"play_id":"191b4f33-02da-407c-8bcf-24c4b5dbe88a","local_time":"20210101135344","is_ascension_mode":true,"campfire_choices":[{"data":"Guardian:TwinSlam","floor":1,"key":"SMITH"},{"data":"Guardian:RefractedBeam","floor":9,"key":"SMITH"},{"data":"Guardian:TimeSifter","floor":18,"key":"SMITH"},{"floor":25,"key":"REST"},{"data":"Guardian:Planning","floor":35,"key":"SMITH"},{"data":"expansioncontent:DonusPower","floor":45,"key":"SMITH"}],"circlet_count":0,"master_deck":["Guardian:Strike_Guardian","Guardian:Strike_Guardian","Guardian:Strike_Guardian","Guardian:Defend_Guardian+1","Guardian:Defend_Guardian","Guardian:Defend_Guardian","Guardian:Defend_Guardian","Guardian:CurlUp","Guardian:TwinSlam+1","Guardian:Planning+1","Guardian:PrimingBeam","Guardian:RefractedBeam+1","Guardian:BronzeOrb","Guardian:GuardianWhirl","Guardian:TimeSifter+1","Guardian:BronzeArmor","StuffTheSpire:Vigor","Guardian:PiercingHide","Guardian:Orbwalk","Guardian:TemporalStrike","Guardian:Gem_Lightblue","expansioncontent:DonusPower+1","Guardian:FloatingOrbs+1","Replay:SS_hec_1","StuffTheSpire:PlasmaPunch","Guardian:DecasProtection","Guardian:PolyBeam"],"relics":["Guardian:ModeShifter","hubris:Teleporter","StuffTheSpire:Gunfinga","Regal Pillow","thethorton:GreedFountain","ReplayFunnel","Dream Catcher","hubris:Towel","ReplayTheSpireMod:TigerMarble","aspiration:AnachronicSnailShell","thethorton:BottledFunds","Strawberry","potionbrewer:ToyAutogyro","Replay:Towering Pillar of Hats","potionbrewer:BottledElixir","aspiration:Lifesprig","Guardian:StasisUpgradeRelic","hubris:CuriousFeather"],"acts_visited":["Exordium","TheCity","TheBeyond"],"potions_floor_usage":[5,31,40,50,50,50],"damage_taken":[{"damage":7,"enemies":"Small Slimes","floor":2,"turns":3},{"damage":0,"enemies":"Cultist","floor":3,"turns":3},{"damage":1,"enemies":"2 Louse","floor":4,"turns":3},{"damage":0,"enemies":"downfall:FleeingMerchant","floor":5,"turns":4},{"damage":13,"enemies":"Blue Slaver","floor":6,"turns":3},{"damage":0,"enemies":"Red Slaver","floor":10,"turns":3},{"damage":0,"enemies":"3 Louse","floor":11,"turns":3},{"damage":1,"enemies":"Blue Slaver","floor":12,"turns":2},{"damage":14,"enemies":"Gremlin Nob","floor":14,"turns":3},{"damage":11,"enemies":"Gremlin Gang","floor":15,"turns":4},{"damage":13,"enemies":"downfall:Watcher","floor":16,"turns":8},{"damage":19,"enemies":"Shell Parasite","floor":19,"turns":5},{"damage":27,"enemies":"Shelled Parasite and Fungi","floor":21,"turns":5},{"damage":17,"enemies":"Snake Plant","floor":22,"turns":4},{"damage":0,"enemies":"downfall:FleeingMerchant","floor":29,"turns":4},{"damage":5,"enemies":"Slavers","floor":30,"turns":6},{"damage":0,"enemies":"downfall:FleeingMerchant","floor":31,"turns":4},{"damage":12,"enemies":"3 Cultists","floor":32,"turns":3},{"damage":24,"enemies":"downfall:Defect","floor":33,"turns":10},{"damage":2,"enemies":"Orb Walker","floor":36,"turns":3},{"damage":0,"enemies":"downfall:FleeingMerchant","floor":39,"turns":2},{"damage":2,"enemies":"Giant Head","floor":40,"turns":8},{"damage":40,"enemies":"Nemesis","floor":43,"turns":7},{"damage":0,"enemies":"3 Shapes","floor":48,"turns":2},{"damage":11,"enemies":"3 Darklings","floor":49,"turns":4},{"damage":0,"enemies":"downfall:Silent","floor":50,"turns":3}],"seed_played":"3677390526066912492","potions_obtained":[{"floor":3,"key":"FearPotion"},{"floor":4,"key":"Swift Potion"},{"floor":6,"key":"hexamod:EctoCoolerPotion"},{"floor":10,"key":"champ:CounterPotion"},{"floor":36,"key":"potionbrewer:NoxiousPotion"},{"floor":43,"key":"PowerPotion"},{"floor":48,"key":"PowerPotion"}],"is_trial":false,"path_per_floor":["R","M","M","M","$","M","T","?","R","M","M","M","?","E","M","B",null,"R","M","?","M","M","?","T","R","AVR","?","?","$","E","$","M","B",null,"R","M","?","?","$","E","T","E","R","$","M","M","B",null],"character_chosen":"GUARDIAN","items_purchased":["ReplayTheSpireMod:TigerMarble","Guardian:Orbwalk","Guardian:Gem_Red","expansioncontent:DonusPower","Strawberry","potionbrewer:ToyAutogyro","Guardian:StasisUpgradeRelic","hubris:CuriousFeather","AttackPotion"],"campfire_rested":1,"item_purchase_floors":[29,29,29,31,39,39,47,47,47],"current_hp_per_floor":[80,73,73,72,72,59,59,90,90,90,90,89,89,75,64,51,90,90,71,63,36,19,19,19,61,61,61,61,61,56,56,44,20,90,90,88,88,88,95,93,93,53,53,53,53,42,42],"gold":99,"neow_bonus":"ONE_RARE_RELIC","is_daily":false,"chose_seed":false,"campfire_upgraded":5,"win_rate":0.0,"timestamp":1609480424,"path_taken":["R","M","M","M","$","M","T","?","R","M","?","M","?","E","M","BOSS","R","M","?","M","?","?","T","R","AVR","?","?","?","E","$","M","BOSS","R","M","?","?","$","E","T","E","R","$","?","M","BOSS"],"items_purchased_type":["Relic","Card","Card","Card","Relic","Relic","Relic","Relic","Potion"],"build_version":"2020-12-22","purchased_purges":3,"victory":true,"max_hp_per_floor":[80,80,80,80,80,80,80,90,90,90,90,90,90,90,90,90,90,90,90,90,90,90,90,90,90,90,90,90,90,90,90,90,90,90,90,90,90,90,97,97,97,97,97,97,97,97,97],"card_choices":[{"not_picked":["Guardian:TemporalStrike","Guardian:WalkerClaw"],"picked":"Guardian:Planning","floor":2},{"not_picked":["Guardian:BronzeOrb","Guardian:DecasProtection"],"picked":"Guardian:PrimingBeam","floor":3},{"not_picked":["Guardian:Clone","Guardian:Gem_White"],"picked":"Guardian:Gem_Purple","floor":4},{"not_picked":["Guardian:Recover","Guardian:PrimingBeam"],"picked":"Guardian:StasisField","floor":5},{"not_picked":["Guardian:Gem_Fragmented","Guardian:CrystalBeam"],"picked":"Guardian:RefractedBeam","floor":6},{"not_picked":["Guardian:Gem_Green","Guardian:Gem_Fragmented"],"picked":"Guardian:BronzeOrb","floor":10},{"not_picked":["Guardian:Recover","Guardian:Reroute"],"picked":"Guardian:GuardianWhirl","floor":11},{"not_picked":["Guardian:CrystalBeam","Guardian:ChargeUp","Guardian:BronzeOrb"],"picked":"SKIP","floor":12},{"not_picked":["Guardian:Recover","Guardian:PrismaticBarrier"],"picked":"Guardian:Gem_Cyan","floor":14},{"not_picked":["Guardian:ShieldSpikes","Guardian:Gem_Cyan"],"picked":"Guardian:Gem_Blue","floor":15},{"not_picked":["Guardian:GemFire","Guardian:BaubleBeam"],"picked":"Guardian:TimeSifter","floor":16},{"not_picked":["Guardian:ChargeCore","Guardian:Planning","Guardian:WalkerClaw"],"picked":"SKIP","floor":19},{"not_picked":["Guardian:PiercingHide","Guardian:VentSteam"],"picked":"Guardian:Gem_Red","floor":21},{"not_picked":["Guardian:VentSteam","Guardian:Gem_Crimson"],"picked":"Guardian:BronzeArmor","floor":22},{"not_picked":["Guardian:RollAttack","Guardian:Gem_Fragmented"],"picked":"Guardian:PiercingHide","floor":29},{"not_picked":["Guardian:Gem_Purple","Guardian:CrystalBeam"],"picked":"Guardian:TemporalStrike","floor":30},{"not_picked":["Guardian:BaubleBeam","Guardian:Suspension"],"picked":"Guardian:Gem_Lightblue","floor":31},{"not_picked":["Guardian:CrystalBeam","Guardian:TemporalShield"],"picked":"Guardian:FloatingOrbs+1","floor":32},{"not_picked":["Guardian:ExploitGems","Guardian:HyperBeam_Guardian"],"picked":"Guardian:Gem_Synthetic","floor":33},{"not_picked":["Guardian:TemporalShield","Guardian:PiercingHide","Guardian:CrystalBeam"],"picked":"SKIP","floor":36},{"not_picked":["StuffTheSpire:PlasmaPunch","expansioncontent:PrepareCrush"],"picked":"Replay:SS_hec_1","floor":37},{"not_picked":["ReplayTheSpireMod:Brewmster","Mind Blast"],"picked":"StuffTheSpire:PlasmaPunch","floor":37},{"not_picked":["Guardian:Gem_Blue","Guardian:TemporalShield+1"],"picked":"Guardian:DecasProtection","floor":39},{"not_picked":["Guardian:Gem_White","Guardian:ChargeCore+1","Guardian:Suspension"],"picked":"SKIP","floor":40},{"not_picked":["Guardian:BronzeOrb","Guardian:Gem_Green"],"picked":"Guardian:PolyBeam","floor":43},{"not_picked":["Guardian:Gem_Cyan","Guardian:CrystalBeam+1","Guardian:Reroute+1"],"picked":"SKIP","floor":48},{"not_picked":["Guardian:Suspension","Guardian:SentryBeam+1","Guardian:Incinerate"],"picked":"SKIP","floor":49}],"player_experience":1650779,"relics_obtained":[{"floor":7,"key":"StuffTheSpire:Gunfinga"},{"floor":14,"key":"Regal Pillow"},{"floor":24,"key":"ReplayFunnel"},{"floor":30,"key":"aspiration:AnachronicSnailShell"},{"floor":40,"key":"Replay:Towering Pillar of Hats"},{"floor":41,"key":"potionbrewer:BottledElixir"},{"floor":43,"key":"aspiration:Lifesprig"}],"event_choices":[{"cards_removed":["Guardian:StasisField"],"damage_healed":21,"gold_gain":0,"player_choice":"Offered Rare","damage_taken":0,"max_hp_gain":10,"max_hp_loss":0,"event_name":"Bonfire Elementals","floor":8,"gold_loss":0},{"damage_healed":0,"gold_gain":3,"player_choice":"1","damage_taken":0,"max_hp_gain":0,"max_hp_loss":0,"event_name":"betterStone:BetterStone","floor":37,"gold_loss":0}],"is_beta":false,"boss_relics":[{"not_picked":["theForsaken:PaleLantern","StuffTheSpire:RunicConfusion"],"picked":"thethorton:GreedFountain"},{"not_picked":["Cursed Key","hubris:RunicObelisk"],"picked":"thethorton:BottledFunds"}],"items_purged_floors":[26,29,39],"is_endless":false,"potions_floor_spawned":[3,4,6,10,12,22,32,36,43,48],"ascension_level":2}}