{"host":"icrrc9b69c1a6188","time":1609487549,"event":{"mods":["Act Like it!","BaseMod","Bestiary","Better Altar","Better Match","Better Note","Better Sensory Stone","Better Skull","Better Third Choice","Block Reminder","Colored Map","Colored Powertips","Curses Come First","Displayed Cursed Tome","Faster Ascension Climbing","HexUI Lib","Jorbs\u0027s Wanderer Trilogy","Minty Spire (QoL Compilation)","Quick Restart","RNG Fix","Random Character Mod","Rare Cards Sparkle","Spicy Shops","StSLib","Unceasing Turn Reminder"],"gold_per_floor":[364,364,327,342,352,352,370,370,370,370,11,27,39,54,54,129,129,139,150,163,177,177,177,196,215,240,258,277,277,294,294,294],"floor_reached":31,"playtime":1591,"items_purged":[],"score":474,"play_id":"f663ec39-b1b8-43c5-894c-67f76987ae06","local_time":"20210101015229","is_ascension_mode":true,"campfire_choices":[{"data":"Searing Blow","floor":6,"key":"SMITH"},{"data":"Searing Blow+1","floor":8,"key":"SMITH"},{"data":"Searing Blow+2","floor":10,"key":"SMITH"},{"data":"Armaments","floor":15,"key":"SMITH"},{"data":"Armaments","floor":23,"key":"SMITH"},{"data":"Searing Blow+3","floor":29,"key":"SMITH"}],"circlet_count":0,"master_deck":["AscendersBane","Strike_R","Strike_R","Strike_R","Strike_R","Strike_R","Defend_R","Defend_R","Defend_R","Defend_R","Bash","Searing Blow+4","Flame Barrier","True Grit","Pommel Strike","Iron Wave","Armaments+1","True Grit","Body Slam","Juggernaut","Armaments+1","Immolate","Double Tap","Impervious"],"relics":["Burning Blood","Pantograph","Torii","Coffee Dripper","Omamori"],"acts_visited":["Exordium","TheCity"],"potions_floor_usage":[16,18,19,25,30,31],"damage_taken":[{"damage":19,"enemies":"Small Slimes","floor":1,"turns":5},{"damage":6,"enemies":"Cultist","floor":4,"turns":3},{"damage":8,"enemies":"2 Louse","floor":5,"turns":4},{"damage":21,"enemies":"Lots of Slimes","floor":7,"turns":6},{"damage":0,"enemies":"2 Fungi Beasts","floor":12,"turns":4},{"damage":1,"enemies":"3 Louse","floor":13,"turns":5},{"damage":1,"enemies":"Blue Slaver","floor":14,"turns":7},{"damage":25,"enemies":"The Guardian","floor":16,"turns":12},{"damage":2,"enemies":"Shell Parasite","floor":18,"turns":7},{"damage":1,"enemies":"Spheric Guardian","floor":19,"turns":4},{"damage":21,"enemies":"Chosen and Byrds","floor":20,"turns":6},{"damage":2,"enemies":"Snecko","floor":21,"turns":5},{"damage":0,"enemies":"Centurion and Healer","floor":24,"turns":5},{"damage":23,"enemies":"Shelled Parasite and Fungi","floor":25,"turns":8},{"damage":20,"enemies":"Sentry and Sphere","floor":27,"turns":6},{"damage":10,"enemies":"Chosen and Byrds","floor":28,"turns":7},{"damage":27,"enemies":"Snake Plant","floor":30,"turns":5},{"damage":30,"enemies":"Masked Bandits","floor":31,"turns":4}],"seed_played":"-9024672103545231544","potions_obtained":[{"floor":7,"key":"AttackPotion"},{"floor":13,"key":"Fruit Juice"},{"floor":16,"key":"SpeedPotion"},{"floor":18,"key":"FearPotion"},{"floor":19,"key":"SteroidPotion"},{"floor":21,"key":"Weak Potion"},{"floor":28,"key":"GamblersBrew"}],"is_trial":false,"path_per_floor":["M","?","?","M","M","R","M","R","T","R","$","M","M","M","R","B",null,"M","M","M","M","?","R","M","M","T","M","M","R","M","?"],"character_chosen":"IRONCLAD","items_purchased":["Torii","Iron Wave"],"campfire_rested":0,"item_purchase_floors":[11,11],"current_hp_per_floor":[37,37,37,37,35,35,20,20,20,20,20,26,31,36,36,42,67,76,80,65,69,69,69,75,58,58,44,40,40,19,0,0],"gold":294,"neow_bonus":"TWO_FIFTY_GOLD","is_daily":false,"chose_seed":false,"campfire_upgraded":6,"win_rate":0.0,"timestamp":1609487549,"path_taken":["M","?","?","?","M","R","M","R","T","R","$","?","M","M","R","BOSS","M","M","M","M","?","R","M","?","T","M","M","R","M","?"],"items_purchased_type":["Relic","Card"],"build_version":"2020-12-22","purchased_purges":0,"victory":false,"max_hp_per_floor":[75,75,75,75,75,75,75,75,75,75,75,75,75,75,75,75,75,80,80,80,80,80,80,80,80,80,80,80,80,80,80,80],"card_choices":[{"not_picked":["Pummel","Reckless Charge"],"picked":"Searing Blow","floor":1},{"not_picked":["Havoc","Anger"],"picked":"Flame Barrier","floor":4},{"not_picked":["Clothesline","Burning Pact"],"picked":"True Grit","floor":5},{"not_picked":["Twin Strike","Wild Strike"],"picked":"Pommel Strike","floor":7},{"not_picked":["Twin Strike","Fire Breathing"],"picked":"Armaments","floor":12},{"not_picked":["Power Through","Rampage"],"picked":"True Grit","floor":13},{"not_picked":["Immolate","Clash"],"picked":"Body Slam","floor":14},{"not_picked":["Impervious","Limit Break"],"picked":"Juggernaut","floor":16},{"not_picked":["Twin Strike","Combust"],"picked":"Armaments","floor":18},{"not_picked":["Pummel","True Grit","Thunderclap"],"picked":"SKIP","floor":19},{"not_picked":["Perfected Strike","Iron Wave","Twin Strike"],"picked":"SKIP","floor":20},{"not_picked":["Sever Soul","Burning Pact","Combust+1"],"picked":"SKIP","floor":21},{"not_picked":["Disarm","Intimidate"],"picked":"Double Tap","floor":24},{"not_picked":["Body Slam","Cleave+1","Shrug It Off"],"picked":"SKIP","floor":25},{"not_picked":["Pommel Strike","Perfected Strike"],"picked":"Impervious","floor":27},{"not_picked":["Dropkick","Wild Strike","Pommel Strike"],"picked":"SKIP","floor":28},{"not_picked":["Headbutt","Body Slam","Dark Embrace"],"picked":"SKIP","floor":30}],"player_experience":716575,"relics_obtained":[{"floor":9,"key":"Pantograph"},{"floor":26,"key":"Omamori"}],"event_choices":[{"damage_healed":0,"gold_gain":0,"player_choice":"Ignored","damage_taken":0,"max_hp_gain":0,"max_hp_loss":0,"event_name":"Golden Idol","floor":2,"gold_loss":0},{"damage_healed":0,"gold_gain":0,"player_choice":"Left","damage_taken":0,"max_hp_gain":0,"max_hp_loss":0,"event_name":"betterThird:BetterGoop","floor":3,"gold_loss":37},{"cards_removed":["Armaments"],"damage_healed":0,"gold_gain":0,"player_choice":"Take \u0026 Give","damage_taken":0,"max_hp_gain":0,"max_hp_loss":0,"event_name":"betterNote:BetterNote","floor":22,"gold_loss":0,"cards_obtained":["Immolate"]},{"damage_healed":0,"gold_gain":0,"player_choice":"Fought Bandits","damage_taken":0,"max_hp_gain":0,"max_hp_loss":0,"event_name":"Masked Bandits","floor":31,"gold_loss":0}],"is_beta":false,"boss_relics":[{"not_picked":["Runic Pyramid","Fusion Hammer"],"picked":"Coffee Dripper"}],"items_purged_floors":[],"is_endless":false,"potions_floor_spawned":[7,13,16,18,19,21,28],"killed_by":"Masked Bandits","ascension_level":20}}