{"host":"pfy6u49v5s5r680p","time":1609481411,"event":{"mods":["BaseMod","Colored Map","DeckTracker","Highlight Path","Keyboard Shortcuts","Minty Spire (QoL Compilation)","Permanent Neow","Quick Restart","StSLib","SuperFastMode","everything is the same but u backflip on backflip"],"gold_per_floor":[111,36,36,101,119,119,119,119,142,192,256,273,339,341,341,440,440,452,529,539,4,24,49,49,66,118,180,207,96,165,184,184,286,286,301,70,120,134,153,183,283,300,300,332,382,402,418,418,418],"floor_reached":48,"playtime":2619,"items_purged":["Strike_R","Strike_R","Defend_R","Defend_R"],"score":745,"play_id":"a70c622a-3abd-403c-9530-1431c66a1884","local_time":"20210101151011","is_ascension_mode":true,"campfire_choices":[{"data":"Hemokinesis","floor":6.0,"key":"SMITH"},{"data":"Body Slam","floor":8.0,"key":"SMITH"},{"data":"Shrug It Off","floor":15.0,"key":"SMITH"},{"data":"Evolve","floor":24.0,"key":"SMITH"},{"data":"Double Tap","floor":32.0,"key":"SMITH"}],"circlet_count":0,"master_deck":["Defend_R","Defend_R","Bash","Body Slam+1","Hemokinesis+1","Spot Weakness+1","Pommel Strike","Shrug It Off+1","Power Through","Impervious","Battle Trance+1","Sword Boomerang+1","Rupture+1","Brutality","Heavy Blade+1","Evolve+1","Inflame","Double Tap+1","Combust","Body Slam+1","Swift Strike","Hemokinesis+1","Inflame+1","Bloodletting+1","Shockwave+1","Combust+1","Sword Boomerang","Body Slam+1"],"relics":["Black Blood","SsserpentHead","Toy Ornithopter","Red Mask","Membership Card","Pantograph","Mercury Hourglass","Nunchaku","MawBank","HandDrill","Fusion Hammer","DollysMirror","Omamori","Regal Pillow","Champion Belt","Singing Bowl","Potion Belt"],"acts_visited":["Exordium","TheCity","TheBeyond"],"potions_floor_usage":[47],"damage_taken":[{"damage":4.0,"enemies":"Small Slimes","floor":1.0,"turns":4.0},{"damage":11.0,"enemies":"Cultist","floor":4.0,"turns":4.0},{"damage":10.0,"enemies":"2 Louse","floor":5.0,"turns":2.0},{"damage":3.0,"enemies":"Looter","floor":11.0,"turns":2.0},{"damage":11.0,"enemies":"Red Slaver","floor":12.0,"turns":2.0},{"damage":36.0,"enemies":"Gremlin Gang","floor":13.0,"turns":6.0},{"damage":29.0,"enemies":"The Guardian","floor":16.0,"turns":11.0},{"damage":5.0,"enemies":"Shell Parasite","floor":18.0,"turns":5.0},{"damage":21.0,"enemies":"Masked Bandits","floor":19.0,"turns":5.0},{"damage":2.0,"enemies":"Chosen","floor":20.0,"turns":3.0},{"damage":15.0,"enemies":"Snake Plant","floor":22.0,"turns":3.0},{"damage":32.0,"enemies":"Book of Stabbing","floor":23.0,"turns":4.0},{"damage":17.0,"enemies":"Centurion and Healer","floor":25.0,"turns":5.0},{"damage":4.0,"enemies":"Cultist and Chosen","floor":28.0,"turns":3.0},{"damage":3.0,"enemies":"Snecko","floor":30.0,"turns":4.0},{"damage":4.0,"enemies":"Chosen and Byrds","floor":31.0,"turns":3.0},{"damage":35.0,"enemies":"Champ","floor":33.0,"turns":8.0},{"damage":9.0,"enemies":"3 Shapes","floor":35.0,"turns":3.0},{"damage":4.0,"enemies":"Orb Walker","floor":38.0,"turns":3.0},{"damage":3.0,"enemies":"Sphere and 2 Shapes","floor":39.0,"turns":3.0},{"damage":29.0,"enemies":"Giant Head","floor":40.0,"turns":5.0},{"damage":7.0,"enemies":"Mind Bloom Boss Battle","floor":41.0,"turns":5.0},{"damage":8.0,"enemies":"3 Darklings","floor":42.0,"turns":3.0},{"damage":27.0,"enemies":"Nemesis","floor":44.0,"turns":5.0},{"damage":16,"enemies":"Jaw Worm Horde","floor":46,"turns":4},{"damage":61,"enemies":"Sphere and 2 Shapes","floor":47,"turns":5},{"damage":30,"enemies":"Spire Growth","floor":48,"turns":3}],"seed_played":"-3649215351619304372","potions_obtained":[{"floor":1.0,"key":"Regen Potion"},{"floor":4.0,"key":"Swift Potion"},{"floor":16.0,"key":"Swift Potion"},{"floor":20.0,"key":"Explosive Potion"},{"floor":22.0,"key":"SmokeBomb"},{"floor":25.0,"key":"SkillPotion"},{"floor":30.0,"key":"Block Potion"},{"floor":35.0,"key":"CultistPotion"},{"floor":41.0,"key":"BloodPotion"}],"is_trial":false,"path_per_floor":["M","$","?","M","M","R","?","R","T","?","M","M","M","?","R","B",null,"M","?","M","$","M","E","R","M","T","?","M","$","M","M","R","B",null,"M","$","?","M","M","E","?","M","T","E","?","M","M","M"],"character_chosen":"IRONCLAD","items_purchased":["Membership Card","Brutality","Pantograph","Mercury Hourglass","Inflame","HandDrill","DollysMirror","Omamori"],"campfire_rested":0,"item_purchase_floors":[21,21,21,21,29,29,36,36],"current_hp_per_floor":[72,72,72,67,63,63,63,63,63,63,66,61,31,31,31,33,62,69,60,70,70,67,52,52,47,47,34,42,42,51,59,59,59,73,76,76,76,77,77,60,77,77,77,62,62,58,29,0,0],"gold":418,"neow_bonus":"REMOVE_TWO","is_daily":false,"chose_seed":false,"campfire_upgraded":5,"win_rate":0.0,"timestamp":1609481411,"path_taken":["M","$","?","?","M","R","?","R","T","?","?","M","?","?","R","BOSS","M","?","M","$","M","E","R","M","T","?","M","?","?","M","R","BOSS","M","$","?","M","M","E","?","M","T","E","?","M","M","M"],"items_purchased_type":["Relic","Card","Relic","Relic","Card","Relic","Relic","Relic"],"build_version":"2020-12-22","purchased_purges":4,"victory":false,"max_hp_per_floor":[72,72,72,72,72,72,72,72,72,72,72,72,72,72,72,72,72,72,72,72,72,72,72,72,72,72,77,77,77,77,77,77,77,77,77,77,77,77,77,77,77,77,77,77,77,77,77,77,77],"card_choices":[{"not_picked":["Sever Soul","Twin Strike"],"picked":"Body Slam","floor":1.0},{"not_picked":["Body Slam","Clash"],"picked":"Hemokinesis","floor":4.0},{"not_picked":["Dual Wield","Cleave"],"picked":"Spot Weakness","floor":5.0},{"not_picked":["Disarm","True Grit"],"picked":"Pommel Strike","floor":11.0},{"not_picked":["Uppercut","Bloodletting"],"picked":"Shrug It Off","floor":12.0},{"not_picked":["Berserk","Infernal Blade"],"picked":"Power Through","floor":13.0},{"not_picked":["Reaper","Bludgeon"],"picked":"Impervious","floor":16.0},{"not_picked":["Wild Strike","Pommel Strike+1"],"picked":"Battle Trance+1","floor":18.0},{"not_picked":["Twin Strike","Clash"],"picked":"Sword Boomerang+1","floor":19.0},{"not_picked":["Twin Strike","Clothesline"],"picked":"Rupture+1","floor":20.0},{"not_picked":["Shockwave","Uppercut"],"picked":"Heavy Blade+1","floor":22.0},{"not_picked":["Warcry","Spot Weakness"],"picked":"Evolve","floor":23.0},{"not_picked":["Warcry","Flame Barrier","True Grit"],"picked":"SKIP","floor":25.0},{"not_picked":["Iron Wave","Flame Barrier","Wild Strike"],"picked":"SKIP","floor":28.0},{"not_picked":["Rage+1","Searing Blow"],"picked":"Double Tap","floor":30.0},{"not_picked":["Flame Barrier+1","Intimidate","Clash"],"picked":"SKIP","floor":31.0},{"not_picked":["Pommel Strike+1","Clothesline"],"picked":"Combust","floor":35.0},{"not_picked":["Madness","Forethought"],"picked":"Swift Strike","floor":37.0},{"not_picked":["Armaments+1","Bloodletting+1"],"picked":"Hemokinesis+1","floor":38.0},{"not_picked":["Sever Soul+1","Heavy Blade+1"],"picked":"Inflame+1","floor":39.0},{"not_picked":["Dropkick","Headbutt"],"picked":"Bloodletting+1","floor":40.0},{"not_picked":["Thunderclap","Perfected Strike"],"picked":"Shockwave+1","floor":41.0},{"not_picked":["Dropkick","Perfected Strike+1","Armaments"],"picked":"SKIP","floor":42.0},{"not_picked":["Blood for Blood+1","Armaments"],"picked":"Combust+1","floor":44.0},{"not_picked":["Carnage+1","Brutality"],"picked":"Sword Boomerang","floor":46},{"not_picked":["Spot Weakness","Rage+1"],"picked":"Body Slam+1","floor":47}],"player_experience":82380,"relics_obtained":[{"floor":9.0,"key":"Toy Ornithopter"},{"floor":19.0,"key":"Red Mask"},{"floor":23.0,"key":"Nunchaku"},{"floor":26.0,"key":"MawBank"},{"floor":40.0,"key":"Regal Pillow"},{"floor":41.0,"key":"Champion Belt"},{"floor":43.0,"key":"Singing Bowl"},{"floor":44.0,"key":"Potion Belt"}],"event_choices":[{"damage_healed":0.0,"max_hp_gain":0.0,"max_hp_loss":0.0,"gold_gain":0.0,"event_name":"FaceTrader","player_choice":"Trade","floor":3.0,"gold_loss":0.0,"damage_taken":0.0,"relics_obtained":["SsserpentHead"]},{"cards_removed":["Strike_R"],"damage_healed":0.0,"max_hp_gain":0.0,"max_hp_loss":0.0,"gold_gain":0.0,"event_name":"The Cleric","player_choice":"Card Removal","floor":7.0,"gold_loss":50.0,"damage_taken":0.0},{"damage_healed":0.0,"max_hp_gain":0.0,"max_hp_loss":0.0,"gold_gain":0.0,"event_name":"Accursed Blacksmith","player_choice":"Forge","floor":10.0,"gold_loss":0.0,"damage_taken":0.0,"cards_upgraded":["Spot Weakness"]},{"damage_healed":0.0,"max_hp_gain":0.0,"max_hp_loss":0.0,"gold_gain":0.0,"event_name":"World of Goop","player_choice":"Left Gold","floor":14.0,"gold_loss":48.0,"damage_taken":0.0},{"damage_healed":0.0,"max_hp_gain":0.0,"max_hp_loss":0.0,"gold_gain":0.0,"event_name":"Masked Bandits","player_choice":"Fought Bandits","floor":19.0,"gold_loss":0.0,"damage_taken":0.0},{"damage_healed":0.0,"max_hp_gain":5.0,"max_hp_loss":0.0,"gold_gain":0.0,"event_name":"Forgotten Altar","player_choice":"Shed Blood","floor":27.0,"gold_loss":0.0,"damage_taken":18.0},{"damage_healed":0.0,"max_hp_gain":0.0,"max_hp_loss":0.0,"gold_gain":0.0,"event_name":"SensoryStone","player_choice":"Memory 1","floor":37.0,"gold_loss":0.0,"damage_taken":0.0},{"damage_healed":0.0,"max_hp_gain":0.0,"max_hp_loss":0.0,"gold_gain":0.0,"event_name":"MindBloom","player_choice":"Fight","floor":41.0,"gold_loss":0.0,"damage_taken":0.0},{"damage_healed":0,"gold_gain":0,"player_choice":"Ignored","damage_taken":0,"max_hp_gain":0,"max_hp_loss":0,"event_name":"Mysterious Sphere","floor":45,"gold_loss":0}],"is_beta":false,"boss_relics":[{"not_picked":["SlaversCollar","Black Star"],"picked":"Black Blood"},{"not_picked":["Velvet Choker","Philosopher\u0027s Stone"],"picked":"Fusion Hammer"}],"items_purged_floors":[2,21,29,36],"is_endless":false,"potions_floor_spawned":[1,4,16,20,22,25,28,30,35,41],"killed_by":"Spire Growth","ascension_level":7}}