{"host":"qswkx8hggytna0kc","time":1609471991,"event":{"mods":["Aspiration","BaseMod","BetterRewards","Colored Map","Colored Powertips","Highlight Path","Hubris","Minty Spire (QoL Compilation)","Quick Restart","Rare Cards Sparkle","Replay The Spire","SIMod","StSLib","SuperFastMode"],"gold_per_floor":[109,120,136,86,261,261,296,147,201,201,37,47,62,72,72,172,172,190,201,201,201],"floor_reached":20,"playtime":1066,"items_purged":["Doubt"],"score":220,"play_id":"81b1f60b-b90a-402e-8ed2-0497e4898ba6","local_time":"20210101113311","is_ascension_mode":true,"campfire_choices":[{"data":"Crystallizer","floor":6,"key":"SMITH"},{"floor":10,"key":"REST"},{"floor":15,"key":"REST"}],"circlet_count":0,"master_deck":["Strike_B","Strike_B","Strike_B","Defend_B","Defend_B","Defend_B","Defend_B","Zap","Dualcast","Gash","Panic Button","Crystallizer+1","Steam","Core Surge","ReplayGash","Go for the Eyes","ReplayTheSpireMod:Calculation Training","Sunder","Genetic Algorithm","Echo Form","Capacitor"],"relics":["Cracked Core","NeowsBlessing","Iron Hammer","Toy Ornithopter","Prayer Wheel","aspiration:Stellarator"],"acts_visited":["Exordium","TheCity"],"potions_floor_usage":[13,16,16],"damage_taken":[{"damage":0,"enemies":"Cultist","floor":1,"turns":1},{"damage":0,"enemies":"Jaw Worm","floor":2,"turns":1},{"damage":0,"enemies":"2 Louse","floor":3,"turns":1},{"damage":65,"enemies":"3 Sentries","floor":7,"turns":10},{"damage":10,"enemies":"2 Fungi Beasts","floor":12,"turns":4},{"damage":0,"enemies":"Gremlin Gang","floor":13,"turns":3},{"damage":8,"enemies":"Large Slime","floor":14,"turns":3},{"damage":14,"enemies":"The Guardian","floor":16,"turns":11},{"damage":16,"enemies":"Spheric Guardian","floor":18,"turns":4},{"damage":33,"enemies":"3 Byrds","floor":19,"turns":6},{"damage":25,"enemies":"Centurion and Healer","floor":20,"turns":2}],"seed_played":"-7591287060895911074","potions_obtained":[{"floor":2,"key":"Toxic Potion"},{"floor":3,"key":"Languid Potion"},{"floor":12,"key":"FearPotion"},{"floor":13,"key":"LifebloodPotion"}],"is_trial":false,"path_per_floor":["M","M","M","?","?","R","E","$","T","R","$","M","M","M","R","B",null,"M","M","M"],"character_chosen":"DEFECT","items_purchased":["Core Surge","ReplayTheSpireMod:Fabricate Wheel"],"campfire_rested":2,"item_purchase_floors":[8,11],"current_hp_per_floor":[75,75,75,75,75,75,10,10,10,32,32,22,27,19,41,37,66,50,17,0,0],"gold":201,"neow_bonus":"THREE_ENEMY_KILL","is_daily":false,"chose_seed":false,"campfire_upgraded":1,"win_rate":0.0,"timestamp":1609471991,"path_taken":["M","M","?","?","?","R","E","$","T","R","$","M","M","M","R","BOSS","M","M","M"],"items_purchased_type":["Card","Card"],"build_version":"2020-12-22","purchased_purges":1,"victory":false,"max_hp_per_floor":[75,75,75,75,75,75,75,75,75,75,75,75,75,75,75,75,75,75,75,75,75],"card_choices":[{"not_picked":["BasicCrystalCard","Rebound"],"picked":"Gash","floor":1},{"not_picked":["Turbo","Rebound"],"picked":"Panic Button","floor":2},{"not_picked":["Reprogram","ReplaySort"],"picked":"Crystallizer","floor":3},{"not_picked":["ReplaySort","Turbo"],"picked":"Steam","floor":7},{"not_picked":["BootSequence","Hyperbeam"],"picked":"ReplayGash","floor":12},{"not_picked":["Hologram","Redo"],"picked":"Go for the Eyes","floor":12},{"not_picked":["Steam Power","Reinforced Body"],"picked":"ReplayTheSpireMod:Calculation Training","floor":13},{"not_picked":["Ball Lightning","Reprogram"],"picked":"Sunder","floor":13},{"not_picked":["Blizzard","Stack"],"picked":"Genetic Algorithm","floor":14},{"not_picked":["Turbo","Rebound","Stack"],"picked":"SKIP","floor":14},{"not_picked":["hubris:DoWhile","Meteor Strike"],"picked":"Echo Form","floor":16},{"not_picked":["Panic Button","Compile Driver","Crystallizer+1"],"picked":"SKIP","floor":18},{"not_picked":["ReplayTheSpireMod:Repulse+1","Turbo","Crystallizer"],"picked":"SKIP","floor":18},{"not_picked":["ReplayTheSpireMod:Omega Cannon","Leap+1"],"picked":"Capacitor","floor":19},{"not_picked":["Leap+1","Sweeping Beam","ReplaySort"],"picked":"SKIP","floor":19}],"player_experience":195313,"relics_obtained":[{"floor":7,"key":"Iron Hammer"},{"floor":9,"key":"Toy Ornithopter"}],"event_choices":[{"cards_removed":["Strike_B"],"damage_healed":0,"gold_gain":0,"player_choice":"Card Removal","damage_taken":0,"max_hp_gain":0,"max_hp_loss":0,"event_name":"The Cleric","floor":4,"gold_loss":50},{"damage_healed":0,"gold_gain":175,"player_choice":"AGREE","damage_taken":0,"max_hp_gain":0,"max_hp_loss":0,"event_name":"Liars Game","floor":5,"gold_loss":0,"cards_obtained":["Doubt"]}],"is_beta":false,"boss_relics":[{"not_picked":["hubris:GrandSneckoEye","Busted Crown"],"picked":"aspiration:Stellarator"}],"items_purged_floors":[8],"is_endless":false,"potions_floor_spawned":[2,3,12,13],"killed_by":"Centurion and Healer","ascension_level":5}}