{"host":"7bzprrpqr2usgpra","time":1609523806,"event":{"mods":["ATMod(°¢èªMod)","BaseMod","BetterRewards","Dota2Spire","HololiveMod","Infinite Spire","Lobotomy","Minty Spire (QoL Compilation)","MostiFishMod","Quick Restart","Spicy Shops","StSLib","TestMod","TheWitcher","[IsaacMod]ÒÔÈö¼âËþ","¡¾ÒÅÎï¿¨ÅÆ¡¿REMEMod"],"gold_per_floor":[117,117,117,137,137,176,176,219,246,285,310,275,289,327,327,441,441,466,516,150,163,179,179,210,210,210],"floor_reached":25,"playtime":1416,"items_purged":[],"score":523,"play_id":"b1edef76-f49a-4679-9ee7-4d04d0a19cd1","local_time":"20210102015646","is_ascension_mode":true,"campfire_choices":[{"data":"AT_FamilyPortrait","floor":7,"key":"SMITH"},{"floor":15,"key":"REST"},{"data":"MostiFishMod:ChineseTea","floor":23,"key":"SMITH"}],"circlet_count":0,"master_deck":["AscendersBane","Strike_R","Strike_R","Strike_R","Strike_R","Strike_R","Defend_R","Defend_R","Defend_R","Defend_R","Bash","BettingIsNotGood","MostiFishMod:Overload","AT_FamilyPortrait+1","REME_Flogging","Iron Wave","AT_ShrugMaster","AT_ManFootWork","Inflame","Heavy Blade","AT_DrawKnifeCut","Pummel","MostiFishMod:FireWorks","MostiFishMod:ChineseTea+1","REME_Cut","Flame Barrier","Whirlwind","REME_Scribble"],"relics":["Hololive_TheStar","testmod-TestBox","HushsDoor","KeepersGift","AT_ATBox","REME_ComplimentaryCards","DaveBox","The Courier","testmod-TurbochargingSystem","PreservedInsect","Dodecahedron","AT_EbonyIvory","Peace Pipe","SynthV:TestCard","infinitespire:Cubic Diamond","Golden Idol","AT_SpeedBoots","Smiling Mask","testmod-LifeArmor","DeadEye","Bronze Scales","Dota2Spire:Bloodstone","testmod-HeartOfStrike","Damocles"],"acts_visited":["Exordium","TheCity"],"potions_floor_usage":[16,18],"damage_taken":[{"damage":9,"enemies":"Cultist","floor":1,"turns":3},{"damage":0,"enemies":"Small Slimes","floor":4,"turns":2},{"damage":0,"enemies":"Gremlin Nob","floor":6,"turns":3},{"damage":10,"enemies":"3 Sentries","floor":8,"turns":2},{"damage":0,"enemies":"Gremlin Nob","floor":10,"turns":2},{"damage":0,"enemies":"Jaw Worm","floor":11,"turns":1},{"damage":0,"enemies":"3 Louse","floor":13,"turns":1},{"damage":9,"enemies":"Lagavulin","floor":14,"turns":4},{"damage":22,"enemies":"Hexaghost","floor":16,"turns":6},{"damage":4,"enemies":"Spheric Guardian","floor":18,"turns":1},{"damage":6,"enemies":"Chosen","floor":21,"turns":2},{"damage":14,"enemies":"3 Cultists","floor":22,"turns":3},{"damage":14,"enemies":"Book of Stabbing","floor":24,"turns":3},{"damage":4,"enemies":"Centurion and Healer","floor":25,"turns":1}],"seed_played":"8415579622759587683","potions_obtained":[{"floor":1,"key":"Regen Potion"},{"floor":6,"key":"DuplicationPotion"},{"floor":16,"key":"testmod-TimePotion"},{"floor":21,"key":"REME_GoldPotion"},{"floor":24,"key":"SkillPotion"}],"is_trial":false,"path_per_floor":["M","?","?","M","?","E","R","E","T","E","M","?","M","E","R","B",null,"M","?","$","M","M","R","E","M"],"character_chosen":"IRONCLAD","items_purchased":["testmod-TurbochargingSystem","REME_Flogging","PreservedInsect","Dodecahedron","AT_EbonyIvory","testmod-HeartOfStrike","MostiFishMod:ChineseTea","REME_Cut"],"campfire_rested":1,"item_purchase_floors":[0,0,0,0,0,20,20,20],"current_hp_per_floor":[30,52,52,52,26,31,31,21,21,26,26,44,44,35,57,47,68,64,64,64,58,56,56,42,0,0],"gold":210,"neow_bonus":"","is_daily":false,"chose_seed":false,"campfire_upgraded":2,"win_rate":0.0,"timestamp":1609523806,"path_taken":["M","?","?","M","?","E","R","E","T","E","M","?","?","E","R","BOSS","M","?","$","M","M","R","E","M"],"items_purchased_type":["Relic","Card","Relic","Relic","Relic","Relic","Card","Card"],"build_version":"2020-12-22","purchased_purges":0,"victory":false,"max_hp_per_floor":[75,75,75,75,75,75,75,75,75,75,75,75,75,75,75,75,75,75,75,75,75,75,75,75,75,75],"card_choices":[{"not_picked":[],"picked":"BettingIsNotGood","floor":0},{"not_picked":["AT_BodySlamDance","Rampage"],"picked":"Iron Wave","floor":1},{"not_picked":["Ghostly Armor","True Grit","Heavy Blade","Havoc","Bludgeon"],"picked":"AT_ShrugMaster","floor":4},{"not_picked":["Twin Strike","Headbutt","Intimidate","Shrug It Off","AT_BodySlamDance"],"picked":"Bomb","floor":6},{"not_picked":["Heavy Blade","Pummel","Armaments","Sword Boomerang","Entrench"],"picked":"AT_ManFootWork","floor":8},{"not_picked":["Evolve","Second Wind","Wild Strike","Limit Break","Entrench"],"picked":"Inflame","floor":10},{"not_picked":["Perfected Strike","Shockwave","Bloodletting","Warcry","Wild Strike"],"picked":"Heavy Blade","floor":11},{"not_picked":["Sever Soul","Clothesline","Dropkick","Rupture","Body Slam"],"picked":"AT_DrawKnifeCut","floor":13},{"not_picked":["Warcry","Iron Wave","Armaments","Rage","Anger"],"picked":"Pummel","floor":14},{"not_picked":["MostiFishMod:UltimateDefense","MostiFishMod:PerfectStrikeMKII","Immolate","MostiFishMod:WingOfPhoenix","MostiFishMod:DarkDeal"],"picked":"MostiFishMod:FireWorks","floor":16},{"not_picked":["Pommel Strike","Twin Strike","Feel No Pain","Body Slam","Anger","Sword Boomerang"],"picked":"SKIP","floor":18},{"not_picked":["Warcry","Sword Boomerang","Sever Soul","AT_ShrugMaster+1","True Grit+1"],"picked":"Flame Barrier","floor":21},{"not_picked":["Warcry","Havoc","Headbutt","Seeing Red+1","Twin Strike"],"picked":"Whirlwind","floor":22},{"not_picked":["Cleave","Searing Blow","Dual Wield","Armaments+1","Body Slam"],"picked":"REME_Scribble","floor":24}],"player_experience":225592,"relics_obtained":[{"floor":1,"key":"SynthV:TestCard"},{"floor":6,"key":"AT_SpeedBoots"},{"floor":8,"key":"Smiling Mask"},{"floor":9,"key":"testmod-LifeArmor"},{"floor":10,"key":"DeadEye"},{"floor":14,"key":"Bronze Scales"},{"floor":24,"key":"Damocles"}],"event_choices":[{"damage_healed":0,"gold_gain":0,"player_choice":"Take Damage","damage_taken":26,"relics_obtained":["Golden Idol"],"max_hp_gain":0,"max_hp_loss":0,"event_name":"Golden Idol","floor":5,"gold_loss":0},{"damage_healed":18,"gold_gain":0,"player_choice":"Healed","damage_taken":0,"max_hp_gain":0,"max_hp_loss":0,"event_name":"The Cleric","floor":12,"gold_loss":35},{"damage_healed":0,"gold_gain":50,"player_choice":"Stole From Cult","damage_taken":0,"max_hp_gain":0,"max_hp_loss":0,"event_name":"Nest","floor":19,"gold_loss":0}],"is_beta":false,"boss_relics":[{"not_picked":["Hololive_TopUpMoneyS","xbg"],"picked":"Dota2Spire:Bloodstone"},{"not_picked":[]}],"items_purged_floors":[],"is_endless":false,"potions_floor_spawned":[1,6,10,13,16,21,24],"killed_by":"Centurion and Healer","ascension_level":15}}