{"host":"j0vzbnzm6n2ctevn","time":1609489535,"event":{"mods":["AchievementEnabler","BaseMod","Minty Spire (QoL Compilation)","Quick Restart","Shop Mod","Spicy Shops","StSLib"],"gold_per_floor":[116,116,29,29,40,40,40,68,68,81,93,128,128,143,143,143,143],"floor_reached":16,"playtime":444,"items_purged":[],"score":162,"play_id":"3aca74dd-5d8b-4b48-9b37-2bde020e7abe","local_time":"20210101162535","is_ascension_mode":true,"campfire_choices":[{"data":"Enlightenment","floor":6,"key":"SMITH"},{"data":"Iron Wave","floor":13,"key":"SMITH"},{"floor":15,"key":"REST"}],"circlet_count":0,"master_deck":["Strike_R","Strike_R","Strike_R","Strike_R","Strike_R","Defend_R","Defend_R","Defend_R+1","Defend_R+1","Bash","Twin Strike","Enlightenment+1","Flex","Barricade","Thunderclap","Iron Wave","Iron Wave+1","Dark Embrace","Shrug It Off"],"relics":["Burning Blood","NeowsBlessing","Dead Branch","Centennial Puzzle","Orichalcum"],"acts_visited":["Exordium"],"potions_floor_usage":[16,16,16],"damage_taken":[{"damage":0,"enemies":"2 Louse","floor":1,"turns":1},{"damage":0,"enemies":"Small Slimes","floor":5,"turns":1},{"damage":0,"enemies":"Gremlin Nob","floor":8,"turns":1},{"damage":0,"enemies":"Cultist","floor":10,"turns":4},{"damage":12,"enemies":"2 Fungi Beasts","floor":11,"turns":4},{"damage":50,"enemies":"Lagavulin","floor":12,"turns":10},{"damage":1,"enemies":"Exordium Wildlife","floor":14,"turns":2},{"damage":68,"enemies":"Hexaghost","floor":16,"turns":9}],"seed_played":"-3395108903477609270","potions_obtained":[{"floor":5,"key":"Explosive Potion"},{"floor":14,"key":"EntropicBrew"}],"is_trial":false,"path_per_floor":["M","?","$","?","M","R","?","E","T","M","M","E","R","M","R","B"],"character_chosen":"IRONCLAD","items_purchased":["Enlightenment"],"campfire_rested":1,"item_purchase_floors":[3],"current_hp_per_floor":[80,64,64,69,75,75,75,81,81,85,79,35,35,40,65,0,0],"gold":143,"neow_bonus":"THREE_ENEMY_KILL","is_daily":false,"chose_seed":false,"campfire_upgraded":2,"win_rate":0.0,"timestamp":1609489535,"path_taken":["M","?","$","?","M","R","?","E","T","M","?","E","R","M","R","BOSS"],"items_purchased_type":["Card"],"build_version":"2020-12-22","purchased_purges":0,"victory":false,"max_hp_per_floor":[80,80,80,85,85,85,85,85,85,85,85,85,85,85,85,85,85],"card_choices":[{"not_picked":["Headbutt","Clash"],"picked":"Twin Strike","floor":1},{"not_picked":["Anger","Iron Wave"],"picked":"Flex","floor":5},{"not_picked":["Clothesline","Anger"],"picked":"Thunderclap","floor":8},{"not_picked":["Headbutt","Fire Breathing"],"picked":"Iron Wave","floor":10},{"not_picked":["Combust","Infernal Blade"],"picked":"Iron Wave","floor":11},{"not_picked":["Wild Strike","Armaments"],"picked":"Dark Embrace","floor":12},{"not_picked":["Perfected Strike","Twin Strike"],"picked":"Shrug It Off","floor":14}],"player_experience":90036,"relics_obtained":[{"floor":8,"key":"Dead Branch"},{"floor":9,"key":"Centennial Puzzle"},{"floor":12,"key":"Orichalcum"}],"event_choices":[{"damage_healed":0,"gold_gain":0,"player_choice":"Entered Light","damage_taken":16,"max_hp_gain":0,"max_hp_loss":0,"event_name":"Shining Light","floor":2,"gold_loss":0,"cards_upgraded":["Defend_R","Defend_R"]},{"damage_healed":0,"gold_gain":0,"player_choice":"Donut","damage_taken":0,"max_hp_gain":5,"max_hp_loss":0,"event_name":"Big Fish","floor":4,"gold_loss":0},{"damage_healed":0,"gold_gain":0,"player_choice":"1 cards matched","damage_taken":0,"max_hp_gain":0,"max_hp_loss":0,"event_name":"Match and Keep!","floor":7,"gold_loss":0,"cards_obtained":["Barricade"]}],"is_beta":false,"boss_relics":[],"items_purged_floors":[],"is_endless":false,"potions_floor_spawned":[5,14],"killed_by":"Hexaghost","ascension_level":4}}