{"host":"0azimyi6n3ugndj4","time":1609539431,"event":{"mods":["2.2 Compatiblity","BaseMod","Bestiary","Conspire","Curses Come First","Defuse TimeMaze Blight","Hermit","Hyrulean Relics","Infinite Spire","Minty Spire (QoL Compilation)","Relic Stats","Replay The Spire","StSLib","SuperFastMode","The Cursed","Uncapped","¡¼?Úª?ø«¡½REMEMod"],"gold_per_floor":[135,135,135,190,22,97,97,178,178,178,253,528,609,651,651,651,651],"floor_reached":16,"playtime":312,"items_purged":[],"score":432,"play_id":"5925d629-106e-4353-ae68-7f230731c065","local_time":"20210102071711","daily_mods":["SealedDeck","Hoarder","Insanity","Chimera","Specialized","Vintage","ControlledChaos","Allstar","Diverse","Colorless Cards","Heirloom","Time Dilation","Flight","Elite Swarm","Lethality","Midas","Binary"],"is_ascension_mode":true,"campfire_choices":[{"floor":10,"key":"REST"}],"circlet_count":0,"master_deck":["Demon Form","Wraith Form v2","Echo Form","DevaForm","AscendersBane","Bash","Survivor","Zap","Eruption","Strike_R","Strike_G","Strike_B","Defend_R","Defend_G","Defend_P","Blood for Blood","Crescendo","Turbo","hermit:BigShot","CutThroughFate","hermit:Feint","Rebound","hermit:BodyArmor","Steam","Compile Driver","hermit:Quickdraw","Barrage","Consecrate","Uppercut","Turbo","CrushJoints","FlurryOfBlows","TheCursedMod:RapidMovement","TheCursedMod:Stretching","Intimidate","TheCursedMod:RapidMovement","Clothesline","Anger","hermit:TakeCover","Deflect","hermit:SprayPray","Cleave","Tantrum","Blizzard","ReplayTheSpireMod:System Scan","Pommel Strike","Replay:Battleflow","TheCursedMod:SpitefulPray","Doom and Gloom","TheCursedMod:WearCloak","Anger","Acrobatics","Crippling Poison","Conclude","Underhanded Strike","Steam","hermit:BigShot","TheCursedMod:FuryStrike","Calculated Gamble","Glacier","Carnage","ReplayTheSpireMod:Strike From Hell","Barrage","Dark Shackles","TheCursedMod:CursedSpellbook","TheCursedMod:CursedSpellbook","TheCursedMod:CursedSpellbook","TheCursedMod:CursedSpellbook","TheCursedMod:CursedSpellbook","TheCursedMod:CursedSpellbook","TheCursedMod:CursedSpellbook","TheCursedMod:CursedSpellbook","TheCursedMod:CursedSpellbook","TheCursedMod:CursedSpellbook","TheCursedMod:CursedSpellbook","TheCursedMod:CursedSpellbook","TheCursedMod:CursedSpellbook","TheCursedMod:CursedSpellbook","TheCursedMod:CursedSpellbook","TheCursedMod:RapidMovement","TheCursedMod:RapidMovement","TheCursedMod:RapidMovement","Cleave","Cleave","Cleave","Replay:Parry","Replay:Parry","Replay:Parry","Sanctity","Sanctity","Sanctity","Coolheaded","Coolheaded","Coolheaded","hermit:Brawl","hermit:Brawl","hermit:Brawl","REME_DataAnalysis","REME_DataAnalysis","REME_DataAnalysis","ReplayTheSpireMod:Reroute Power","ReplayTheSpireMod:Reroute Power","ReplayTheSpireMod:Reroute Power","Cloak And Dagger","Cloak And Dagger","Cloak And Dagger","WaveOfTheHand","WaveOfTheHand","WaveOfTheHand","Inflame","Inflame","Inflame","Midas Touch","Midas Touch","Midas Touch","TheCursedMod:UltimatePain","TheCursedMod:UltimatePain","TheCursedMod:UltimatePain","Regret","Regret","Regret","ReplayTheSpireMod:From All Sides","ReplayTheSpireMod:From All Sides","ReplayTheSpireMod:From All Sides"],"relics":["hermit:PetGhost","WingedGreaves","Melange","Odd Mushroom","Nloth\u0027s Gift","Du-Vu Doll","Boot","Yang","hermit:DentedPlate","infinitespire:Chaos","zeldaRelics:CourageTriforce","zeldaRelics:WisdomPiece","Oddly Smooth Stone"],"acts_visited":["Exordium"],"potions_floor_usage":[16,16],"damage_taken":[{"damage":0,"enemies":"Cultist","floor":1,"turns":2},{"damage":0,"enemies":"2 Louse","floor":4,"turns":1},{"damage":31,"enemies":"3 Sentries","floor":6,"turns":6},{"damage":20,"enemies":"Gremlin Nob","floor":8,"turns":3},{"damage":0,"enemies":"Lagavulin","floor":13,"turns":1},{"damage":19,"enemies":"Small Slimes","floor":14,"turns":3},{"damage":100018,"enemies":"Fading Forest","floor":16,"turns":5}],"seed_played":"548490709633837639","potions_obtained":[{"floor":1,"key":"Elixir"},{"floor":4,"key":"LiquidMemories"}],"is_trial":true,"path_per_floor":["M","?","?","M","$","E","?","E","T","R","?","?","E","M","R","B"],"character_chosen":"THE_SILENT","items_purchased":["infinitespire:Chaos"],"campfire_rested":1,"item_purchase_floors":[5],"current_hp_per_floor":[59,36,36,36,68,37,37,17,17,46,35,35,35,16,16,0,0],"gold":651,"neow_bonus":"","is_daily":false,"chose_seed":false,"campfire_upgraded":0,"win_rate":0.0,"timestamp":1609539431,"path_taken":["M","?","?","?","?","E","?","E","T","R","?","?","E","?","R","BOSS"],"items_purchased_type":["Relic"],"build_version":"2020-12-22","purchased_purges":0,"victory":false,"max_hp_per_floor":[66,66,66,66,98,98,98,98,98,98,98,98,98,98,98,98,98],"relic_stats":{"counters":[7,21],"Melange":[0],"Yang":[39],"Nloth\u0027s Gift":0,"Boot":[20],"obtain_stats":[{"zeldaRelics:WisdomPiece":13,"Calipers":0,"Golden Idol":2,"hermit:DentedPlate":5,"infinitespire:EmptyRelic":5,"Melange":5,"Oddly Smooth Stone":14,"Yang":5,"Odd Mushroom":5,"Boot":5,"zeldaRelics:CourageTriforce":9,"Du-Vu Doll":5,"Frozen Eye":0,"Busted Crown":0,"hermit:PetGhost":5,"CultistMask":3,"WingedGreaves":5,"infinitespire:EmpoweringShard":1,"Replay:Bottled Flurry":4,"Nloth\u0027s Gift":5,"zeldaRelics:CouragePiece":6,"infinitespire:Chaos":5,"Ring of the Snake":0,"REME_ComplimentaryCards":0},{"zeldaRelics:WisdomPiece":5,"Calipers":0,"Golden Idol":1,"hermit:DentedPlate":2,"infinitespire:EmptyRelic":2,"Melange":2,"Oddly Smooth Stone":6,"Yang":2,"Odd Mushroom":2,"Boot":2,"zeldaRelics:CourageTriforce":4,"Du-Vu Doll":2,"Frozen Eye":0,"Busted Crown":0,"hermit:PetGhost":2,"CultistMask":1,"WingedGreaves":2,"infinitespire:EmpoweringShard":1,"Replay:Bottled Flurry":2,"Nloth\u0027s Gift":2,"zeldaRelics:CouragePiece":3,"infinitespire:Chaos":2,"Ring of the Snake":0,"REME_ComplimentaryCards":0},{"zeldaRelics:WisdomPiece":13,"Calipers":0,"Golden Idol":2,"hermit:DentedPlate":3,"infinitespire:EmptyRelic":3,"Melange":3,"Oddly Smooth Stone":16,"Yang":3,"Odd Mushroom":3,"Boot":3,"zeldaRelics:CourageTriforce":12,"Du-Vu Doll":3,"Frozen Eye":0,"Busted Crown":0,"hermit:PetGhost":3,"CultistMask":2,"WingedGreaves":3,"infinitespire:EmpoweringShard":2,"Replay:Bottled Flurry":3,"Nloth\u0027s Gift":3,"zeldaRelics:CouragePiece":9,"infinitespire:Chaos":3,"Ring of the Snake":0,"REME_ComplimentaryCards":0}]},"card_choices":[{"not_picked":["REME_GrazeFinale"],"picked":"Midas Touch","floor":6},{"not_picked":["hermit:HeroicBravado"],"picked":"TheCursedMod:UltimatePain","floor":8},{"not_picked":["TheCursedMod:StunningStrike"],"picked":"ReplayTheSpireMod:From All Sides","floor":13}],"player_experience":1487355,"relics_obtained":[{"floor":1,"key":"infinitespire:EmpoweringShard"},{"floor":4,"key":"Replay:Bottled Flurry"},{"floor":6,"key":"zeldaRelics:CouragePiece"},{"floor":8,"key":"zeldaRelics:CouragePiece"},{"floor":9,"key":"zeldaRelics:CouragePiece"},{"floor":13,"key":"zeldaRelics:WisdomPiece"},{"floor":14,"key":"Oddly Smooth Stone"}],"event_choices":[{"damage_healed":0,"gold_gain":0,"player_choice":"Take Damage","damage_taken":23,"relics_obtained":["Golden Idol"],"max_hp_gain":0,"max_hp_loss":0,"event_name":"Golden Idol","floor":2,"gold_loss":0},{"damage_healed":0,"gold_gain":0,"player_choice":"Trade","damage_taken":0,"relics_obtained":["CultistMask"],"max_hp_gain":0,"max_hp_loss":0,"event_name":"FaceTrader","floor":3,"gold_loss":0},{"damage_healed":0,"gold_gain":75,"player_choice":"Gather Gold","damage_taken":11,"max_hp_gain":0,"max_hp_loss":0,"event_name":"World of Goop","floor":11,"gold_loss":0},{"damage_healed":0,"gold_gain":275,"player_choice":"Desecrate","damage_taken":0,"max_hp_gain":0,"max_hp_loss":0,"event_name":"Golden Shrine","floor":12,"gold_loss":0,"cards_obtained":["Regret"]},{"damage_healed":0,"gold_gain":0,"player_choice":"Ignored","damage_taken":0,"max_hp_gain":0,"max_hp_loss":0,"event_name":"Shining Light","floor":15,"gold_loss":0}],"is_beta":false,"boss_relics":[],"items_purged_floors":[],"is_endless":false,"potions_floor_spawned":[1,4,14],"killed_by":"Fading Forest","ascension_level":20}}