{"host":"jjz4szgmev061tnm","time":1609470614,"event":{"mods":["Act Like it!","BaseMod","Gensokyo","KinomotoSakuraMod(ƒæ÷Æ±æ”£)","Marisa£®ÏF”Í°°ƒß¿Ì…≥£©","Minty Spire (QoL Compilation)","Shop Mod","StSLib","WarShipGirlsR/’ΩΩ¢…Ÿ≈ÆR mod","Youmu£®ªÍ∆«—˝√Œ£©"],"gold_per_floor":[109,109,109,120,120,449,465,492,518,280,311,311,326,354,354,428,428,588,33,33,283,293,321,321,321,321],"floor_reached":25,"playtime":2698,"items_purged":[],"score":456,"play_id":"5fffa650-8f87-45b8-bc89-c3b209253a09","local_time":"20210101111014","is_ascension_mode":true,"campfire_choices":[{"data":"ManaRampage","floor":12.0,"key":"SMITH"},{"floor":15.0,"key":"REST"},{"floor":24,"key":"REST"}],"circlet_count":0,"master_deck":["AscendersBane","Strike_MRS","Strike_MRS","Strike_MRS","Strike_MRS","Defend_MRS","Defend_MRS","Defend_MRS","Defend_MRS","MasterSpark","UpSweep","PowerUp","ManaRampage+1","AsteroidBelt","GravityBeat","LuminesStrike+1","MilkyWay","BinaryStars","TreasureHunter","Gensokyo:DepletedGenerator","Gensokyo:TarnishedGold","OortCloud","MachineGunSpark","OortCloud","Acceleration+1"],"relics":["MiniHakkero","NeowsBlessing","Gensokyo:Mercy","Gensokyo:MarisaIngredientList","Old Coin","Orichalcum","Omamori","Eternal Feather","Strawberry","Happy Flower","Black Star","Girya","SimpleLauncher","Orrery","DollysMirror","Gensokyo:RedStar","AmplifyWand","MagicBroom","Frozen Eye"],"acts_visited":["Exordium","Gensokyo:Gensokyo"],"potions_floor_usage":[16,23],"damage_taken":[{"damage":0.0,"enemies":"Gensokyo:3_Fairies","floor":1.0,"turns":1.0},{"damage":0.0,"enemies":"Gensokyo:2_Kodama","floor":4.0,"turns":1.0},{"damage":0.0,"enemies":"Gensokyo:Mamizou","floor":6.0,"turns":1.0},{"damage":2.0,"enemies":"Gensokyo:Gryphon","floor":7.0,"turns":4.0},{"damage":22.0,"enemies":"Gensokyo:Cirno","floor":8.0,"turns":7.0},{"damage":16.0,"enemies":"Gensokyo:Aya","floor":11.0,"turns":6.0},{"damage":21.0,"enemies":"Gensokyo:5_Fairies","floor":13.0,"turns":7.0},{"damage":3.0,"enemies":"Gensokyo:Mamizou","floor":14.0,"turns":9.0},{"damage":31,"enemies":"Gensokyo:Reimu","floor":16,"turns":14},{"damage":28,"enemies":"Gensokyo:3_Dogs","floor":18,"turns":6},{"damage":11,"enemies":"Gensokyo:AngelMirror","floor":22,"turns":7},{"damage":23,"enemies":"Gensokyo:Tenshi","floor":23,"turns":4},{"damage":44,"enemies":"Gensokyo:Koishi","floor":25,"turns":6}],"seed_played":"1370101390609417426","potions_obtained":[{"floor":7.0,"key":"FearPotion"},{"floor":11.0,"key":"LiquidMemories"},{"floor":16,"key":"Swift Potion"},{"floor":22,"key":"AttackPotion"},{"floor":23,"key":"SmokeBomb"}],"is_trial":false,"path_per_floor":["M","?","?","M","?","E","M","E","T","COS","E","R","M","E","R","B",null,"M","COS","?","?","M","E","R","E"],"character_chosen":"MARISA","items_purchased":[],"campfire_rested":2,"item_purchase_floors":[],"current_hp_per_floor":[63,63,63,63,63,63,61,39,39,39,23,32,11,15,50,19,63,35,35,35,35,24,1,37,0,0],"gold":321,"neow_bonus":"THREE_ENEMY_KILL","is_daily":false,"chose_seed":false,"campfire_upgraded":1,"win_rate":0.0,"timestamp":1609470614,"path_taken":["M","?","?","M","?","E","M","E","T","COS","E","R","M","E","R","BOSS","M","COS","?","?","M","E","R","E"],"items_purchased_type":[],"build_version":"2020-12-22","purchased_purges":0,"victory":false,"max_hp_per_floor":[70,70,70,70,70,70,70,70,70,70,70,70,70,77,77,77,77,77,77,77,71,71,71,71,71,71],"card_choices":[{"not_picked":["GrandCross","AsteroidBelt"],"picked":"MysteriousBeam","floor":1.0},{"not_picked":["MilkyWay","6A"],"picked":"PowerUp","floor":2.0},{"not_picked":["MilkyWay","ShootingEcho"],"picked":"MachineGunSpark","floor":2.0},{"not_picked":["EventHorizon","UnstableBomb"],"picked":"ManaRampage","floor":4.0},{"not_picked":["GalacticHalo","IllusionStar","ShootingEcho"],"picked":"SKIP","floor":6.0},{"not_picked":["FairyDestructionRay","LuminesStrike"],"picked":"AsteroidBelt","floor":7.0},{"not_picked":["FairyDestructionRay","DeepEcoloBomb","GasGiant"],"picked":"SKIP","floor":8.0},{"not_picked":["FairyDestructionRay","Robbery","StarDustReverie"],"picked":"SKIP","floor":11.0},{"not_picked":["FairyDestructionRay","Robbery","StarDustReverie"],"picked":"SKIP","floor":11.0},{"not_picked":["6A","GalacticHalo"],"picked":"GravityBeat","floor":13.0},{"not_picked":["IllusionStar+1","ManaConvection+1"],"picked":"LuminesStrike+1","floor":14.0},{"not_picked":["RefractionSpark","SporeBomb"],"picked":"MilkyWay","floor":14.0},{"not_picked":["CasketOfStar","EscapeVelocity"],"picked":"BinaryStars","floor":16},{"not_picked":["BinaryStars","StarDustReverie"],"picked":"TreasureHunter","floor":16},{"not_picked":["ChargingUp","NonDirectionalLaser+1","MilkyWay"],"picked":"SKIP","floor":18},{"not_picked":["StarBarrage","MysteriousBeam"],"picked":"OortCloud","floor":19},{"not_picked":["DoubleSpark","DarkMatter"],"picked":"MachineGunSpark","floor":19},{"not_picked":["DarkSpark+1","EscapeVelocity+1"],"picked":"Acceleration+1","floor":22},{"not_picked":["DoubleSpark","MilkyWay","GravityBeat"],"picked":"SKIP","floor":22},{"not_picked":["WitchLeyline","AsteroidBelt","ManaConvection"],"picked":"SKIP","floor":23}],"player_experience":226058,"relics_obtained":[{"floor":6.0,"key":"Old Coin"},{"floor":8.0,"key":"Orichalcum"},{"floor":9.0,"key":"Omamori"},{"floor":11.0,"key":"Eternal Feather"},{"floor":14.0,"key":"Happy Flower"},{"floor":23,"key":"AmplifyWand"},{"floor":23,"key":"MagicBroom"}],"event_choices":[],"is_beta":false,"boss_relics":[{"not_picked":["SlaversCollar","Fusion Hammer"],"picked":"Black Star"}],"items_purged_floors":[],"is_endless":false,"potions_floor_spawned":[7,11,16,22,23],"killed_by":"Gensokyo:Koishi","ascension_level":15}}