{"host":"4amcrcg6ktw8dbzk","time":1609468335,"event":{"mods":["Arknights The Spire","BaseMod","Dota2Spire","Minty Spire (QoL Compilation)","MostiFishMod","Spicy Shops","StSLib","The Marked","Waifu the Spire"],"gold_per_floor":[118,25,25,39,58,58,70,102,125,125,125],"floor_reached":10,"playtime":526,"items_purged":[],"score":68,"play_id":"0ab6c5b3-76af-4f0b-8e31-cd2fc7866560","local_time":"20210101103215","is_ascension_mode":false,"campfire_choices":[{"data":"ats:Emotion Absorption","floor":6,"key":"SMITH"}],"circlet_count":0,"master_deck":["ats:Strike C","ats:Strike G","ats:Strike S","ats:Strike V","ats:Armor Crushing Shot","ats:Defend","ats:Defend","ats:Defend","ats:Defend","ats:Emotion Absorption+1","Pride","ats:Thermite Blade","ats:Explosion Area Strengthen","ats:Hammer On","ats:Ignite","ats:Apocalypse"],"relics":["ats:Sanity","DaveBox","SacredBark","SynthV:TestCard","OrangePellets","Potion Belt","ats:Originium","Strawberry"],"acts_visited":["Exordium"],"potions_floor_usage":[10],"damage_taken":[{"damage":12.0,"enemies":"Jaw Worm","floor":1.0,"turns":5.0},{"damage":1,"enemies":"Cultist","floor":4,"turns":3},{"damage":5,"enemies":"Small Slimes","floor":5,"turns":3},{"damage":12,"enemies":"Looter","floor":7,"turns":4},{"damage":35,"enemies":"3 Sentries","floor":8,"turns":6},{"damage":31,"enemies":"Lagavulin","floor":10,"turns":4}],"seed_played":"2367346977404333785","potions_obtained":[{"floor":5,"key":"FearPotion"}],"is_trial":false,"path_per_floor":["M","$","?","M","M","R","M","E","T","E"],"character_chosen":"DOCTOR_CLASS","items_purchased":["OrangePellets","ats:Thermite Blade"],"campfire_rested":0,"item_purchase_floors":[2,2],"current_hp_per_floor":[67,67,67,66,61,61,49,21,21,0,0],"gold":125,"neow_bonus":"TEN_PERCENT_HP_BONUS","is_daily":false,"chose_seed":false,"campfire_upgraded":1,"win_rate":0.0,"timestamp":1609468335,"path_taken":["M","$","?","?","M","R","M","E","T","E"],"items_purchased_type":["Relic","Card"],"build_version":"2020-12-22","purchased_purges":0,"victory":false,"max_hp_per_floor":[79,79,79,79,79,79,79,86,86,86,86],"card_choices":[{"not_picked":["ats:Consecutive Shot Auto","ats:Spore Proliferation"],"picked":"ats:Cat Scratch","floor":1.0},{"not_picked":["ats:Powerful Strike","ats:Support Order","ats:Assault Order","ats:Poison Spread"],"picked":"ats:Explosion Area Strengthen","floor":4},{"not_picked":["ats:Shadow Raid","ats:Shell Defense","ats:Directed Diagnosis","ats:Guardian Obelisk"],"picked":"ats:Hammer On","floor":5},{"not_picked":["ats:Hammer On","ats:Poison Spread","ats:Curse Doll","ats:Beaten Up"],"picked":"ats:Ignite","floor":7},{"not_picked":["ats:Revitalization","ats:Durian","ats:Explosion Area Strengthen","ats:Assault Order"],"picked":"ats:Apocalypse","floor":8}],"player_experience":325833,"relics_obtained":[{"floor":1.0,"key":"SynthV:TestCard"},{"floor":8,"key":"ats:Originium"},{"floor":8,"key":"Strawberry"}],"event_choices":[{"cards_removed":["ats:Cat Scratch"],"damage_healed":0,"gold_gain":0,"player_choice":"Gave Card","damage_taken":0,"relics_obtained":["Potion Belt"],"max_hp_gain":0,"max_hp_loss":0,"event_name":"WeMeetAgain","floor":3,"gold_loss":0}],"is_beta":false,"boss_relics":[],"items_purged_floors":[],"is_endless":false,"potions_floor_spawned":[5],"killed_by":"Lagavulin","ascension_level":0}}