{"host":"icrrc9b69c1a6188","time":1609482196,"event":{"mods":["Act Like it!","BaseMod","Bestiary","Better Altar","Better Match","Better Note","Better Sensory Stone","Better Skull","Better Third Choice","Block Reminder","Colored Map","Colored Powertips","Curses Come First","Displayed Cursed Tome","Faster Ascension Climbing","HexUI Lib","Jorbs\u0027s Wanderer Trilogy","Minty Spire (QoL Compilation)","Quick Restart","RNG Fix","Random Character Mod","Rare Cards Sparkle","Spicy Shops","StSLib","Unceasing Turn Reminder"],"gold_per_floor":[118,118,138,149,11,11,11,11,58,3,3,18,31,61,61,134,134,152,165,9,21,21,21,21,21],"floor_reached":24,"playtime":1862,"items_purged":["Strike_R"],"score":392,"play_id":"f6156c67-37e1-4721-84c1-f4a0392cf4a8","local_time":"20210101002316","is_ascension_mode":true,"campfire_choices":[{"data":"Uppercut","floor":6,"key":"SMITH"},{"data":"Inflame","floor":8,"key":"SMITH"},{"data":"Sword Boomerang","floor":11,"key":"SMITH"},{"data":"Fire Breathing","floor":15,"key":"SMITH"},{"floor":23,"key":"REST"}],"circlet_count":0,"master_deck":["AscendersBane","Strike_R+1","Strike_R+1","Strike_R","Strike_R","Defend_R","Defend_R","Defend_R","Defend_R","Bash","Inflame+1","Sword Boomerang+1","Uppercut+1","Fire Breathing+1","Thunderclap+1","Dropkick+1","Impervious","Evolve","Shrug It Off","Sword Boomerang+1"],"relics":["Burning Blood","Whetstone","Molten Egg 2","Blood Vial","Juzu Bracelet","Vajra","Sozu","HandDrill"],"acts_visited":["Exordium","TheCity"],"potions_floor_usage":[14,16],"damage_taken":[{"damage":11,"enemies":"2 Louse","floor":1,"turns":4},{"damage":6,"enemies":"Jaw Worm","floor":3,"turns":5},{"damage":15,"enemies":"Small Slimes","floor":4,"turns":3},{"damage":12,"enemies":"Looter","floor":12,"turns":3},{"damage":10,"enemies":"2 Fungi Beasts","floor":13,"turns":3},{"damage":30,"enemies":"Lagavulin","floor":14,"turns":6},{"damage":19,"enemies":"Hexaghost","floor":16,"turns":8},{"damage":22,"enemies":"3 Byrds","floor":18,"turns":4},{"damage":19,"enemies":"Spheric Guardian","floor":19,"turns":4},{"damage":32,"enemies":"Shelled Parasite and Fungi","floor":21,"turns":5},{"damage":36,"enemies":"Book of Stabbing","floor":24,"turns":4}],"seed_played":"5421003211460562274","potions_obtained":[{"floor":4,"key":"BloodPotion"},{"floor":12,"key":"FearPotion"},{"floor":13,"key":"SpeedPotion"}],"is_trial":false,"path_per_floor":["M","?","M","M","$","R","?","R","T","$","R","M","M","E","R","B",null,"M","M","$","M","?","R","E"],"character_chosen":"IRONCLAD","items_purchased":["Molten Egg 2","ColorlessPotion","HandDrill"],"campfire_rested":1,"item_purchase_floors":[5,10,20],"current_hp_per_floor":[63,63,63,54,54,54,54,54,54,54,54,50,48,26,26,15,60,46,35,35,11,11,33,0,0],"gold":21,"neow_bonus":"RANDOM_COMMON_RELIC","is_daily":false,"chose_seed":false,"campfire_upgraded":4,"win_rate":0.0,"timestamp":1609482196,"path_taken":["M","?","?","?","$","R","?","R","T","$","R","M","M","E","R","BOSS","M","M","$","M","?","R","E"],"items_purchased_type":["Relic","Potion","Relic"],"build_version":"2020-12-22","purchased_purges":1,"victory":false,"max_hp_per_floor":[75,75,75,75,75,75,75,75,75,75,75,75,75,75,75,75,75,75,75,75,75,75,75,75,75],"card_choices":[{"not_picked":["Body Slam","Anger"],"picked":"Inflame","floor":1},{"not_picked":["Clash","Flex"],"picked":"Sword Boomerang","floor":3},{"not_picked":["True Grit","Body Slam"],"picked":"Uppercut","floor":4},{"not_picked":["Combust","Perfected Strike+1"],"picked":"Fire Breathing","floor":12},{"not_picked":["Cleave+1","Havoc"],"picked":"Thunderclap+1","floor":13},{"not_picked":["Fiend Fire+1","Cleave+1"],"picked":"Dropkick+1","floor":14},{"not_picked":["Double Tap","Exhume"],"picked":"Impervious","floor":16},{"not_picked":["Dual Wield+1","Flex"],"picked":"Evolve","floor":18},{"not_picked":["Combust","Armaments"],"picked":"Shrug It Off","floor":19},{"not_picked":["Headbutt+1","Clash+1"],"picked":"Sword Boomerang+1","floor":21}],"player_experience":716575,"relics_obtained":[{"floor":9,"key":"Juzu Bracelet"},{"floor":14,"key":"Vajra"}],"event_choices":[{"damage_healed":0,"gold_gain":0,"player_choice":"Ignored","damage_taken":0,"max_hp_gain":0,"max_hp_loss":0,"event_name":"Golden Wing","floor":2,"gold_loss":0},{"damage_healed":0,"gold_gain":0,"player_choice":"Gave Potion","damage_taken":0,"relics_obtained":["Blood Vial"],"max_hp_gain":0,"max_hp_loss":0,"event_name":"WeMeetAgain","floor":7,"gold_loss":0},{"cards_removed":["Uppercut"],"damage_healed":0,"gold_gain":0,"player_choice":"Give","damage_taken":0,"max_hp_gain":0,"max_hp_loss":0,"event_name":"betterNote:BetterNote","floor":22,"gold_loss":0,"cards_obtained":["None"]}],"is_beta":false,"boss_relics":[{"not_picked":["Runic Cube","Black Blood"],"picked":"Sozu"}],"items_purged_floors":[20],"is_endless":false,"potions_floor_spawned":[4,12,13,18,19],"killed_by":"Book of Stabbing","ascension_level":20}}