{"host":"h4lp0eeso8a0ssq0","time":1609542669,"event":{"mods":["2.2 Compatiblity","AchievementEnabler","BaseMod","CapriCore","Colored Map","Lobotomy","Minty Spire (QoL Compilation)","StSLib","SuperFastMode"],"gold_per_floor":[113,128,228,242,259,292,307,322,322,348,379,399,399,410,410,506,506,521,521,30,46,46,73,73,73,100,112,112,112],"floor_reached":28,"playtime":2215,"items_purged":["Strike_R"],"score":277,"play_id":"71d41963-f545-4a44-a3e0-62c6c8a82134","local_time":"20210102081109","is_ascension_mode":false,"campfire_choices":[{"data":"Uppercut","floor":13.0,"key":"SMITH"},{"data":"Heavy Blade","floor":15.0,"key":"SMITH"},{"floor":24.0,"key":"REST"}],"circlet_count":0,"master_deck":["Strike_R+1","Strike_R","Strike_R","Strike_R","Defend_R","Defend_R","Defend_R","Defend_R","Bash","Reaper","Battle Trance","Carnage","Sword Boomerang","Shrug It Off","Flame Barrier","Shrug It Off","Demon Form","Uppercut+1","Heavy Blade+1","Demon Form","Rampage+1","Warcry+1","Battle Trance+1","Headbutt","Heavy Blade","Heavy Blade+1","True Grit+1"],"relics":["Burning Blood","Vajra","Dream Catcher","Odd Mushroom","StoneCalendar","SlaversCollar","Toxic Egg 2","ClockworkSouvenir","Whetstone"],"acts_visited":["Exordium","TheCity"],"potions_floor_usage":[],"damage_taken":[{"damage":11.0,"enemies":"Jaw Worm","floor":1.0,"turns":4.0},{"damage":6.0,"enemies":"Cultist","floor":2.0,"turns":3.0},{"damage":6.0,"enemies":"2 Louse","floor":4.0,"turns":2.0},{"damage":0.0,"enemies":"Large Slime","floor":5.0,"turns":5.0},{"damage":16.0,"enemies":"3 Sentries","floor":6.0,"turns":6.0},{"damage":0.0,"enemies":"Red Slaver","floor":7.0,"turns":5.0},{"damage":7.0,"enemies":"Blue Slaver","floor":8.0,"turns":3.0},{"damage":17.0,"enemies":"The Mushroom Lair","floor":10.0,"turns":6.0},{"damage":28.0,"enemies":"Lagavulin","floor":11.0,"turns":7.0},{"damage":6.0,"enemies":"3 Louse","floor":12.0,"turns":4.0},{"damage":5.0,"enemies":"Red Slaver","floor":14.0,"turns":3.0},{"damage":19.0,"enemies":"The Guardian","floor":16.0,"turns":8.0},{"damage":17.0,"enemies":"Chosen","floor":18.0,"turns":4.0},{"damage":28.0,"enemies":"2 Thieves","floor":21.0,"turns":4.0},{"damage":64.0,"enemies":"Slavers","floor":23.0,"turns":6.0},{"damage":34.0,"enemies":"Shelled Parasite and Fungi","floor":27.0,"turns":5.0},{"damage":18,"enemies":"Book of Stabbing","floor":28,"turns":4}],"seed_played":"-8006492090473583531","potions_obtained":[{"floor":1.0,"key":"Regen Potion"},{"floor":5.0,"key":"ElixirPotion"},{"floor":7.0,"key":"Ancient Potion"},{"floor":10.0,"key":"Explosive Potion"},{"floor":14.0,"key":"FairyPotion"},{"floor":21.0,"key":"DistilledChaos"},{"floor":27.0,"key":"PowerPotion"}],"is_trial":false,"path_per_floor":["M","M","?","M","M","E","M","M","T","?","E","M","R","M","R","B",null,"M","?","$","M","?","E","R","?","T","M","E"],"character_chosen":"IRONCLAD","items_purchased":["Toxic Egg 2","Warcry+1","ClockworkSouvenir"],"campfire_rested":1,"item_purchase_floors":[20,20,20],"current_hp_per_floor":[80,80,80,80,80,70,76,75,75,76,54,69,69,70,70,57,80,79,79,79,67,67,36,60,60,60,32,14,14],"gold":112,"neow_bonus":"ONE_RANDOM_RARE_CARD","is_daily":false,"chose_seed":false,"campfire_upgraded":2,"win_rate":0.0,"timestamp":1609542669,"path_taken":["M","M","?","M","M","E","M","?","T","?","E","M","R","M","R","BOSS","M","?","$","?","?","E","R","?","T","M","E"],"items_purchased_type":["Relic","Card","Relic"],"build_version":"2020-12-22","purchased_purges":1,"victory":false,"max_hp_per_floor":[80,80,80,80,80,80,80,80,80,80,80,80,80,80,80,80,80,80,80,80,80,80,80,80,80,80,80,80,80],"card_choices":[{"not_picked":["Bloodletting","Perfected Strike"],"picked":"Battle Trance","floor":1.0},{"not_picked":["True Grit","Perfected Strike"],"picked":"Carnage","floor":2.0},{"not_picked":["Body Slam","Cleave"],"picked":"Sword Boomerang","floor":4.0},{"not_picked":["Warcry","Bloodletting"],"picked":"Fire Breathing","floor":5.0},{"not_picked":["Impervious","Whirlwind"],"picked":"Shrug It Off","floor":6.0},{"not_picked":["Twin Strike","Anger"],"picked":"Flame Barrier","floor":7.0},{"not_picked":["Sword Boomerang","Twin Strike"],"picked":"Shrug It Off","floor":8.0},{"not_picked":["Body Slam","Clothesline"],"picked":"Demon Form","floor":10.0},{"not_picked":["Perfected Strike","Hemokinesis","Armaments"],"picked":"SKIP","floor":11.0},{"not_picked":["Anger","Shrug It Off"],"picked":"Uppercut","floor":12.0},{"not_picked":["Pommel Strike","Clash"],"picked":"Heavy Blade","floor":14.0},{"not_picked":["Reaper","Barricade"],"picked":"Demon Form","floor":16.0},{"not_picked":["Searing Blow","Iron Wave"],"picked":"Rampage","floor":18.0},{"not_picked":["Iron Wave","Shrug It Off+1"],"picked":"Battle Trance+1","floor":21.0},{"not_picked":["Clothesline","Metallicize"],"picked":"Headbutt","floor":23.0},{"not_picked":["Pommel Strike","Sever Soul"],"picked":"Heavy Blade","floor":24.0},{"not_picked":["Infernal Blade+1","Bludgeon"],"picked":"True Grit+1","floor":27.0}],"player_experience":11991,"relics_obtained":[{"floor":6.0,"key":"Vajra"},{"floor":9.0,"key":"Dream Catcher"},{"floor":10.0,"key":"Odd Mushroom"},{"floor":11.0,"key":"StoneCalendar"},{"floor":23.0,"key":"Whetstone"}],"event_choices":[{"damage_healed":0.0,"max_hp_gain":0.0,"max_hp_loss":0.0,"gold_gain":100.0,"event_name":"Golden Shrine","player_choice":"Pray","floor":3.0,"gold_loss":0.0,"damage_taken":0.0},{"damage_healed":0.0,"max_hp_gain":0.0,"max_hp_loss":0.0,"gold_gain":0.0,"event_name":"Mushrooms","player_choice":"Fought Mushrooms","floor":10.0,"gold_loss":0.0,"damage_taken":0.0},{"cards_removed":["Fire Breathing"],"damage_healed":0.0,"max_hp_gain":0.0,"max_hp_loss":0.0,"gold_gain":0.0,"event_name":"Purifier","player_choice":"Purged","floor":19.0,"gold_loss":0.0,"damage_taken":0.0},{"damage_healed":0.0,"max_hp_gain":0.0,"max_hp_loss":0.0,"gold_gain":0.0,"event_name":"Duplicator","player_choice":"Copied","floor":25.0,"gold_loss":0.0,"damage_taken":0.0,"cards_obtained":["Heavy Blade"]}],"is_beta":false,"boss_relics":[{"not_picked":["SacredBark","Runic Pyramid"],"picked":"SlaversCollar"}],"items_purged_floors":[20],"is_endless":false,"potions_floor_spawned":[1,5,7,10,12,14,21,27],"killed_by":"Book of Stabbing","ascension_level":0}}