{"host":"lg1piimdyocafd6j","time":1609504446,"event":{"mods":["AchievementEnabler","BaseMod","Better Third Choice","BetterRewards","Colored Map","Colored Powertips","Downfall","Minty Spire (QoL Compilation)","Quick Restart","Rare Cards Sparkle","StSLib","SuperFastMode"],"gold_per_floor":[109,123,123,150,100,100,22,22,48,68,68,97,97,115,115,115,115],"floor_reached":16,"playtime":2635,"items_purged":["Bash","Strike_R","Defend_R"],"score":96,"play_id":"07f3ed68-f8f4-48ca-a408-365d5269f764","local_time":"20210101133406","is_ascension_mode":false,"campfire_choices":[{"floor":6,"key":"RECALL"},{"data":"Flame Barrier","floor":11,"key":"SMITH"},{"floor":15,"key":"REST"}],"circlet_count":0,"master_deck":["Strike_R","Strike_R+1","Strike_R","Strike_R","Defend_R","Defend_R","Defend_R","Whirlwind","Flame Barrier","Armaments+1","Flame Barrier+1","Rage","Anger","Whirlwind","Anger"],"relics":["Burning Blood","Orrery","Juzu Bracelet","Boot","Odd Mushroom","Omamori"],"acts_visited":["Exordium"],"potions_floor_usage":[10],"damage_taken":[{"damage":2,"enemies":"2 Louse","floor":1,"turns":2},{"damage":0,"enemies":"Jaw Worm","floor":2,"turns":7},{"damage":9,"enemies":"The Mushroom Lair","floor":10,"turns":4},{"damage":35,"enemies":"Gremlin Nob","floor":12,"turns":7},{"damage":0,"enemies":"Small Slimes","floor":14,"turns":3},{"damage":0,"enemies":"Hexaghost","floor":16,"turns":1}],"seed_played":"-7807620030417774938","potions_obtained":[{"floor":2,"key":"LiquidBronze"},{"floor":10,"key":"DuplicationPotion"}],"is_trial":false,"path_per_floor":["M","M","?","T","$","R","$","?","T","?","R","E","?","M","R","B"],"character_chosen":"IRONCLAD","items_purchased":["Orrery","Juzu Bracelet","Flame Barrier","Anger","Whirlwind"],"campfire_rested":1,"item_purchase_floors":[0,0,0,5,7],"current_hp_per_floor":[76,80,64,64,64,64,64,80,80,77,77,48,48,54,78,78,78],"gold":115,"neow_bonus":"","is_daily":false,"chose_seed":false,"campfire_upgraded":1,"win_rate":0.0,"timestamp":1609504446,"path_taken":["M","M","?","?","$","R","$","?","T","?","R","E","?","M","R","BOSS"],"items_purchased_type":["Relic","Relic","Card","Card","Card"],"build_version":"2020-12-22","purchased_purges":3,"victory":false,"max_hp_per_floor":[80,80,80,80,80,80,80,80,80,80,80,80,80,80,80,80,80],"card_choices":[{"not_picked":["Corruption","Sword Boomerang"],"picked":"Whirlwind","floor":0},{"not_picked":["Ghostly Armor","Wild Strike"],"picked":"Flame Barrier","floor":0},{"not_picked":["Warcry","Headbutt"],"picked":"Armaments","floor":0},{"not_picked":["Dual Wield","Rampage","Warcry"],"picked":"SKIP","floor":1},{"not_picked":["Rampage","Hemokinesis"],"picked":"Rage","floor":2},{"not_picked":["Barricade","Blood for Blood"],"picked":"Anger","floor":10},{"not_picked":["Cleave","Battle Trance","Twin Strike"],"picked":"SKIP","floor":12},{"not_picked":["Clash","True Grit","Disarm"],"picked":"SKIP","floor":14}],"player_experience":165726,"relics_obtained":[{"floor":9,"key":"Boot"},{"floor":10,"key":"Odd Mushroom"},{"floor":12,"key":"Omamori"}],"event_choices":[{"damage_healed":80,"gold_gain":0,"player_choice":"Upgrade","damage_taken":16,"max_hp_gain":0,"max_hp_loss":80,"event_name":"betterThird:BetterShining","floor":3,"gold_loss":0,"cards_upgraded":["Strike_R","Armaments"]},{"damage_healed":26,"gold_gain":0,"player_choice":"Banana","damage_taken":0,"max_hp_gain":0,"max_hp_loss":0,"event_name":"Big Fish","floor":8,"gold_loss":0},{"damage_healed":0,"gold_gain":0,"player_choice":"Fought Mushrooms","damage_taken":0,"max_hp_gain":0,"max_hp_loss":0,"event_name":"Mushrooms","floor":10,"gold_loss":0},{"damage_healed":0,"gold_gain":0,"player_choice":"0 cards matched","damage_taken":0,"max_hp_gain":0,"max_hp_loss":0,"event_name":"Match and Keep!","floor":13,"gold_loss":0,"cards_obtained":[]}],"is_beta":false,"boss_relics":[],"items_purged_floors":[0,0,0],"is_endless":false,"potions_floor_spawned":[2,10],"killed_by":"Hexaghost","ascension_level":0}}