{"host":"lg1piimdyocafd6j","time":1609499866,"event":{"mods":["AchievementEnabler","BaseMod","Better Third Choice","BetterRewards","Colored Map","Colored Powertips","Downfall","Minty Spire (QoL Compilation)","Quick Restart","Rare Cards Sparkle","StSLib","SuperFastMode"],"gold_per_floor":[109,129,129,129,141,174,174,188,188,200,200,200,227,238,238,334,334,350,350,350,200,211,211,126,149,174,174,273,273,273,289,289,390,390,407,407,85,103,28,28,48,48,72,72,9,25,41,41,41,41,41,41,16,51,51,51],"floor_reached":55,"playtime":2447,"items_purged":["Strike_R","Strike_R","Defend_R","Entrench+1","Defend_R"],"score":623,"play_id":"aaecf9e7-043d-4642-8870-99f8d5649923","local_time":"20210101121746","is_ascension_mode":false,"campfire_choices":[{"floor":15,"key":"REST"},{"floor":23,"key":"RECALL"},{"floor":27,"key":"REST"},{"data":"Barricade","floor":29,"key":"SMITH"},{"data":"Iron Wave","floor":30,"key":"SMITH"},{"floor":32,"key":"REST"},{"data":"Combust","floor":40,"key":"SMITH"},{"data":"Whirlwind","floor":42,"key":"SMITH"},{"data":"Demon Form","floor":44,"key":"SMITH"},{"data":"Inflame","floor":49,"key":"SMITH"},{"data":"Defend_R","floor":52,"key":"SMITH"}],"circlet_count":0,"master_deck":["Strike_R","Strike_R","Defend_R+1","Whirlwind+1","Combust+1","Armaments+1","Inflame+1","Iron Wave+1","Barricade+1","Armaments+1","Demon Form+1","CurseOfTheBell","Iron Wave+1","Limit Break+1","Decay"],"relics":["Burning Blood","Toxic Egg 2","Shuriken","Vajra","Thread and Needle","Calling Bell","Pen Nib","Molten Egg 2","WingedGreaves","Pocketwatch","Toy Ornithopter","Red Skull","Velvet Choker","Membership Card","Bag of Preparation","Lantern","Bag of Marbles","Juzu Bracelet","Sundial"],"acts_visited":["Exordium","TheCity","TheBeyond","TheEnding"],"potions_floor_usage":[13,16,16,50,50,50],"damage_taken":[{"damage":7,"enemies":"Small Slimes","floor":1,"turns":3},{"damage":9,"enemies":"2 Louse","floor":2,"turns":2},{"damage":4,"enemies":"Jaw Worm","floor":5,"turns":3},{"damage":39,"enemies":"Gremlin Nob","floor":6,"turns":6},{"damage":8,"enemies":"2 Fungi Beasts","floor":8,"turns":5},{"damage":4,"enemies":"Blue Slaver","floor":10,"turns":5},{"damage":19,"enemies":"Lagavulin","floor":13,"turns":9},{"damage":13,"enemies":"3 Louse","floor":14,"turns":3},{"damage":11,"enemies":"Slime Boss","floor":16,"turns":7},{"damage":31,"enemies":"2 Thieves","floor":18,"turns":3},{"damage":12,"enemies":"Shell Parasite","floor":22,"turns":12},{"damage":22,"enemies":"Centurion and Healer","floor":31,"turns":6},{"damage":24,"enemies":"Champ","floor":33,"turns":11},{"damage":16,"enemies":"3 Shapes","floor":35,"turns":9},{"damage":3,"enemies":"Orb Walker","floor":38,"turns":4},{"damage":4,"enemies":"Maw","floor":41,"turns":6},{"damage":19,"enemies":"Sphere and 2 Shapes","floor":46,"turns":4},{"damage":0,"enemies":"Jaw Worm Horde","floor":47,"turns":2},{"damage":64,"enemies":"Awakened One","floor":50,"turns":6},{"damage":46,"enemies":"Shield and Spear","floor":54,"turns":4},{"damage":98,"enemies":"The Heart","floor":55,"turns":3}],"seed_played":"5473811441245525340","potions_obtained":[{"floor":6,"key":"ColorlessPotion"},{"floor":13,"key":"FearPotion"},{"floor":14,"key":"Strength Potion"},{"floor":22,"key":"Explosive Potion"},{"floor":35,"key":"PowerPotion"},{"floor":41,"key":"Guardian:BlockOnCardUsePotion"}],"is_trial":false,"path_per_floor":["M","M","?","$","M","E","?","M","T","M","T","?","E","M","R","B",null,"M","?","?","$","M","R","?","T","T","R","?","R","R","M","R","B",null,"M","?","$","M","$","R","M","R","T","R","?","M","M","?","R","B",null,"R","$","E","B"],"character_chosen":"IRONCLAD","items_purchased":["Whirlwind","Combust","Toxic Egg 2","Armaments+1","Membership Card","Bag of Preparation","Lantern","Dexterity Potion"],"campfire_rested":3,"item_purchase_floors":[0,0,0,0,37,37,39,53],"current_hp_per_floor":[79,76,69,69,71,38,64,62,62,64,64,64,51,44,68,63,80,55,55,55,55,49,49,49,49,49,73,73,73,73,57,80,62,80,70,70,70,73,73,73,75,75,75,75,75,62,68,68,68,25,80,80,80,40,0,0],"gold":51,"neow_bonus":"","is_daily":false,"chose_seed":false,"campfire_upgraded":7,"win_rate":0.0,"timestamp":1609499866,"path_taken":["M","M","?","$","M","E","?","M","T","M","?","?","E","M","R","BOSS","M","?","?","$","?","R","?","?","T","R","?","R","R","M","R","BOSS","M","?","$","?","$","R","M","R","T","R","?","M","M","?","R","BOSS","R","$","E","BOSS"],"items_purchased_type":["Card","Card","Relic","Card","Relic","Relic","Relic","Potion"],"build_version":"2020-12-22","purchased_purges":5,"victory":false,"max_hp_per_floor":[80,80,80,80,80,80,80,80,80,80,80,80,80,80,80,80,80,80,80,80,80,80,80,80,80,80,80,80,80,80,80,80,80,80,80,80,80,80,80,80,80,80,80,80,80,80,80,80,80,80,80,80,80,80,80,80],"card_choices":[{"not_picked":["Havoc+1","Clothesline"],"picked":"Inflame","floor":1},{"not_picked":["Twin Strike","Anger","Rampage"],"picked":"SKIP","floor":2},{"not_picked":["Twin Strike","Sword Boomerang"],"picked":"Entrench+1","floor":5},{"not_picked":["True Grit+1","Flame Barrier+1"],"picked":"Iron Wave","floor":6},{"not_picked":["Dropkick","Power Through+1","Sentinel+1"],"picked":"SKIP","floor":8},{"not_picked":["Wild Strike","Clothesline"],"picked":"Barricade","floor":10},{"not_picked":["Blood for Blood","Dropkick"],"picked":"Armaments+1","floor":13},{"not_picked":["Pommel Strike","Entrench+1","Shrug It Off+1"],"picked":"SKIP","floor":14},{"not_picked":["Offering+1","Corruption"],"picked":"Demon Form","floor":16},{"not_picked":["Rage+1","Clash+1","Clothesline+1"],"picked":"SKIP","floor":18},{"not_picked":["Anger+1","Body Slam+1","Clash+1"],"picked":"SKIP","floor":22},{"not_picked":["Thunderclap+1","Barricade","True Grit+1"],"picked":"SKIP","floor":31},{"not_picked":["Shrug It Off+1","Pommel Strike+1"],"picked":"Iron Wave+1","floor":35},{"not_picked":["Ghostly Armor+1","Heavy Blade+1","Sword Boomerang+1"],"picked":"SKIP","floor":38},{"not_picked":["Pommel Strike+1","True Grit+1","Anger+1"],"picked":"SKIP","floor":41},{"not_picked":["Uppercut+1","Sword Boomerang+1","Flex+1"],"picked":"SKIP","floor":46},{"not_picked":["Sever Soul+1","Pommel Strike+1"],"picked":"Limit Break+1","floor":47},{"not_picked":["Anger+1","True Grit+1","Carnage+1"],"picked":"SKIP","floor":54}],"player_experience":165726,"relics_obtained":[{"floor":6,"key":"Shuriken"},{"floor":11,"key":"Vajra"},{"floor":13,"key":"Thread and Needle"},{"floor":17,"key":"Pen Nib"},{"floor":17,"key":"Molten Egg 2"},{"floor":17,"key":"WingedGreaves"},{"floor":25,"key":"Toy Ornithopter"},{"floor":26,"key":"Red Skull"},{"floor":43,"key":"Bag of Marbles"},{"floor":54,"key":"Sundial"}],"event_choices":[{"cards_removed":["Bash"],"damage_healed":0,"gold_gain":0,"player_choice":"Card Removal","damage_taken":7,"max_hp_gain":0,"max_hp_loss":0,"event_name":"Golden Wing","floor":3,"gold_loss":0},{"damage_healed":26,"gold_gain":0,"player_choice":"Banana","damage_taken":0,"max_hp_gain":0,"max_hp_loss":0,"event_name":"Big Fish","floor":7,"gold_loss":0},{"damage_healed":0,"gold_gain":0,"player_choice":"Ignored","damage_taken":0,"max_hp_gain":0,"max_hp_loss":0,"event_name":"Golden Idol","floor":12,"gold_loss":0},{"damage_healed":0,"gold_gain":0,"player_choice":"Ignored","damage_taken":0,"max_hp_gain":0,"max_hp_loss":0,"event_name":"Vampires","floor":19,"gold_loss":0},{"cards_removed":["Strike_R"],"damage_healed":0,"gold_gain":0,"player_choice":"Purged","damage_taken":0,"max_hp_gain":0,"max_hp_loss":0,"event_name":"Purifier","floor":20,"gold_loss":0},{"damage_healed":0,"gold_gain":0,"player_choice":"Obtained Relic","damage_taken":0,"relics_obtained":["Pocketwatch"],"max_hp_gain":0,"max_hp_loss":0,"event_name":"Addict","floor":24,"gold_loss":85},{"damage_healed":0,"gold_gain":99,"player_choice":"Steal","damage_taken":0,"max_hp_gain":0,"max_hp_loss":0,"event_name":"betterThird:BetterNest","floor":28,"gold_loss":0},{"cards_removed":["Defend_R"],"damage_healed":0,"gold_gain":0,"player_choice":"Purged","damage_taken":0,"max_hp_gain":0,"max_hp_loss":0,"event_name":"Purifier","floor":36,"gold_loss":0},{"damage_healed":0,"gold_gain":0,"player_choice":"Paid Gold","damage_taken":0,"relics_obtained":["Juzu Bracelet"],"max_hp_gain":0,"max_hp_loss":0,"event_name":"WeMeetAgain","floor":45,"gold_loss":63},{"damage_healed":0,"gold_gain":0,"player_choice":"Cursed","damage_taken":0,"max_hp_gain":0,"max_hp_loss":0,"event_name":"Wheel of Change","floor":48,"gold_loss":0,"cards_obtained":["Decay"]}],"is_beta":false,"boss_relics":[{"not_picked":["Mark of Pain","Philosopher\u0027s Stone"],"picked":"Calling Bell"},{"not_picked":["Coffee Dripper","Pandora\u0027s Box"],"picked":"Velvet Choker"}],"items_purged_floors":[0,0,0,21,37],"is_endless":false,"potions_floor_spawned":[6,13,14,22,35,41,47],"killed_by":"The Heart","ascension_level":0}}