{"host":"yfdtuf6ojcxn06xg","time":1609545076,"event":{"mods":["2.2 Compatiblity","AchievementEnabler","BaseMod","Colored Map","Colored Powertips","Downfall","Hermit","JesterMod","Jorbs\u0027s Wanderer Trilogy","Minty Spire (QoL Compilation)","Quick Restart","Rare Cards Sparkle","Relic Stats","Replay The Spire","StSLib","The Cursed","The Disciple","The Hierophant","The Jungle","The Necromancer","The Servant 0.9.4"],"gold_per_floor":[110,110,110,120,120,147,159,159,159,159,10,20,63,75,75,75,75],"floor_reached":16,"playtime":996,"items_purged":[],"score":135,"play_id":"a555c811-ed1e-4015-b0ee-2dec7e777763","local_time":"20210101185116","is_ascension_mode":false,"campfire_choices":[{"data":"LockedThread","floor":8,"key":"SMITH"},{"data":"LockedUrn","floor":10,"key":"SMITH"},{"data":"HandsUpC","floor":15,"key":"SMITH"}],"circlet_count":0,"master_deck":["Strike_Br","Strike_Br","Strike_Br","Strike_Br","Defend_Br","Defend_Br","Defend_Br","Defend_Br","SecondHand","PatternShift","ShortSighted","LockedThread+1","LockedBlood","LockedUrn+1","LockedMawBank","LockedMawBank","HandsUpC+1"],"relics":["Chronometer","NeowsBlessing","Hand?","Ring of Hypnosis","ReplayTheSpireMod:Ring of Collecting","Pen Nib","Ring of Fury","Meat on the Bone","ClockworkSouvenir","ReplayFunnel"],"acts_visited":["Exordium"],"potions_floor_usage":[7,13],"damage_taken":[{"damage":0,"enemies":"Cultist","floor":1,"turns":1},{"damage":0,"enemies":"Small Slimes","floor":4,"turns":1},{"damage":0,"enemies":"3 Sentries","floor":6,"turns":3},{"damage":4,"enemies":"Jaw Worm","floor":7,"turns":5},{"damage":3,"enemies":"3 Louse","floor":12,"turns":4},{"damage":74,"enemies":"Gremlin Nob","floor":13,"turns":7},{"damage":6,"enemies":"Exordium Thugs","floor":14,"turns":6},{"damage":55,"enemies":"The Guardian","floor":16,"turns":11}],"seed_played":"488212445324638058","potions_obtained":[{"floor":1,"key":"Slimebound:ThreeZeroPotion"},{"floor":4,"key":"SkillPotion"},{"floor":6,"key":"Energy Potion"}],"is_trial":false,"path_per_floor":["M","?","?","M","?","E","M","R","T","R","$","M","E","M","R","B"],"character_chosen":"CHRONO_CLASS","items_purchased":["ClockworkSouvenir"],"campfire_rested":0,"item_purchase_floors":[11],"current_hp_per_floor":[65,65,65,65,65,65,63,63,63,63,63,65,21,42,42,0,0],"gold":75,"neow_bonus":"THREE_ENEMY_KILL","is_daily":false,"chose_seed":false,"campfire_upgraded":3,"win_rate":0.0,"timestamp":1609545076,"path_taken":["M","?","?","M","?","E","M","R","T","R","$","?","E","M","R","BOSS"],"items_purchased_type":["Relic"],"build_version":"2020-12-22","purchased_purges":0,"victory":false,"max_hp_per_floor":[65,65,65,65,65,65,65,65,65,65,65,65,65,65,65,65,65],"relic_stats":{"counters":[8,38],"Pen Nib":[4],"obtain_stats":[{"ReplayFunnel":13,"NeowsBlessing":0,"Hand?":2,"Ring of Hypnosis":3,"Chronometer":0,"ReplayTheSpireMod:Ring of Collecting":3,"Ring of Fury":9,"Pen Nib":6,"Meat on the Bone":9,"ClockworkSouvenir":11},{"ReplayFunnel":6,"NeowsBlessing":0,"Hand?":1,"Ring of Hypnosis":1,"Chronometer":0,"ReplayTheSpireMod:Ring of Collecting":1,"Ring of Fury":4,"Pen Nib":3,"Meat on the Bone":4,"ClockworkSouvenir":4},{"ReplayFunnel":21,"NeowsBlessing":0,"Hand?":1,"Ring of Hypnosis":1,"Chronometer":0,"ReplayTheSpireMod:Ring of Collecting":1,"Ring of Fury":10,"Pen Nib":5,"Meat on the Bone":10,"ClockworkSouvenir":10}],"Meat on the Bone":12},"card_choices":[{"not_picked":["Parity","CrunchTime"],"picked":"ShortSighted","floor":1},{"not_picked":["Break","VestedLegacy"],"picked":"LockedThread","floor":4},{"not_picked":["Flay","LockedMedicine"],"picked":"LockedBlood","floor":6},{"not_picked":["LockedMawBank","WatchCommand"],"picked":"LockedUrn","floor":7},{"not_picked":["WindUp","AlternateTimeline"],"picked":"LockedMawBank","floor":12},{"not_picked":["WindUp","BiteCommand"],"picked":"LockedMawBank","floor":13},{"not_picked":["LockedTornado","MasterKey"],"picked":"HandsUpC","floor":14}],"player_experience":179946,"relics_obtained":[{"floor":3,"key":"Ring of Hypnosis"},{"floor":3,"key":"ReplayTheSpireMod:Ring of Collecting"},{"floor":6,"key":"Pen Nib"},{"floor":9,"key":"Ring of Fury"},{"floor":9,"key":"Meat on the Bone"},{"floor":13,"key":"ReplayFunnel"}],"event_choices":[{"cards_removed":["Amnesia"],"damage_healed":0,"gold_gain":0,"player_choice":"Removed Curses","damage_taken":0,"max_hp_gain":0,"max_hp_loss":0,"event_name":"Fountain of Cleansing","floor":5,"gold_loss":0}],"is_beta":false,"boss_relics":[],"items_purged_floors":[],"is_endless":false,"potions_floor_spawned":[1,4,6],"killed_by":"The Guardian","ascension_level":0}}