{"host":"u9xtr94typ21duox","time":1609490628,"event":{"mods":["BaseMod","Key Reminder","KinomotoSakuraMod(木之本樱)","LagranYue(拉格朗・月)","Marisa（F雨　魔理沙）","Minty Spire (QoL Compilation)","Reimu（博丽灵梦）","Remilia（蕾米莉亚）","Replay The Spire","StSLib","Td1madao Mod","The Administrix","The Bladedancer","The Bug Knight","The Construct","The Cursed","The Gatherer","The Runesmith","The Servant 0.9.4","WarShipGirlsR/战舰少女R mod","Youmu（魂魄妖梦）","vexMod"],"gold_per_floor":[115,115,115,115,115,145,158,193,220,251,268,286,300,331,331,331,331],"floor_reached":16,"playtime":497,"items_purged":[],"score":163,"play_id":"6be1bedc-b469-46d7-9b12-d369618fa2d4","local_time":"20210101164348","is_ascension_mode":true,"campfire_choices":[{"data":"rmod:diamondstrike","floor":15,"key":"SMITH"}],"circlet_count":0,"master_deck":["rmod:strick","rmod:strick","rmod:strick","rmod:defend","rmod:defend","rmod:defend","rmod:defend","rmod:basicallowance","rmod:maingunfire","rmod:diamondstrike+1","rmod:guardianhero","rmod:aviationdawn","rmod:diaomin","rmod:diamondstrike+1"],"relics":["rmod:firstchargereward","LagranYue:RandomDrawCardRelic","NeowsBlessing","Replay:Mystery Machine","Toy Ornithopter","keyreminder:keyreminder","MealTicket","Simple Rune"],"acts_visited":["Exordium"],"potions_floor_usage":[8,14],"damage_taken":[{"damage":0,"enemies":"Cultist","floor":1,"turns":1},{"damage":0,"enemies":"3 Sentries","floor":6,"turns":2},{"damage":0,"enemies":"2 Louse","floor":7,"turns":1},{"damage":16,"enemies":"Gremlin Nob","floor":8,"turns":3},{"damage":11,"enemies":"3 Sentries","floor":10,"turns":7},{"damage":0,"enemies":"Small Slimes","floor":11,"turns":2},{"damage":0,"enemies":"Looter","floor":12,"turns":3},{"damage":0,"enemies":"Exordium Thugs","floor":13,"turns":4},{"damage":29,"enemies":"Gremlin Nob","floor":14,"turns":4},{"damage":16,"enemies":"Slime Boss","floor":16,"turns":8}],"seed_played":"-2269551283347864369","potions_obtained":[{"floor":1,"key":"Adrenaline Potion"},{"floor":7,"key":"SteroidPotion"},{"floor":8,"key":"PowerPotion"},{"floor":14,"key":"Weak Potion"}],"is_trial":false,"path_per_floor":["M","?","?","?","?","E","M","E","T","E","M","M","M","E","R","B"],"character_chosen":"PRAEFECT","items_purchased":[],"campfire_rested":0,"item_purchase_floors":[],"current_hp_per_floor":[75,80,80,80,80,80,80,64,64,53,53,53,53,29,29,13,13],"gold":331,"neow_bonus":"THREE_ENEMY_KILL","is_daily":false,"chose_seed":false,"campfire_upgraded":1,"win_rate":0.0,"timestamp":1609490628,"path_taken":["M","?","?","?","?","E","?","E","T","E","M","?","M","E","R","BOSS"],"items_purchased_type":[],"build_version":"2020-12-22","purchased_purges":0,"victory":false,"max_hp_per_floor":[75,80,80,80,80,80,80,80,80,80,80,80,80,80,80,80,80],"card_choices":[{"not_picked":["rmod:combined","rmod:lonelyqueen"],"picked":"rmod:diamondstrike","floor":1},{"not_picked":["rmod:smokecover","rmod:aluminumsupply","rmod:firesupport"],"picked":"SKIP","floor":6},{"not_picked":["rmod:guardianhero","rmod:supportescort","rmod:combined"],"picked":"SKIP","floor":7},{"not_picked":["rmod:supportescort","rmod:combined"],"picked":"rmod:guardianhero","floor":7},{"not_picked":["rmod:bulid","rmod:victimresponsibility"],"picked":"rmod:aviationdawn","floor":8},{"not_picked":["rmod:supriseattacks","rmod:capitalist","rmod:aluminumsupply"],"picked":"SKIP","floor":10},{"not_picked":["rmod:ammunitionsupply","rmod:generalist","rmod:ring"],"picked":"SKIP","floor":11},{"not_picked":["rmod:goodsister","rmod:aluminumsupply","rmod:intelligenceanalysis"],"picked":"SKIP","floor":12},{"not_picked":["rmod:luckystar","rmod:circuitoustactics"],"picked":"rmod:diaomin","floor":13},{"not_picked":["rmod:launchingtorpedo","rmod:aluminumsupply"],"picked":"rmod:diamondstrike","floor":14}],"player_experience":268499,"relics_obtained":[{"floor":6,"key":"Replay:Mystery Machine"},{"floor":8,"key":"Toy Ornithopter"},{"floor":10,"key":"MealTicket"},{"floor":14,"key":"Simple Rune"}],"event_choices":[{"damage_healed":0,"gold_gain":0,"player_choice":"Donut","damage_taken":0,"max_hp_gain":5,"max_hp_loss":0,"event_name":"Big Fish","floor":2,"gold_loss":0},{"damage_healed":0,"gold_gain":0,"player_choice":"Ignored","damage_taken":0,"max_hp_gain":0,"max_hp_loss":0,"event_name":"Liars Game","floor":3,"gold_loss":0},{"damage_healed":0,"gold_gain":0,"player_choice":"Grow","damage_taken":0,"max_hp_gain":0,"max_hp_loss":0,"event_name":"Living Wall","floor":4,"gold_loss":0,"cards_upgraded":["rmod:diamondstrike"]}],"is_beta":false,"boss_relics":[],"items_purged_floors":[],"is_endless":false,"potions_floor_spawned":[1,7,8,14],"killed_by":"Slime Boss","ascension_level":1}}