{"host":"ab7pxspaffl0aqg0","time":1609492403,"event":{"mods":["BaseMod","BetterRewards","Colored Map","Downfall","Hubris","Infinite Spire","Minty Spire (QoL Compilation)","Prisma Mod","Relic Sorter","Replay The Spire","Shop Mod","StSLib"],"gold_per_floor":[116,127,127,146,146,171,121,140,140,140,155,172,172,172,172,270,370,384,40,58,58,58],"floor_reached":21,"playtime":5659,"items_purged":[],"score":181,"play_id":"7f55a287-1cbf-40b5-819a-077cc1581a6e","local_time":"20210101011323","is_ascension_mode":false,"campfire_choices":[{"data":"PrismaMod:IllyaRussianRoulette","floor":10,"key":"SMITH"},{"data":"PrismaMod:IllyaRubysPotion","floor":13,"key":"SMITH"},{"floor":15,"key":"REST"}],"circlet_count":0,"master_deck":["PrismaMod:IllyaCommonAttack","PrismaMod:IllyaCommonAttack","PrismaMod:IllyaCommonDefend","PrismaMod:IllyaCommonAttack","PrismaMod:IllyaCommonDefend","PrismaMod:IllyaCommonAttack","PrismaMod:IllyaCommonDefend","PrismaMod:IllyaCommonAttack","PrismaMod:IllyaCommonDefend","PrismaMod:IllyaUncommonAttack","PrismaMod:IllyaUncommonDefend","PrismaMod:IllyaBerserCAR","PrismaMod:IllyaMinorRapidFire","PrismaMod:IllyaPoisonBomb+1","PrismaMod:IllyaRubysPotion+1","PrismaMod:IllyaRussianRoulette+1","PrismaMod:IllyaCheapChannelPoison","PrismaMod:IllyaAssassinRevenge","PrismaMod:IllyaInstallArcher","PrismaMod:IllyaBoysLove","PrismaMod:IllyaStunPoison+1","PrismaMod:IllyaInstallAvenger","PrismaMod:IllyaCheapDefend"],"relics":["PrismaMod:PrismaRuby","NeowsBlessing","Golden Egg","infinitespire:Eraser","hubris:Metronome","Replay:Wanted Poster","MerchantsRug"],"acts_visited":["Exordium","TheCity"],"potions_floor_usage":[20,20,21],"damage_taken":[{"damage":0,"enemies":"Jaw Worm","floor":1,"turns":1},{"damage":0,"enemies":"Small Slimes","floor":2,"turns":1},{"damage":0,"enemies":"Cultist","floor":4,"turns":1},{"damage":12,"enemies":"Gremlin Nob","floor":6,"turns":4},{"damage":0,"enemies":"3 Louse","floor":8,"turns":3},{"damage":14,"enemies":"Lots of Slimes","floor":11,"turns":2},{"damage":18,"enemies":"2 Fungi Beasts","floor":12,"turns":3},{"damage":21,"enemies":"Hexaghost","floor":16,"turns":8},{"damage":0,"enemies":"Chosen","floor":18,"turns":4},{"damage":57,"enemies":"3 Byrds","floor":20,"turns":5},{"damage":34,"enemies":"Shelled Parasite and Fungi","floor":21,"turns":4}],"seed_played":"-4819216834538164940","potions_obtained":[{"floor":4,"key":"Block Potion"},{"floor":6,"key":"Toxic Potion"},{"floor":12,"key":"DuplicationPotion"},{"floor":16,"key":"BlessingOfTheForge"}],"is_trial":false,"path_per_floor":["M","M","?","M","?","E","?","M","T","R","M","M","R","?","R","B",null,"M","$","M","M"],"character_chosen":"ILLYA","items_purchased":["PrismaMod:IllyaStunPoison","PrismaMod:IllyaInstallAvenger","MerchantsRug"],"campfire_rested":1,"item_purchase_floors":[19,19,19],"current_hp_per_floor":[75,75,68,68,68,56,56,61,61,61,52,34,34,34,56,40,75,75,75,23,0,0],"gold":58,"neow_bonus":"THREE_ENEMY_KILL","is_daily":false,"chose_seed":false,"campfire_upgraded":2,"win_rate":0.0,"timestamp":1609492403,"path_taken":["M","M","?","M","?","E","?","M","T","R","M","?","R","?","R","BOSS","M","?","M","M"],"items_purchased_type":["Card","Card","Relic"],"build_version":"2020-12-22","purchased_purges":0,"victory":false,"max_hp_per_floor":[75,75,75,75,75,75,75,75,75,75,75,75,75,75,75,75,75,75,75,75,75,75],"card_choices":[{"not_picked":["PrismaMod:IllyaDevil","PrismaMod:IllyaBlindPoisonToss"],"picked":"PrismaMod:IllyaBerserCAR","floor":1},{"not_picked":["PrismaMod:IllyaCheapDefend","PrismaMod:IllyaStunPoison"],"picked":"PrismaMod:IllyaMinorRapidFire","floor":2},{"not_picked":["PrismaMod:IllyaStunPoison","PrismaMod:IllyaUncommonAOEAttack"],"picked":"PrismaMod:IllyaPoisonBomb","floor":4},{"not_picked":["PrismaMod:IllyaGrailKun","PrismaMod:IllyaCheapChannelDefend"],"picked":"PrismaMod:IllyaRubysPotion","floor":6},{"not_picked":["PrismaMod:IllyaBride","PrismaMod:IllyaUncommonAOEAttack"],"picked":"PrismaMod:IllyaRussianRoulette","floor":8},{"not_picked":["PrismaMod:IllyaUberAttackChannel","PrismaMod:IllyaBlindPoisonToss"],"picked":"PrismaMod:IllyaCheapChannelPoison","floor":11},{"not_picked":["PrismaMod:IllyaUpgradeOrbs","PrismaMod:IllyaSaphire"],"picked":"PrismaMod:IllyaAssassinRevenge","floor":12},{"not_picked":["PrismaMod:IllyaInstallRuler","PrismaMod:IllyaCarnivalOrbs"],"picked":"PrismaMod:IllyaInstallArcher","floor":16},{"not_picked":["PrismaMod:IllyaRubysPotion+1","PrismaMod:IllyaBlindPoisonToss"],"picked":"PrismaMod:IllyaBoysLove","floor":18},{"not_picked":["PrismaMod:IllyaRubysPotion","PrismaMod:IllyaCarnivalDefend"],"picked":"PrismaMod:IllyaCheapDefend","floor":20}],"player_experience":180342,"relics_obtained":[{"floor":6,"key":"infinitespire:Eraser"},{"floor":9,"key":"hubris:Metronome"}],"event_choices":[{"damage_healed":0,"gold_gain":0,"player_choice":"Success","damage_taken":7,"relics_obtained":["Golden Egg"],"max_hp_gain":0,"max_hp_loss":0,"event_name":"Scrap Ooze","floor":3,"gold_loss":0},{"cards_removed":["PrismaMod:IllyaCommonDefend"],"damage_healed":0,"gold_gain":0,"player_choice":"Card Removal","damage_taken":0,"max_hp_gain":0,"max_hp_loss":0,"event_name":"The Cleric","floor":7,"gold_loss":50},{"damage_healed":0,"gold_gain":0,"player_choice":"Bought 0 Potions","damage_taken":0,"max_hp_gain":0,"max_hp_loss":0,"event_name":"The Woman in Blue","floor":14,"gold_loss":0}],"is_beta":false,"boss_relics":[{"not_picked":["Astrolabe","hubris:TerracottaHorce"],"picked":"Replay:Wanted Poster"}],"items_purged_floors":[],"is_endless":false,"potions_floor_spawned":[4,6,12,16],"killed_by":"Shelled Parasite and Fungi","ascension_level":0}}