{"host":"9n6i2vl93jt4o42q","time":1609511070,"event":{"mods":["BaseMod","Minty Spire (QoL Compilation)","Relic Stats"],"gold_per_floor":[365,365,384,122,141,141,152,152,179,192,18,18,28,28,28,101,101,119,150,150,25,37,37,72,72,117,117,137,137,168,168,168,241,291,305,63,63,79,92,92,92],"floor_reached":40,"playtime":9170,"items_purged":["Pain","Injury","Decay","Strike_G"],"score":828,"play_id":"292bde08-d5f8-44f5-8c75-717d63931e09","local_time":"20210101152430","is_ascension_mode":true,"campfire_choices":[{"data":"Caltrops","floor":6.0,"key":"SMITH"},{"data":"Malaise","floor":12.0,"key":"SMITH"},{"data":"Well Laid Plans","floor":15.0,"key":"SMITH"},{"floor":23.0,"key":"REST"},{"floor":29.0,"key":"REST"},{"floor":32.0,"key":"REST"}],"circlet_count":0,"master_deck":["AscendersBane","Strike_G","Strike_G","Strike_G","Defend_G","Defend_G+1","Defend_G","Defend_G","Survivor","Neutralize","Backstab","Caltrops+1","Flying Knee+1","Sucker Punch","Malaise+1","Backflip","Well Laid Plans+1","Protect","Thinking Ahead+1","Conserve Battery","Predator","CrushJoints","White Noise","CarveReality","Headbutt","PiercingWail","Dash","Footwork","Calculated Gamble+1"],"relics":["Ring of the Snake","WarpedTongs","PrismaticShard","Blood Vial","Fusion Hammer","Red Mask","War Paint","Anchor","Bottled Flame","Eternal Feather","Tiny House"],"acts_visited":["Exordium","TheCity","TheBeyond"],"potions_floor_usage":[40,40],"damage_taken":[{"damage":7.0,"enemies":"Small Slimes","floor":1.0,"turns":4.0},{"damage":3.0,"enemies":"Cultist","floor":3.0,"turns":4.0},{"damage":1.0,"enemies":"2 Louse","floor":5.0,"turns":3.0},{"damage":5.0,"enemies":"Gremlin Gang","floor":7.0,"turns":5.0},{"damage":2.0,"enemies":"Large Slime","floor":10.0,"turns":7.0},{"damage":13.0,"enemies":"3 Louse","floor":13.0,"turns":3.0},{"damage":1.0,"enemies":"Hexaghost","floor":16.0,"turns":13.0},{"damage":1.0,"enemies":"Shell Parasite","floor":18.0,"turns":7.0},{"damage":59.0,"enemies":"Masked Bandits","floor":19.0,"turns":6.0},{"damage":8.0,"enemies":"Chosen","floor":22.0,"turns":6.0},{"damage":9.0,"enemies":"Book of Stabbing","floor":24.0,"turns":6.0},{"damage":2.0,"enemies":"Centurion and Healer","floor":28.0,"turns":7.0},{"damage":45.0,"enemies":"Gremlin Leader","floor":30.0,"turns":10.0},{"damage":44.0,"enemies":"Automaton","floor":33.0,"turns":13.0},{"damage":1.0,"enemies":"Orb Walker","floor":35.0,"turns":4.0},{"damage":7.0,"enemies":"3 Shapes","floor":38.0,"turns":7.0},{"damage":26.0,"enemies":"Spire Growth","floor":39.0,"turns":6.0},{"damage":41,"enemies":"Reptomancer","floor":40,"turns":5}],"seed_played":"-237549111141877208","potions_obtained":[{"floor":3.0,"key":"EssenceOfSteel"},{"floor":7.0,"key":"Ancient Potion"},{"floor":13.0,"key":"Block Potion"},{"floor":16.0,"key":"Regen Potion"},{"floor":22.0,"key":"SneckoOil"},{"floor":30.0,"key":"SteroidPotion"},{"floor":34.0,"key":"LiquidMemories"},{"floor":35.0,"key":"SpeedPotion"},{"floor":39.0,"key":"PowerPotion"}],"is_trial":false,"path_per_floor":["M","?","M","$","M","R","M","?","T","M","$","R","M","?","R","B",null,"M","?","?","$","M","R","E","$","T","?","M","R","E","T","R","B",null,"M","$","?","M","M","E"],"character_chosen":"THE_SILENT","items_purchased":["PrismaticShard","Flying Knee","Well Laid Plans","PiercingWail","Dash"],"campfire_rested":3,"item_purchase_floors":[4,4,11,36,36],"current_hp_per_floor":[52,52,49,49,48,48,43,43,43,43,43,43,32,37,37,38,63,64,7,7,7,16,37,30,30,30,30,30,51,8,8,44,2,59,60,60,60,55,31,0,0],"gold":92,"neow_bonus":"TWO_FIFTY_GOLD","is_daily":false,"chose_seed":false,"campfire_upgraded":3,"win_rate":0.0,"timestamp":1609511070,"path_taken":["M","?","?","$","M","R","M","?","T","M","$","R","?","?","R","BOSS","M","?","?","$","?","R","E","?","T","?","M","R","E","?","R","BOSS","M","$","?","M","?","E"],"items_purchased_type":["Relic","Card","Card","Card","Card"],"build_version":"2020-12-22","purchased_purges":4,"victory":false,"max_hp_per_floor":[66,66,66,66,66,66,66,66,66,66,66,66,66,71,71,71,71,71,71,71,71,71,71,71,71,71,71,71,71,71,71,71,71,76,76,76,76,76,76,76,76],"relic_stats":{"Blood Vial":28,"counters":[18,116],"Eternal Feather":15,"War Paint":["Thinking Ahead","Defend_G"],"obtain_stats":[{"Blood Vial":9,"Anchor":26,"Bottled Flame":30,"Tiny House":34,"Eternal Feather":31,"Fusion Hammer":17,"Red Mask":19,"War Paint":24,"PrismaticShard":4,"Ring of the Snake":0,"WarpedTongs":2},{"Blood Vial":4,"Anchor":11,"Bottled Flame":13,"Tiny House":14,"Eternal Feather":13,"Fusion Hammer":7,"Red Mask":9,"War Paint":11,"PrismaticShard":2,"Ring of the Snake":0,"WarpedTongs":1},{"Blood Vial":16,"Anchor":64,"Bottled Flame":81,"Tiny House":94,"Eternal Feather":81,"Fusion Hammer":39,"Red Mask":52,"War Paint":64,"PrismaticShard":8,"Ring of the Snake":0,"WarpedTongs":4}],"Ring of the Snake":[36],"WarpedTongs":[111]},"card_choices":[{"not_picked":["Blade Dance","Masterful Stab"],"picked":"Backstab","floor":1.0},{"not_picked":["Bane","Deadly Poison"],"picked":"Caltrops","floor":3.0},{"not_picked":["Dropkick","Redo"],"picked":"Sucker Punch","floor":5.0},{"not_picked":["Corruption","FlurryOfBlows","Choke"],"picked":"SKIP","floor":7.0},{"not_picked":["Clothesline","Doom and Gloom"],"picked":"Backflip","floor":10.0},{"not_picked":["Slice","Perfected Strike"],"picked":"Protect","floor":13.0},{"not_picked":["Fission","Storm of Steel"],"picked":"Thinking Ahead","floor":16.0},{"not_picked":["Perfected Strike","Havoc","Caltrops"],"picked":"SKIP","floor":18.0},{"not_picked":["True Grit","Clash"],"picked":"Conserve Battery","floor":19.0},{"not_picked":["Calculated Gamble","Consume"],"picked":"Predator","floor":22.0},{"not_picked":["Redo","Heavy Blade"],"picked":"CrushJoints","floor":24.0},{"not_picked":["Multi-Cast","Evaluate","Trip"],"picked":"SKIP","floor":28.0},{"not_picked":["Dagger Spray","Perfected Strike"],"picked":"White Noise","floor":30.0},{"not_picked":["Combust","Slice"],"picked":"CarveReality","floor":34.0},{"not_picked":["Coolheaded","BattleHymn+1"],"picked":"Headbutt","floor":35.0},{"not_picked":["Disarm+1","Cloak And Dagger+1"],"picked":"Footwork","floor":38.0},{"not_picked":["Chaos","Outmaneuver"],"picked":"Calculated Gamble+1","floor":39.0}],"player_experience":2011068,"relics_obtained":[{"floor":9.0,"key":"Blood Vial"},{"floor":19.0,"key":"Red Mask"},{"floor":24.0,"key":"War Paint"},{"floor":26.0,"key":"Anchor"},{"floor":30.0,"key":"Bottled Flame"},{"floor":31.0,"key":"Eternal Feather"}],"event_choices":[{"damage_healed":0.0,"max_hp_gain":0.0,"max_hp_loss":0.0,"gold_gain":0.0,"event_name":"Accursed Blacksmith","player_choice":"Rummage","floor":2.0,"gold_loss":0.0,"damage_taken":0.0,"relics_obtained":["WarpedTongs"],"cards_obtained":["Pain"]},{"damage_healed":0.0,"max_hp_gain":0.0,"max_hp_loss":0.0,"gold_gain":0.0,"cards_transformed":["Strike_G"],"event_name":"Transmorgrifier","player_choice":"Transformed","floor":8.0,"gold_loss":0.0,"damage_taken":0.0,"cards_obtained":["Malaise"]},{"damage_healed":0.0,"max_hp_gain":5.0,"max_hp_loss":0.0,"gold_gain":0.0,"event_name":"Big Fish","player_choice":"Donut","floor":14.0,"gold_loss":0.0,"damage_taken":0.0},{"damage_healed":0.0,"max_hp_gain":0.0,"max_hp_loss":0.0,"gold_gain":0.0,"event_name":"Masked Bandits","player_choice":"Fought Bandits","floor":19.0,"gold_loss":0.0,"damage_taken":0.0},{"damage_healed":0.0,"max_hp_gain":0.0,"max_hp_loss":0.0,"gold_gain":0.0,"event_name":"Wheel of Change","player_choice":"Cursed","floor":20.0,"gold_loss":0.0,"damage_taken":0.0,"cards_obtained":["Decay"]},{"damage_healed":0.0,"max_hp_gain":0.0,"max_hp_loss":0.0,"gold_gain":0.0,"event_name":"Cursed Tome","player_choice":"Ignored","floor":27.0,"gold_loss":0.0,"damage_taken":0.0},{"cards_removed":["Defend_G"],"damage_healed":0.0,"max_hp_gain":0.0,"max_hp_loss":0.0,"gold_gain":0.0,"event_name":"Bonfire Elementals","player_choice":"Offered Basic","floor":37.0,"gold_loss":0.0,"damage_taken":0.0}],"is_beta":false,"boss_relics":[{"not_picked":["Ectoplasm","WristBlade"],"picked":"Fusion Hammer"},{"not_picked":["SlaversCollar","Velvet Choker"],"picked":"Tiny House"}],"items_purged_floors":[4,11,21,36],"is_endless":false,"potions_floor_spawned":[3,7,13,16,22,30,35,39],"killed_by":"Reptomancer","ascension_level":20}}