{"host":"hbvn1mkfq2iixsau","time":1609488347,"event":{"mods":["AchievementEnabler","Act Like it!","BaseMod","Better Skull","Better Third Choice","Colored Map","Conspire","Displayed Cursed Tome","Minty Spire (QoL Compilation)","Quick Restart","Relic Stats","Shop Mod","StSLib","The Cursed"],"gold_per_floor":[115,115,290,290,290,321,277,311,311,157,172,72,72,140,140,279,279,274,335,335,378,396,396],"floor_reached":22,"playtime":1064,"items_purged":[],"score":263,"play_id":"3d969c2b-12ea-44f5-99c0-e14a6dfdcf7e","local_time":"20210101100547","is_ascension_mode":true,"campfire_choices":[{"data":"conspire:SpireCoStock","floor":13,"key":"SMITH"},{"data":"conspire:SpireCoStock","floor":15,"key":"SMITH"}],"circlet_count":0,"master_deck":["Strike_R","Strike_R","Strike_R","Strike_R","Strike_R","Defend_R","Defend_R","Defend_R","Defend_R","Bash","Pommel Strike","Doubt","Pommel Strike","Armaments","conspire:SpireCoStock+1","conspire:SpireCoStock+1","Juggernaut","Barricade","Necronomicurse","Armaments+1"],"relics":["Burning Blood","NeowsBlessing","Mercury Hourglass","Golden Idol","Bottled Flame","betterThird:SlimedRelic","CaptainsWheel","Calipers","PreservedInsect","Mummified Hand","SlaversCollar","Necronomicon"],"acts_visited":["Exordium","TheCity"],"potions_floor_usage":[18],"damage_taken":[{"damage":0,"enemies":"Jaw Worm","floor":1,"turns":1},{"damage":0,"enemies":"3 Sentries","floor":6,"turns":1},{"damage":0,"enemies":"Lagavulin","floor":8,"turns":1},{"damage":0,"enemies":"Small Slimes","floor":11,"turns":4},{"damage":9,"enemies":"3 Sentries","floor":14,"turns":5},{"damage":18,"enemies":"Slime Boss","floor":16,"turns":14},{"damage":19,"enemies":"2 Thieves","floor":18,"turns":5},{"damage":24,"enemies":"Spheric Guardian","floor":19,"turns":6},{"damage":51,"enemies":"Shelled Parasite and Fungi","floor":21,"turns":8},{"damage":18,"enemies":"Snake Plant","floor":22,"turns":2}],"seed_played":"1089792298442145104","potions_obtained":[{"floor":6,"key":"FairyPotion"},{"floor":8,"key":"Ancient Potion"},{"floor":11,"key":"Swift Potion"},{"floor":21,"key":"BlessingOfTheForge"}],"is_trial":false,"path_per_floor":["M","$","?","T","?","E","?","E","T","$","M","?","R","E","R","B",null,"M","M","?","M","M"],"character_chosen":"IRONCLAD","items_purchased":["PreservedInsect"],"campfire_rested":0,"item_purchase_floors":[10],"current_hp_per_floor":[80,80,80,80,60,66,55,61,61,61,67,67,67,64,64,52,80,67,49,33,14,0,0],"gold":396,"neow_bonus":"THREE_ENEMY_KILL","is_daily":false,"chose_seed":false,"campfire_upgraded":2,"win_rate":0.0,"timestamp":1609488347,"path_taken":["M","$","?","?","?","E","?","E","T","?","?","?","R","E","R","BOSS","M","M","?","M","M"],"items_purchased_type":["Relic"],"build_version":"2020-12-22","purchased_purges":0,"victory":false,"max_hp_per_floor":[80,80,80,80,80,80,80,80,80,80,80,80,80,80,80,80,80,80,80,80,80,80,80],"relic_stats":{"counters":[10,46],"Golden Idol":60,"Mummified Hand":[8],"PreservedInsect":31,"Necronomicon":[3],"obtain_stats":[{"SlaversCollar":17,"Bottled Flame":6,"CaptainsWheel":8,"Calipers":9,"NeowsBlessing":0,"Golden Idol":5,"Mummified Hand":14,"betterThird:SlimedRelic":7,"PreservedInsect":10,"Necronomicon":20,"Burning Blood":0,"Mercury Hourglass":4},{"SlaversCollar":6,"Bottled Flame":2,"CaptainsWheel":3,"Calipers":3,"NeowsBlessing":0,"Golden Idol":1,"Mummified Hand":5,"betterThird:SlimedRelic":2,"PreservedInsect":3,"Necronomicon":8,"Burning Blood":0,"Mercury Hourglass":1},{"SlaversCollar":25,"Bottled Flame":2,"CaptainsWheel":3,"Calipers":3,"NeowsBlessing":0,"Golden Idol":1,"Mummified Hand":11,"betterThird:SlimedRelic":2,"PreservedInsect":3,"Necronomicon":36,"Burning Blood":0,"Mercury Hourglass":1}],"Burning Blood":48,"Mercury Hourglass":[151]},"card_choices":[{"not_picked":["Anger","Infernal Blade"],"picked":"Pommel Strike","floor":1},{"not_picked":["Sentinel","Anger"],"picked":"Pommel Strike","floor":6},{"not_picked":["Thunderclap","Ghostly Armor","Rupture"],"picked":"SKIP","floor":8},{"not_picked":["Headbutt","Rupture"],"picked":"Armaments","floor":11},{"not_picked":["conspire:HitWhereItHurts","Iron Wave"],"picked":"Juggernaut","floor":14},{"not_picked":["Exhume","Corruption"],"picked":"Barricade","floor":16},{"not_picked":["Anger","Cleave","Sever Soul"],"picked":"SKIP","floor":18},{"not_picked":["Wild Strike","Rampage","Flex"],"picked":"SKIP","floor":19},{"not_picked":["Iron Wave+1","Thunderclap"],"picked":"Armaments+1","floor":21}],"player_experience":279004,"relics_obtained":[{"floor":4,"key":"Mercury Hourglass"},{"floor":6,"key":"Bottled Flame"},{"floor":8,"key":"CaptainsWheel"},{"floor":9,"key":"Calipers"},{"floor":14,"key":"Mummified Hand"}],"event_choices":[{"damage_healed":0,"gold_gain":175,"player_choice":"AGREE","damage_taken":115,"max_hp_gain":0,"max_hp_loss":0,"event_name":"betterThird:BetterSerpent","floor":3,"gold_loss":0},{"damage_healed":0,"gold_gain":0,"player_choice":"Take Damage","damage_taken":20,"relics_obtained":["Golden Idol"],"max_hp_gain":0,"max_hp_loss":0,"event_name":"Golden Idol","floor":5,"gold_loss":0},{"damage_healed":0,"gold_gain":0,"player_choice":"Slimed","damage_taken":11,"max_hp_gain":0,"max_hp_loss":0,"event_name":"betterThird:BetterGoop","floor":7,"gold_loss":44},{"damage_healed":0,"gold_gain":0,"player_choice":"Invest 2","damage_taken":0,"max_hp_gain":0,"max_hp_loss":0,"event_name":"conspire:Investor","floor":12,"gold_loss":0},{"damage_healed":0,"gold_gain":0,"player_choice":"Obtained Book","damage_taken":16,"max_hp_gain":0,"max_hp_loss":0,"event_name":"Cursed Tome","floor":20,"gold_loss":0}],"is_beta":false,"boss_relics":[{"not_picked":["conspire:RoyalGoblet","Black Blood"],"picked":"SlaversCollar"}],"items_purged_floors":[],"is_endless":false,"potions_floor_spawned":[6,8,11,16,21],"killed_by":"Snake Plant","ascension_level":1}}