{"host":"yuhy0i501zzmn1iz","time":1609489695,"event":{"mods":["AchievementEnabler","AlwaysNeverKeys","BaseMod","Bestiary","Better Match","Better Third Choice","Curses Come First","Downfall","Minty Spire (QoL Compilation)","StSLib","The Blue Laboratory","slay the spire mod where everything is the same but ironclad has a cowboy hat"],"gold_per_floor":[115,80,80,97,111,141,3,19,19,47,47,47,62,80,80,179,179,190,204,54,54,88,88,119,119,119,148,160,160,180,198,198,298,298,315,385,2,52,324,353,353,353,377,473,505,86,86,99,99,99],"floor_reached":51,"playtime":3619,"items_purged":["Night Terror","Apotheosis+1"],"score":833,"play_id":"75edd6ae-8b60-405e-b5c4-3907b1d95e0b","local_time":"20210101032815","is_ascension_mode":true,"campfire_choices":[{"floor":12.0,"key":"REST"},{"data":"Apotheosis","floor":15.0,"key":"SMITH"},{"floor":23.0,"key":"REST"},{"floor":25.0,"key":"REST"},{"floor":32.0,"key":"REST"},{"floor":41.0,"key":"REST"},{"floor":42.0,"key":"RECALL"},{"floor":47.0,"key":"REST"},{"floor":49,"key":"REST"}],"circlet_count":0,"master_deck":["Strike_G","Strike_G","Strike_G","Strike_G","Strike_G","Defend_G","Defend_G","Defend_G","Survivor","Neutralize","Apotheosis+1","Terror","Slice","Backflip","Burst","Slice","Footwork","Choke","Well Laid Plans","Bullet Time","CurseOfTheBell","Footwork","Blade Dance","A Thousand Cuts","After Image","Prepared+1","Blur","After Image","Footwork","Noxious Fumes","PanicButton"],"relics":["Ring of the Snake","Bag of Preparation","White Beast Statue","Incense Burner","Calling Bell","Ancient Tea Set","Singing Bowl","WingedGreaves","DollysMirror","Red Mask","Akabeko","Lizard Tail","Anchor","SsserpentHead","Fusion Hammer","Sling","Potion Belt","Strawberry","Omamori","Regal Pillow","Snake Skull","HandDrill"],"acts_visited":["TheCity","TheBeyond"],"potions_floor_usage":[50,50],"damage_taken":[{"damage":4.0,"enemies":"2 Louse","floor":1.0,"turns":4.0},{"damage":7.0,"enemies":"Small Slimes","floor":4.0,"turns":4.0},{"damage":0.0,"enemies":"Cultist","floor":5.0,"turns":3.0},{"damage":4.0,"enemies":"Lagavulin","floor":6.0,"turns":6.0},{"damage":9.0,"enemies":"Lots of Slimes","floor":8.0,"turns":5.0},{"damage":6.0,"enemies":"Gremlin Nob","floor":10.0,"turns":3.0},{"damage":2.0,"enemies":"Looter","floor":13.0,"turns":3.0},{"damage":2.0,"enemies":"Exordium Wildlife","floor":14.0,"turns":5.0},{"damage":16.0,"enemies":"Slime Boss","floor":16.0,"turns":13.0},{"damage":6.0,"enemies":"Chosen","floor":18.0,"turns":5.0},{"damage":15.0,"enemies":"2 Thieves","floor":19.0,"turns":4.0},{"damage":18.0,"enemies":"Masked Bandits","floor":22.0,"turns":6.0},{"damage":13.0,"enemies":"Gremlin Leader","floor":24.0,"turns":7.0},{"damage":64.0,"enemies":"Slavers","floor":27.0,"turns":6.0},{"damage":20.0,"enemies":"Centurion and Healer","floor":28.0,"turns":5.0},{"damage":17.0,"enemies":"Cultist and Chosen","floor":30.0,"turns":7.0},{"damage":2.0,"enemies":"Snake Plant","floor":31.0,"turns":5.0},{"damage":27.0,"enemies":"Collector","floor":33.0,"turns":9.0},{"damage":15.0,"enemies":"3 Shapes","floor":35.0,"turns":5.0},{"damage":2.0,"enemies":"Orb Walker","floor":36.0,"turns":3.0},{"damage":39.0,"enemies":"Reptomancer","floor":40.0,"turns":6.0},{"damage":28.0,"enemies":"Nemesis","floor":45.0,"turns":7.0},{"damage":0,"enemies":"Transient","floor":48,"turns":5},{"damage":95,"enemies":"Awakened One","floor":50,"turns":18}],"seed_played":"6303943494617016062","potions_obtained":[{"floor":4.0,"key":"blueLaboratory:TrueEctoplasm"},{"floor":5.0,"key":"blueLaboratory:AbyssPotion"},{"floor":6.0,"key":"blueLaboratory:BlinkPotion"},{"floor":13.0,"key":"blueLaboratory:BlinkPotion"},{"floor":14.0,"key":"blueLaboratory:TrueEctoplasm"},{"floor":16.0,"key":"Ancient Potion"},{"floor":18.0,"key":"blueLaboratory:ForbiddenFruitJuice"},{"floor":22.0,"key":"blueLaboratory:BottleOfRum"},{"floor":24.0,"key":"Swift Potion"},{"floor":27.0,"key":"blueLaboratory:HummingbirdPotion"},{"floor":28.0,"key":"blueLaboratory:TrueEctoplasm"},{"floor":33.0,"key":"blueLaboratory:EnvenomedCoating"},{"floor":35.0,"key":"blueLaboratory:Moonshine"},{"floor":40.0,"key":"blueLaboratory:FrostheartPotion"},{"floor":45.0,"key":"blueLaboratory:FruitPunch"}],"is_trial":false,"path_per_floor":["M","?","?","M","M","E","$","M","T","E","$","R","M","M","R","B",null,"M","M","$","?","?","R","E","R","T","E","M","?","M","M","R","B",null,"M","M","$","T","?","E","R","R","T","T","E","$","R","M","R","B",null],"character_chosen":"THE_SILENT","items_purchased":["Burst","DollysMirror","Sling","Potion Belt","HandDrill","Noxious Fumes","PanicButton"],"campfire_rested":7,"item_purchase_floors":[7,20,37,37,46,46,46],"current_hp_per_floor":[45,62,62,55,55,51,51,42,42,36,36,57,55,53,53,37,70,66,51,51,51,35,57,44,66,66,66,46,46,29,27,46,19,66,53,51,51,51,51,21,44,44,44,44,18,18,56,58,81,33],"gold":99,"neow_bonus":"RANDOM_COLORLESS_2","is_daily":false,"chose_seed":false,"campfire_upgraded":1,"win_rate":0.0,"timestamp":1609489695,"path_taken":["M","?","?","?","M","E","$","M","T","E","?","R","M","M","R","BOSS","M","?","$","?","?","R","E","R","T","E","?","?","M","M","R","BOSS","M","?","$","?","?","E","R","R","T","?","E","$","R","M","R","BOSS"],"items_purchased_type":["Card","Relic","Relic","Relic","Relic","Card","Card"],"build_version":"2020-12-22","purchased_purges":2,"victory":true,"max_hp_per_floor":[70,70,70,70,70,70,70,70,70,70,70,70,70,70,70,70,70,72,72,72,72,74,74,74,74,74,66,66,66,66,66,66,66,66,68,68,68,68,68,77,77,77,77,77,79,79,79,81,81,83],"card_choices":[{"not_picked":["Secret Weapon","Sadistic Nature"],"picked":"Apotheosis","floor":0.0},{"not_picked":["Riddle With Holes","Flechettes"],"picked":"Terror","floor":1.0},{"not_picked":["Bane","Flying Knee"],"picked":"Slice","floor":4.0},{"not_picked":["Outmaneuver","Flying Knee"],"picked":"Backflip","floor":5.0},{"not_picked":["Heel Hook","Flying Knee"],"picked":"Deadly Poison","floor":6.0},{"not_picked":["Cloak And Dagger","PiercingWail"],"picked":"Slice","floor":8.0},{"not_picked":["Dagger Spray","Predator"],"picked":"Footwork","floor":10.0},{"not_picked":["Poisoned Stab","Acrobatics"],"picked":"Choke","floor":13.0},{"not_picked":["Eviscerate","Dash"],"picked":"Well Laid Plans","floor":14.0},{"not_picked":["Burst","Unload"],"picked":"Bullet Time","floor":16.0},{"not_picked":["PiercingWail","Deadly Poison","Poisoned Stab"],"picked":"Singing Bowl","floor":18.0},{"not_picked":["Outmaneuver","Endless Agony"],"picked":"Footwork","floor":19.0},{"not_picked":["Underhanded Strike+1","Acrobatics","Deflect"],"picked":"Singing Bowl","floor":22.0},{"not_picked":["Underhanded Strike","Riddle With Holes"],"picked":"A Thousand Cuts","floor":24.0},{"not_picked":["PiercingWail","Backflip","Flying Knee"],"picked":"Singing Bowl","floor":27.0},{"not_picked":["Blade Dance","Backflip"],"picked":"After Image","floor":28.0},{"not_picked":["Cloak And Dagger","Blade Dance"],"picked":"Prepared+1","floor":30.0},{"not_picked":["PiercingWail+1","Dodge and Roll+1"],"picked":"Blur","floor":31.0},{"not_picked":["Die Die Die","Unload"],"picked":"After Image","floor":33.0},{"not_picked":["Eviscerate","Dagger Throw","All Out Attack"],"picked":"Singing Bowl","floor":35.0},{"not_picked":["Skewer","Outmaneuver+1"],"picked":"Footwork","floor":36.0},{"not_picked":["Cloak And Dagger","Skewer","PiercingWail+1"],"picked":"Singing Bowl","floor":40.0},{"not_picked":["Deflect+1","Tactician+1","Sucker Punch"],"picked":"Singing Bowl","floor":45.0},{"not_picked":["Prepared","Bane","Skewer+1"],"picked":"Singing Bowl","floor":48}],"player_experience":253750,"relics_obtained":[{"floor":6.0,"key":"Bag of Preparation"},{"floor":9.0,"key":"White Beast Statue"},{"floor":10.0,"key":"Incense Burner"},{"floor":17.0,"key":"Ancient Tea Set"},{"floor":17.0,"key":"Singing Bowl"},{"floor":17.0,"key":"WingedGreaves"},{"floor":22.0,"key":"Red Mask"},{"floor":24.0,"key":"Akabeko"},{"floor":26.0,"key":"Lizard Tail"},{"floor":27.0,"key":"Anchor"},{"floor":40.0,"key":"Strawberry"},{"floor":43.0,"key":"Omamori"},{"floor":44.0,"key":"Regal Pillow"},{"floor":45.0,"key":"Snake Skull"}],"event_choices":[{"damage_healed":17.0,"max_hp_gain":0.0,"max_hp_loss":0.0,"gold_gain":0.0,"event_name":"The Cleric","player_choice":"Healed","floor":2.0,"gold_loss":35.0,"damage_taken":0.0},{"cards_removed":["Defend_G"],"damage_healed":0.0,"max_hp_gain":0.0,"max_hp_loss":0.0,"gold_gain":0.0,"event_name":"Bonfire Elementals","player_choice":"Offered Basic","floor":3.0,"gold_loss":0.0,"damage_taken":0.0},{"damage_healed":0.0,"max_hp_gain":0.0,"max_hp_loss":0.0,"gold_gain":0.0,"cards_transformed":["Deadly Poison","Defend_G"],"event_name":"Drug Dealer","player_choice":"Became Test Subject","floor":21.0,"gold_loss":0.0,"damage_taken":0.0,"cards_obtained":["Blade Dance","Night Terror"]},{"damage_healed":0.0,"max_hp_gain":0.0,"max_hp_loss":0.0,"gold_gain":0.0,"event_name":"Masked Bandits","player_choice":"Fought Bandits","floor":22.0,"gold_loss":0.0,"damage_taken":0.0},{"damage_healed":0.0,"max_hp_gain":0.0,"max_hp_loss":0.0,"gold_gain":0.0,"event_name":"FaceTrader","player_choice":"Trade","floor":29.0,"gold_loss":0.0,"damage_taken":0.0,"relics_obtained":["SsserpentHead"]},{"damage_healed":0.0,"max_hp_gain":0.0,"max_hp_loss":0.0,"gold_gain":222.0,"event_name":"Tomb of Lord Red Mask","player_choice":"Wore Mask","floor":39.0,"gold_loss":0.0,"damage_taken":0.0}],"is_beta":false,"boss_relics":[{"not_picked":["Snecko Eye","Coffee Dripper"],"picked":"Calling Bell"},{"not_picked":["Astrolabe","Black Star"],"picked":"Fusion Hammer"}],"items_purged_floors":[37,46],"is_endless":false,"potions_floor_spawned":[4,5,6,10,13,14,16,18,19,22,24,27,28,30,31,33,35,36,40,45,48],"ascension_level":3}}