{"host":"873t0y8ybyo38pfq","time":1609510682,"event":{"mods":["BaseMod","Bestiary","Colored Map","Colored Powertips","Highlight Path","Minty Spire (QoL Compilation)","Quick Restart","RNG Fix","Rare Cards Sparkle","Relic Stats","StSLib"],"gold_per_floor":[110,110,11,23,98,123,134,161,186,18,58,58,58,13,13,97,97,123,23,42,22,50,50,73,115,115,15,34,59,72,100,100,186,186,205,228,228,228,245,245,277,277,300,326,364,0,14,31,31,31,31,31],"floor_reached":51,"playtime":4722,"items_purged":["Strike_B","Strike_B","Strike_B"],"score":1548,"play_id":"c3badfe7-8522-4b0a-aace-d3c873f11bcd","local_time":"20210101091802","is_ascension_mode":true,"campfire_choices":[{"data":"Redo","floor":13,"key":"SMITH"},{"data":"Dualcast","floor":15,"key":"SMITH"},{"data":"Capacitor","floor":23,"key":"SMITH"},{"floor":32,"key":"REST"},{"data":"Seek","floor":40,"key":"SMITH"},{"floor":42,"key":"REST"},{"floor":49,"key":"RECALL"}],"circlet_count":0,"master_deck":["AscendersBane","Strike_B","Defend_B","Defend_B+1","Defend_B","Defend_B","Zap+1","Dualcast+1","Go for the Eyes","Cold Snap","Conserve Battery+1","Rebound","Core Surge","Redo+1","Conserve Battery","Ball Lightning","Seek+1","Capacitor+1","Lockon","Coolheaded","Chill+1","Cold Snap+1","Amplify","White Noise+1","Barrage+1","Core Surge","Hologram","Glacier+1","BootSequence","Hologram"],"relics":["Cracked Core","NeowsBlessing","Eternal Feather","MealTicket","CeramicFish","DataDisk","Mercury Hourglass","Runic Pyramid","Bag of Preparation","The Courier","SlaversCollar","Frozen Egg 2","Happy Flower","OrangePellets","Blood Vial","War Paint"],"acts_visited":["Exordium","TheCity","TheBeyond"],"potions_floor_usage":[8,11,22,25,30,31,33,41,45,45,51,51],"damage_taken":[{"damage":0,"enemies":"Small Slimes","floor":1,"turns":1},{"damage":0,"enemies":"Jaw Worm","floor":4,"turns":1},{"damage":0,"enemies":"3 Sentries","floor":6,"turns":1},{"damage":0,"enemies":"2 Louse","floor":7,"turns":3},{"damage":14,"enemies":"Lagavulin","floor":8,"turns":5},{"damage":32,"enemies":"Gremlin Nob","floor":11,"turns":5},{"damage":3,"enemies":"The Guardian","floor":16,"turns":10},{"damage":0,"enemies":"Spheric Guardian","floor":18,"turns":3},{"damage":19,"enemies":"Shell Parasite","floor":20,"turns":5},{"damage":26,"enemies":"Chosen and Byrds","floor":22,"turns":4},{"damage":20,"enemies":"Snake Plant","floor":24,"turns":5},{"damage":20,"enemies":"Gremlin Leader","floor":25,"turns":8},{"damage":14,"enemies":"Snecko","floor":28,"turns":6},{"damage":0,"enemies":"Centurion and Healer","floor":29,"turns":6},{"damage":0,"enemies":"Snake Plant","floor":30,"turns":4},{"damage":10,"enemies":"Shelled Parasite and Fungi","floor":31,"turns":4},{"damage":0,"enemies":"Champ","floor":33,"turns":11},{"damage":0,"enemies":"Orb Walker","floor":35,"turns":3},{"damage":0,"enemies":"3 Shapes","floor":36,"turns":5},{"damage":0,"enemies":"Sphere and 2 Shapes","floor":39,"turns":8},{"damage":39,"enemies":"Reptomancer","floor":41,"turns":10},{"damage":36,"enemies":"Spire Growth","floor":44,"turns":7},{"damage":19,"enemies":"Nemesis","floor":45,"turns":12},{"damage":1,"enemies":"Writhing Mass","floor":47,"turns":9},{"damage":0,"enemies":"4 Shapes","floor":48,"turns":7},{"damage":23,"enemies":"Awakened One","floor":50,"turns":20},{"damage":27,"enemies":"Time Eater","floor":51,"turns":15}],"seed_played":"-3768780576729070336","potions_obtained":[{"floor":1,"key":"Weak Potion"},{"floor":6,"key":"ColorlessPotion"},{"floor":16,"key":"PotionOfCapacity"},{"floor":20,"key":"Explosive Potion"},{"floor":28,"key":"ColorlessPotion"},{"floor":29,"key":"Weak Potion"},{"floor":31,"key":"BlessingOfTheForge"},{"floor":33,"key":"LiquidMemories"},{"floor":36,"key":"Energy Potion"},{"floor":39,"key":"Swift Potion"},{"floor":44,"key":"BlessingOfTheForge"},{"floor":47,"key":"PowerPotion"},{"floor":48,"key":"BlessingOfTheForge"}],"is_trial":false,"path_per_floor":["M","?","$","M","?","E","M","E","T","$","E","$","R","$","R","B",null,"M","$","M","$","M","R","M","E","T","$","M","M","M","M","R","B",null,"M","M","?","?","M","R","E","R","T","M","E","$","M","M","R","B","B"],"character_chosen":"DEFECT","items_purchased":["Cold Snap","DataDisk","Ball Lightning","Coolheaded","OrangePellets","Blood Vial","War Paint"],"campfire_rested":2,"item_purchase_floors":[3,10,14,21,46,46,46],"current_hp_per_floor":[64,64,64,64,53,53,53,39,39,54,22,37,46,61,70,67,70,70,71,52,67,41,53,33,13,13,28,14,14,14,4,40,40,63,63,63,63,63,63,67,28,63,63,27,8,23,24,26,44,23,0,0],"gold":31,"neow_bonus":"THREE_ENEMY_KILL","is_daily":false,"chose_seed":false,"campfire_upgraded":4,"win_rate":0.0,"timestamp":1609510682,"path_taken":["M","?","$","M","?","E","?","E","T","$","E","$","R","?","R","BOSS","M","?","M","$","?","R","M","E","T","$","M","?","M","M","R","BOSS","M","M","?","?","M","R","E","R","T","M","E","$","?","M","R","BOSS","BOSS"],"items_purchased_type":["Card","Relic","Card","Card","Relic","Relic","Relic"],"build_version":"2020-12-22","purchased_purges":3,"victory":false,"max_hp_per_floor":[71,71,71,71,71,71,71,71,71,71,71,71,71,71,71,71,71,71,71,71,71,71,71,71,71,71,71,71,71,71,71,71,71,71,71,71,71,67,67,67,67,67,67,67,67,67,67,67,67,67,67,67],"relic_stats":{"Blood Vial":8,"OrangePellets":[3],"Happy Flower":[17],"counters":[27,176],"CeramicFish":153,"Eternal Feather":82,"MealTicket":91,"Bag of Preparation":[30],"War Paint":["Defend_B","Conserve Battery"],"obtain_stats":[{"NeowsBlessing":0,"Happy Flower":45,"CeramicFish":9,"Eternal Feather":6,"The Courier":26,"Bag of Preparation":25,"Frozen Egg 2":41,"War Paint":46,"Mercury Hourglass":11,"Blood Vial":46,"SlaversCollar":34,"OrangePellets":46,"DataDisk":10,"MealTicket":8,"Cracked Core":0,"Runic Pyramid":17},{"NeowsBlessing":0,"Happy Flower":23,"CeramicFish":5,"Eternal Feather":3,"The Courier":12,"Bag of Preparation":12,"Frozen Egg 2":21,"War Paint":23,"Mercury Hourglass":6,"Blood Vial":23,"SlaversCollar":17,"OrangePellets":23,"DataDisk":5,"MealTicket":5,"Cracked Core":0,"Runic Pyramid":7},{"NeowsBlessing":0,"Happy Flower":125,"CeramicFish":11,"Eternal Feather":3,"The Courier":50,"Bag of Preparation":50,"Frozen Egg 2":107,"War Paint":125,"Mercury Hourglass":16,"Blood Vial":125,"SlaversCollar":81,"OrangePellets":125,"DataDisk":11,"MealTicket":11,"Cracked Core":0,"Runic Pyramid":26}],"Mercury Hourglass":[512]},"card_choices":[{"not_picked":["Sweeping Beam","Steam"],"picked":"Go for the Eyes","floor":1},{"not_picked":["Consume","Barrage"],"picked":"Conserve Battery","floor":4},{"not_picked":["Static Discharge","Rebound","Cold Snap"],"picked":"SKIP","floor":6},{"not_picked":["Static Discharge","Cold Snap"],"picked":"Rebound","floor":6},{"not_picked":["Coolheaded","Rebound"],"picked":"Core Surge","floor":7},{"not_picked":["Rebound","Aggregate"],"picked":"Redo","floor":8},{"not_picked":["Meteor Strike","Sunder"],"picked":"Conserve Battery","floor":11},{"not_picked":["Amplify","Buffer"],"picked":"Seek","floor":16},{"not_picked":["Compile Driver","Rebound"],"picked":"Capacitor","floor":18},{"not_picked":["Beam Cell+1","Cold Snap"],"picked":"Lockon","floor":20},{"not_picked":["Heatsinks","Darkness"],"picked":"Chill+1","floor":22},{"not_picked":["Fusion","Compile Driver"],"picked":"Cold Snap+1","floor":24},{"not_picked":["Leap","Reinforced Body"],"picked":"Amplify","floor":25},{"not_picked":["Fusion","Stack"],"picked":"White Noise+1","floor":28},{"not_picked":["Go for the Eyes","Storm"],"picked":"Barrage+1","floor":29},{"not_picked":["Leap","Hello World","Beam Cell+1"],"picked":"SKIP","floor":30},{"not_picked":["Cold Snap","Go for the Eyes"],"picked":"Coolheaded","floor":31},{"not_picked":["Multi-Cast","Meteor Strike"],"picked":"Core Surge","floor":33},{"not_picked":["Turbo","FTL"],"picked":"Hologram","floor":35},{"not_picked":["Recycle","Streamline+1"],"picked":"Glacier+1","floor":36},{"not_picked":["Streamline","Compile Driver","Sweeping Beam"],"picked":"SKIP","floor":39},{"not_picked":["Beam Cell","Rebound","Ball Lightning+1"],"picked":"SKIP","floor":41},{"not_picked":["Stack","Compile Driver"],"picked":"BootSequence","floor":44},{"not_picked":["Ball Lightning+1","Lockon"],"picked":"Hologram","floor":45},{"not_picked":["FTL","Undo+1","Steam"],"picked":"SKIP","floor":47},{"not_picked":["Force Field","Ball Lightning","Gash"],"picked":"SKIP","floor":48}],"player_experience":1463018,"relics_obtained":[{"floor":6,"key":"Eternal Feather"},{"floor":8,"key":"MealTicket"},{"floor":9,"key":"CeramicFish"},{"floor":11,"key":"Mercury Hourglass"},{"floor":25,"key":"Bag of Preparation"},{"floor":26,"key":"The Courier"},{"floor":41,"key":"Frozen Egg 2"},{"floor":45,"key":"Happy Flower"}],"event_choices":[{"damage_healed":0,"gold_gain":0,"player_choice":"Grow","damage_taken":0,"max_hp_gain":0,"max_hp_loss":0,"event_name":"Living Wall","floor":2,"gold_loss":0,"cards_upgraded":["Zap"]},{"damage_healed":0,"gold_gain":75,"player_choice":"Gather Gold","damage_taken":11,"max_hp_gain":0,"max_hp_loss":0,"event_name":"World of Goop","floor":5,"gold_loss":0},{"cards_removed":["Coolheaded"],"damage_healed":0,"gold_gain":0,"player_choice":"Removed Skill","damage_taken":0,"max_hp_gain":0,"max_hp_loss":0,"event_name":"Falling","floor":37,"gold_loss":0},{"damage_healed":0,"gold_gain":0,"player_choice":"Max HP","damage_taken":0,"max_hp_gain":0,"max_hp_loss":4,"event_name":"Winding Halls","floor":38,"gold_loss":0}],"is_beta":false,"boss_relics":[{"not_picked":["Ectoplasm","Tiny House"],"picked":"Runic Pyramid"},{"not_picked":["Black Star","Velvet Choker"],"picked":"SlaversCollar"}],"items_purged_floors":[3,19,27],"is_endless":false,"potions_floor_spawned":[1,6,16,20,28,29,31,33,36,39,44,47,48],"killed_by":"Time Eater","ascension_level":20}}