{"host":"Jedit","time":1609525854,"event":{"mods":["BaseMod","Minty Spire (QoL Compilation)","Relic Stats","StSLib"],"gold_per_floor":[109,121,121,138,3,3,23,48,121,155,155,172,172,172,172,247,247,263,274,274,41,41,76,76,102,127,162,162,179,189,221,221,299,299,317,539,539,38,57,57,72,72,118,65,65,98,1,17,17,17,17],"floor_reached":50,"playtime":2847,"items_purged":["Writhe","Acrobatics"],"score":1222,"play_id":"ef268c10-c2e5-4402-af1a-8f52b7c1cd3f","local_time":"20210101183054","is_ascension_mode":true,"campfire_choices":[{"data":"Skewer","floor":6.0,"key":"SMITH"},{"data":"Noxious Fumes","floor":11.0,"key":"SMITH"},{"data":"Dagger Spray","floor":13.0,"key":"SMITH"},{"data":"Deadly Poison","floor":15.0,"key":"SMITH"},{"data":"Neutralize","floor":24.0,"key":"SMITH"},{"floor":28.0,"key":"RECALL"},{"data":"After Image","floor":32.0,"key":"SMITH"},{"data":"Catalyst","floor":40.0,"key":"SMITH"},{"data":"Noxious Fumes","floor":42.0,"key":"SMITH"},{"data":"Catalyst","floor":49.0,"key":"SMITH"}],"circlet_count":0,"master_deck":["AscendersBane","Defend_G+1","Defend_G","Defend_G+1","Defend_G","Defend_G","Survivor","Neutralize+1","Quick Slash","Flying Knee","Deadly Poison+1","Skewer+1","Dagger Spray+1","Noxious Fumes+1","Adrenaline","Sucker Punch","Burst","Backstab","Deflect","Bite","Bite","Bite","Bite","Bite","Tactician+1","Endless Agony","After Image+1","Dodge and Roll","Adrenaline","Catalyst+1","Deflect","Slice","Noxious Fumes+1","Deadly Poison","Catalyst+1","Good Instincts","PiercingWail+1"],"relics":["Runic Pyramid","CultistMask","Lizard Tail","Gremlin Horn","Toy Ornithopter","Coffee Dripper","CaptainsWheel","Bronze Scales","Pear","Red Mask","Regal Pillow","Paper Crane","War Paint","SlaversCollar","ClockworkSouvenir","Snake Skull"],"acts_visited":["Exordium","TheCity","TheBeyond"],"potions_floor_usage":[50],"damage_taken":[{"damage":2.0,"enemies":"Jaw Worm","floor":1.0,"turns":5.0},{"damage":0.0,"enemies":"Cultist","floor":2.0,"turns":4.0},{"damage":4.0,"enemies":"2 Louse","floor":4.0,"turns":3.0},{"damage":12.0,"enemies":"Gremlin Gang","floor":7.0,"turns":4.0},{"damage":24.0,"enemies":"Gremlin Nob","floor":8.0,"turns":4.0},{"damage":22.0,"enemies":"3 Sentries","floor":10.0,"turns":8.0},{"damage":0.0,"enemies":"2 Fungi Beasts","floor":12.0,"turns":2.0},{"damage":22.0,"enemies":"The Guardian","floor":16.0,"turns":11.0},{"damage":0.0,"enemies":"Chosen","floor":18.0,"turns":5.0},{"damage":12.0,"enemies":"2 Thieves","floor":19.0,"turns":3.0},{"damage":11.0,"enemies":"Slavers","floor":23.0,"turns":3.0},{"damage":47.0,"enemies":"Masked Bandits","floor":25.0,"turns":4.0},{"damage":20.0,"enemies":"Book of Stabbing","floor":27.0,"turns":5.0},{"damage":0.0,"enemies":"3 Cultists","floor":29.0,"turns":4.0},{"damage":0.0,"enemies":"Centurion and Healer","floor":30.0,"turns":7.0},{"damage":0.0,"enemies":"Gremlin Leader","floor":31.0,"turns":4.0},{"damage":57.0,"enemies":"Champ","floor":33.0,"turns":16.0},{"damage":4.0,"enemies":"3 Darklings","floor":35.0,"turns":7.0},{"damage":4.0,"enemies":"3 Shapes","floor":39.0,"turns":4.0},{"damage":21.0,"enemies":"3 Darklings","floor":41.0,"turns":6.0},{"damage":20.0,"enemies":"Nemesis","floor":46.0,"turns":5.0},{"damage":0.0,"enemies":"Spire Growth","floor":48.0,"turns":4.0},{"damage":54,"enemies":"Awakened One","floor":50,"turns":7}],"seed_played":"2613293519622336037","potions_obtained":[{"floor":7.0,"key":"SkillPotion"},{"floor":10.0,"key":"FearPotion"},{"floor":18.0,"key":"Strength Potion"},{"floor":19.0,"key":"DistilledChaos"},{"floor":27.0,"key":"SpeedPotion"},{"floor":29.0,"key":"ColorlessPotion"},{"floor":31.0,"key":"BlessingOfTheForge"},{"floor":39.0,"key":"Energy Potion"},{"floor":48.0,"key":"Dexterity Potion"}],"is_trial":false,"path_per_floor":["M","M","?","M","$","R","M","E","T","E","R","M","R","?","R","B",null,"M","M","?","$","?","E","R","?","T","E","R","M","M","E","R","B",null,"M","?","?","$","M","R","M","R","T","$","?","E","$","M","R","B"],"character_chosen":"THE_SILENT","items_purchased":["Skewer","FearPotion","Bronze Scales","ClockworkSouvenir","Footwork","Catalyst","Deflect","Deadly Poison","Good Instincts"],"campfire_rested":0,"item_purchase_floors":[5,5,21,38,38,38,38,44,47],"current_hp_per_floor":[57,57,57,53,53,53,41,17,17,31,31,31,31,31,31,9,52,52,45,45,45,45,49,49,14,14,4,4,14,30,47,47,25,48,56,56,56,56,56,56,41,41,41,41,41,29,29,33,33,0,0],"gold":17,"neow_bonus":"BOSS_RELIC","is_daily":false,"chose_seed":false,"campfire_upgraded":9,"win_rate":0.0,"timestamp":1609525854,"path_taken":["M","M","?","M","$","R","?","E","T","E","R","M","R","?","R","BOSS","M","?","?","$","?","E","R","?","T","E","R","M","M","E","R","BOSS","M","?","?","$","M","R","M","R","T","?","?","E","?","?","R","BOSS"],"items_purchased_type":["Card","Potion","Relic","Relic","Card","Card","Card","Card","Card"],"build_version":"2020-12-18","purchased_purges":2,"victory":false,"max_hp_per_floor":[66,66,66,66,66,66,66,66,66,66,66,66,66,66,66,66,66,66,66,66,66,46,56,56,56,56,56,56,56,56,56,56,56,56,56,56,56,56,56,56,56,56,56,56,56,56,56,56,56,56,56],"relic_stats":{"Lizard Tail":33,"Regal Pillow":0,"Gremlin Horn":[21,21],"counters":[23,125],"Bronze Scales":[288],"Snake Skull":[16],"War Paint":["Defend_G","Defend_G"],"obtain_stats":[{"Regal Pillow":26,"Pear":23,"Gremlin Horn":9,"Snake Skull":46,"Paper Crane":27,"War Paint":31,"ClockworkSouvenir":38,"SlaversCollar":34,"Lizard Tail":8,"CaptainsWheel":20,"Bronze Scales":21,"CultistMask":3,"Coffee Dripper":17,"Red Mask":25,"Toy Ornithopter":10,"Ring of the Snake":0,"Runic Pyramid":0},{"Regal Pillow":12,"Pear":11,"Gremlin Horn":5,"Snake Skull":21,"Paper Crane":13,"War Paint":16,"ClockworkSouvenir":18,"SlaversCollar":17,"Lizard Tail":5,"CaptainsWheel":10,"Bronze Scales":10,"CultistMask":2,"Coffee Dripper":8,"Red Mask":12,"Toy Ornithopter":6,"Ring of the Snake":0,"Runic Pyramid":0},{"Regal Pillow":56,"Pear":52,"Gremlin Horn":20,"Snake Skull":114,"Paper Crane":61,"War Paint":76,"ClockworkSouvenir":99,"SlaversCollar":92,"Lizard Tail":20,"CaptainsWheel":49,"Bronze Scales":49,"CultistMask":9,"Coffee Dripper":41,"Red Mask":56,"Toy Ornithopter":28,"Ring of the Snake":0,"Runic Pyramid":0}],"Toy Ornithopter":21},"card_choices":[{"not_picked":["Deflect","Leg Sweep"],"picked":"Quick Slash","floor":1.0},{"not_picked":["Cloak And Dagger","Escape Plan"],"picked":"Flying Knee","floor":2.0},{"not_picked":["Underhanded Strike","Dagger Throw"],"picked":"Deadly Poison","floor":4.0},{"not_picked":["Riddle With Holes","Dagger Throw"],"picked":"Dagger Spray","floor":7.0},{"not_picked":["Well Laid Plans","Crippling Poison"],"picked":"Noxious Fumes","floor":8.0},{"not_picked":["Riddle With Holes","Masterful Stab"],"picked":"Adrenaline","floor":10.0},{"not_picked":["Slice","Caltrops"],"picked":"Sucker Punch","floor":12.0},{"not_picked":["Bullet Time","After Image"],"picked":"Burst","floor":16.0},{"not_picked":["Reflex","Blade Dance"],"picked":"Backstab","floor":18.0},{"not_picked":["Dodge and Roll","Quick Slash"],"picked":"Deflect","floor":19.0},{"not_picked":["PiercingWail","Setup"],"picked":"Tactician+1","floor":23.0},{"not_picked":["Eviscerate","Deadly Poison"],"picked":"Endless Agony","floor":25.0},{"not_picked":["Dagger Spray","Setup+1","Expertise"],"picked":"SKIP","floor":27.0},{"not_picked":["Flying Knee","Poisoned Stab+1"],"picked":"After Image","floor":29.0},{"not_picked":["Flechettes","Sucker Punch","Skewer"],"picked":"SKIP","floor":30.0},{"not_picked":["Masterful Stab","Blade Dance+1"],"picked":"Dodge and Roll","floor":31.0},{"not_picked":["Envenom","Grand Finale"],"picked":"Adrenaline","floor":33.0},{"not_picked":["Reflex","Quick Slash","Infinite Blades"],"picked":"SKIP","floor":35.0},{"not_picked":["Quick Slash","Eviscerate"],"picked":"Slice","floor":39.0},{"not_picked":["Bane","Heel Hook"],"picked":"Noxious Fumes","floor":41.0},{"not_picked":["Riddle With Holes","Infinite Blades"],"picked":"Catalyst","floor":46.0},{"not_picked":["Poisoned Stab","Sucker Punch"],"picked":"PiercingWail+1","floor":48.0}],"player_experience":3433260,"relics_obtained":[{"floor":8.0,"key":"Lizard Tail"},{"floor":9.0,"key":"Gremlin Horn"},{"floor":10.0,"key":"Toy Ornithopter"},{"floor":23.0,"key":"Pear"},{"floor":25.0,"key":"Red Mask"},{"floor":26.0,"key":"Regal Pillow"},{"floor":27.0,"key":"Paper Crane"},{"floor":31.0,"key":"War Paint"},{"floor":46.0,"key":"Snake Skull"}],"event_choices":[{"damage_healed":0.0,"max_hp_gain":0.0,"max_hp_loss":0.0,"gold_gain":0.0,"event_name":"FaceTrader","player_choice":"Trade","floor":3.0,"gold_loss":0.0,"damage_taken":0.0,"relics_obtained":["CultistMask"]},{"damage_healed":0.0,"max_hp_gain":0.0,"max_hp_loss":0.0,"gold_gain":0.0,"event_name":"Match and Keep!","player_choice":"1 cards matched","floor":14.0,"gold_loss":0.0,"damage_taken":0.0,"cards_obtained":["Acrobatics"]},{"damage_healed":0.0,"max_hp_gain":0.0,"max_hp_loss":0.0,"gold_gain":0.0,"event_name":"The Mausoleum","player_choice":"Opened","floor":20.0,"gold_loss":0.0,"damage_taken":0.0,"relics_obtained":["CaptainsWheel"],"cards_obtained":["Writhe"]},{"damage_healed":0.0,"max_hp_gain":0.0,"max_hp_loss":20.0,"gold_gain":0.0,"event_name":"Vampires","player_choice":"Became a vampire","floor":22.0,"gold_loss":0.0,"damage_taken":0.0,"cards_obtained":["Bite","Bite","Bite","Bite","Bite"]},{"damage_healed":0.0,"max_hp_gain":0.0,"max_hp_loss":0.0,"gold_gain":0.0,"event_name":"Masked Bandits","player_choice":"Fought Bandits","floor":25.0,"gold_loss":0.0,"damage_taken":0.0},{"damage_healed":0.0,"max_hp_gain":0.0,"max_hp_loss":0.0,"gold_gain":222.0,"event_name":"Tomb of Lord Red Mask","player_choice":"Wore Mask","floor":36.0,"gold_loss":0.0,"damage_taken":0.0},{"damage_healed":0.0,"max_hp_gain":0.0,"max_hp_loss":0.0,"gold_gain":0.0,"event_name":"Mysterious Sphere","player_choice":"Ignored","floor":37.0,"gold_loss":0.0,"damage_taken":0.0},{"cards_removed":["Footwork"],"damage_healed":0.0,"max_hp_gain":0.0,"max_hp_loss":0.0,"gold_gain":0.0,"event_name":"Falling","player_choice":"Removed Power","floor":45.0,"gold_loss":0.0,"damage_taken":0.0}],"is_beta":true,"boss_relics":[{"not_picked":["Calling Bell","Philosopher\u0027s Stone"],"picked":"Coffee Dripper"},{"not_picked":["Sozu","Snecko Eye"],"picked":"SlaversCollar"}],"items_purged_floors":[21,38],"is_endless":false,"potions_floor_spawned":[7,10,18,19,27,29,31,39,48],"killed_by":"Awakened One","ascension_level":20}}