{"host":"ssbj2e5691x5ub3h","time":1609460473,"event":{"mods":["BaseMod","Duelist Mod","Minty Spire (QoL Compilation)","StSLib"],"gold_per_floor":[154,166,143,169,192,204,249,271,283,295,307,319,356,368,380,486,498,525,587,613,645,680,692,723,735,747,441,441,465,465,465],"floor_reached":30,"playtime":885,"items_purged":["Injury"],"score":426,"play_id":"d357c1ea-d26f-4ee7-b73c-ba9b40b19dc0","local_time":"20201231222113","is_ascension_mode":true,"campfire_choices":[{"data":"theDuelist:VioletCrystal","floor":6,"key":"SMITH"},{"data":"theDuelist:RoseWitch","floor":10,"key":"SMITH"},{"floor":12,"key":"REST"},{"data":"theDuelist:Inmato","floor":15,"key":"SMITH"},{"floor":23,"key":"REST"},{"floor":25,"key":"REST"}],"circlet_count":0,"master_deck":["theDuelist:AngelTrumpeter","AscendersBane","theDuelist:CactusBouncer","theDuelist:CastleWalls","theDuelist:CastleWalls","theDuelist:DarkworldThorns","theDuelist:Inmato+1","theDuelist:JerryBeansMan","theDuelist:JerryBeansMan","theDuelist:Sparks","theDuelist:Sparks","theDuelist:PredaplantPterapenthes","theDuelist:CactusBouncer","theDuelist:VioletCrystal+1","theDuelist:RoseWitch+1","theDuelist:BlossomBombardment","theDuelist:QueenAngelRoses","theDuelist:Predapruning","theDuelist:BotanicalLion","theDuelist:TwilightRoseKnight+1","theDuelist:PredaplantSpinodionaea+1","theDuelist:VioletCrystal","theDuelist:WhiteRoseDragon"],"relics":["theDuelist:MillenniumPuzzle","theDuelist:CardPoolRelic","theDuelist:CardPoolBasicRelic","theDuelist:BoosterPackPoolRelic","theDuelist:CardPoolAddRelic","theDuelist:CardPoolMinusRelic","theDuelist:CardPoolSaveRelic","theDuelist:CardPoolOptionsRelic","MawBank","theDuelist:YugiMirror","theDuelist:BoosterBetterBoostersRelic","Darkstone Periapt","theDuelist:NamelessHungerRelic","Juzu Bracelet","Golden Idol","Runic Dome","theDuelist:SolderToken","Anchor"],"acts_visited":["Exordium","TheCity"],"potions_floor_usage":[16,22],"damage_taken":[{"damage":1,"enemies":"Cultist","floor":1,"turns":3},{"damage":0,"enemies":"Small Slimes","floor":4,"turns":3},{"damage":0,"enemies":"2 Louse","floor":5,"turns":2},{"damage":12,"enemies":"3 Sentries","floor":7,"turns":5},{"damage":0,"enemies":"Looter","floor":8,"turns":2},{"damage":30,"enemies":"Hexaghost","floor":16,"turns":8},{"damage":28,"enemies":"3 Byrds","floor":18,"turns":4},{"damage":32,"enemies":"2 Thieves","floor":20,"turns":4},{"damage":1,"enemies":"Snecko","floor":21,"turns":4},{"damage":0,"enemies":"Sentry and Sphere","floor":22,"turns":4},{"damage":29,"enemies":"Snake Plant","floor":24,"turns":3},{"damage":7,"enemies":"Snecko","floor":29,"turns":3},{"damage":29,"enemies":"3 Cultists","floor":30,"turns":3}],"seed_played":"1707735800777646866","potions_obtained":[{"floor":4,"key":"theDuelist:StunPotion"},{"floor":5,"key":"theDuelist:TokenPotionB"},{"floor":7,"key":"theDuelist:WaterBottle"},{"floor":20,"key":"theDuelist:CoolBottle"},{"floor":22,"key":"EssenceOfSteel"}],"is_trial":false,"path_per_floor":["M","?","?","M","M","R","E","M","T","R","?","R","T","?","R","B",null,"M","?","M","M","M","R","M","R","T","$","?","M","M"],"character_chosen":"THE_DUELIST","items_purchased":["Anchor","theDuelist:VioletCrystal"],"campfire_rested":3,"item_purchase_floors":[27,27],"current_hp_per_floor":[62,54,70,70,70,70,58,58,58,58,48,69,69,75,75,45,68,40,40,10,9,11,35,6,30,30,30,30,23,0,0],"gold":465,"neow_bonus":"RANDOM_COMMON_RELIC","is_daily":false,"chose_seed":false,"campfire_upgraded":3,"win_rate":0.0,"timestamp":1609460473,"path_taken":["M","?","?","M","M","R","E","M","T","R","?","R","?","?","R","BOSS","M","?","M","M","M","R","M","R","T","?","?","M","M"],"items_purchased_type":["Relic","Card"],"build_version":"2020-12-22","purchased_purges":1,"victory":false,"max_hp_per_floor":[70,70,70,70,70,70,70,70,70,70,70,70,70,76,76,76,76,76,76,78,78,80,80,80,80,80,80,80,80,80,80],"card_choices":[{"not_picked":["theDuelist:CactusBouncer","theDuelist:JerryBeansMan","theDuelist:Spore","theDuelist:Mudora"],"picked":"theDuelist:PredaplantPterapenthes","floor":1},{"not_picked":["theDuelist:WorldTree","theDuelist:BloomingDarkestRose","theDuelist:SplendidRose"],"picked":"theDuelist:VioletCrystal","floor":4},{"not_picked":["theDuelist:CactusBouncer","theDuelist:JerryBeansMan","theDuelist:MudGolem","theDuelist:Mudora","theDuelist:FallenAngelRoses"],"picked":"SKIP","floor":5},{"not_picked":["Dark Shackles","Flash of Steel","Magnetism","Sadistic Nature"],"picked":"SKIP","floor":7},{"not_picked":["theDuelist:PredaplantDrosophyllum","theDuelist:Predapruning","theDuelist:BirdRoses","theDuelist:MarkRose"],"picked":"theDuelist:RoseWitch","floor":8},{"not_picked":["theDuelist:KamionTimelord","theDuelist:BeastFangs","theDuelist:QueenAngelRoses","theDuelist:Gigaplant"],"picked":"theDuelist:BlossomBombardment","floor":16},{"not_picked":["theDuelist:HeartUnderdog","theDuelist:BeastFangs"],"picked":"theDuelist:QueenAngelRoses","floor":18},{"not_picked":["theDuelist:RosePaladin","theDuelist:AngelTrumpeter","theDuelist:MiracleFertilizer","theDuelist:AcidTrapHole"],"picked":"theDuelist:Predapruning","floor":20},{"not_picked":["theDuelist:PredaplantPterapenthes","theDuelist:Inmato","theDuelist:Firegrass","theDuelist:ThornMalice"],"picked":"theDuelist:BotanicalLion","floor":21},{"not_picked":["theDuelist:VenomShot","theDuelist:LordPoison","theDuelist:BirdRoses","theDuelist:FallenAngelRoses"],"picked":"theDuelist:TwilightRoseKnight+1","floor":22},{"not_picked":["theDuelist:BottomlessTrapHole+1","theDuelist:AngelTrumpeter+1"],"picked":"theDuelist:PredaplantSpinodionaea+1","floor":24},{"not_picked":["theDuelist:CactusBouncer","theDuelist:PredaplantPterapenthes","theDuelist:CheerfulCoffin","theDuelist:SilverApples"],"picked":"theDuelist:WhiteRoseDragon","floor":29}],"player_experience":294883,"relics_obtained":[{"floor":7,"key":"theDuelist:BoosterBetterBoostersRelic"},{"floor":9,"key":"Darkstone Periapt"},{"floor":13,"key":"Juzu Bracelet"},{"floor":26,"key":"theDuelist:SolderToken"}],"event_choices":[{"damage_healed":0,"gold_gain":0,"player_choice":"Dig - random Duelist relic","duelist":true,"damage_taken":0,"max_hp_gain":0,"max_hp_loss":0,"event_name":"Aknamkanon\u0027s Tomb","floor":2,"gold_loss":0},{"damage_healed":17,"gold_gain":0,"player_choice":"Healed","damage_taken":0,"max_hp_gain":0,"max_hp_loss":0,"event_name":"The Cleric","floor":3,"gold_loss":35},{"total_magic_score":18,"gold_gain":0,"duelist":true,"damage_taken":10,"relics_obtained":["theDuelist:NamelessHungerRelic"],"points":6,"max_hp_gain":0,"max_hp_loss":0,"spent_points":{"magic":0,"greed":0,"war":3,"power":0,"hunger":3},"event_name":"Nameless Tomb","hunger_reward":3,"floor":11,"gold_loss":0,"cards_obtained":[]},{"damage_healed":0,"gold_gain":0,"player_choice":"Take Wound","damage_taken":0,"relics_obtained":["Golden Idol"],"max_hp_gain":0,"max_hp_loss":0,"event_name":"Golden Idol","floor":14,"gold_loss":0,"cards_obtained":["Injury"]},{"damage_healed":0,"gold_gain":50,"player_choice":"Pray","damage_taken":0,"max_hp_gain":0,"max_hp_loss":0,"event_name":"Golden Shrine","floor":19,"gold_loss":0},{"damage_healed":0,"gold_gain":0,"player_choice":"Leave","duelist":true,"damage_taken":0,"max_hp_gain":0,"max_hp_loss":0,"event_name":"Egyptian Village","floor":28,"gold_loss":0}],"is_beta":false,"boss_relics":[{"not_picked":["Runic Cube","SlaversCollar"],"picked":"Runic Dome"}],"items_purged_floors":[27],"is_endless":false,"potions_floor_spawned":[4,5,7,8,20,22],"killed_by":"3 Cultists","ascension_level":17}}