{"host":"3asmp5aovk69ekg9","time":1609484675,"event":{"mods":["BaseMod","BetterRewards","Colored Powertips","Hermit","Koishi","Magitek Elite","Minty Spire (QoL Compilation)","Permanent Neow","Remove Card Discount Mod","Shade Mod","StSLib","The Alterego","The Cursed","The Death Knight","The Fake Hero","The IronCluck","The Marked","The Senshi","The Wild Card"],"gold_per_floor":[110,126,144,144,164,198,40,40,40,40,69,88,105,131,131,233,233,252,63,63,81,81,106,106,131,131,142,171,171,171,204,204,307,307,319,354,354,372,20,70,70,103,103,192,260,260,316,387,387,387,387,387,45,70,70],"floor_reached":56,"playtime":11126,"items_purged":["Defend_P","Strike_P","Strike_P","Eruption","Strike_P","Strike_P","Defend_P","FlurryOfBlows","FlyingSleeves","Defend_P","Defend_P+1"],"score":1938,"play_id":"8a8906a2-74af-41bb-8fe7-f8b1395eef6a","local_time":"20201231230435","is_ascension_mode":true,"campfire_choices":[{"floor":8.0,"key":"REST"},{"data":"theWildCard:Scathach","floor":15.0,"key":"SMITH"},{"data":"BattleHymn","floor":24.0,"key":"SMITH"},{"data":"Devotion","floor":30.0,"key":"SMITH"},{"floor":32.0,"key":"RECALL"},{"data":"Wish","floor":41.0,"key":"SMITH"},{"data":"Devotion","floor":46.0,"key":"SMITH"},{"floor":49.0,"key":"REST"},{"data":"LikeWater","floor":52,"key":"SMITH"}],"circlet_count":0,"master_deck":["Vigilance+1","Sanctity","Nirvana+1","Pray+1","FlurryOfBlows+1","SashWhip+1","LessonLearned","Worship+1","InnerPeace","SandsOfTime+1","FollowUp+1","BowlingBash+1","Evaluate+1","theWildCard:Scathach+1","JustLucky+1","Establishment+1","WindmillStrike+1","LikeWater+1","BattleHymn+1","InnerPeace+1","MentalFortress+1","Establishment+1","EmptyBody+1","LikeWater+1","ThirdEye+1","Pray+1","Devotion+1","Sanctity+1","DeceiveReality+1","LikeWater+1","Wish+1","Protect+1","Study","Wish+1","Sanctity+1","Devotion+1","ClearTheMind+1","Wireheading+1","Master of Strategy+1","Scrawl+1"],"relics":["HolyWater","MealTicket","Thread and Needle","Sling","Turnip","Letter Opener","Angel_Ring","Tiny Chest","WingedGreaves","Gambling Chip","PreservedInsect","Peace Pipe","Nunchaku","Akabeko","Strawberry","Busted Crown","Potion Belt","Genji_Glove","Juzu Bracelet","Oddly Smooth Stone","Shovel","Toxic Egg 2","TungstenRod","War Paint"],"acts_visited":["Exordium","TheCity","TheBeyond","TheEnding"],"potions_floor_usage":[54,54,54,55,55],"damage_taken":[{"damage":0.0,"enemies":"Cultist","floor":1.0,"turns":3.0},{"damage":4.0,"enemies":"2 Louse","floor":2.0,"turns":3.0},{"damage":0.0,"enemies":"Small Slimes","floor":3.0,"turns":3.0},{"damage":0.0,"enemies":"Exordium Thugs","floor":5.0,"turns":6.0},{"damage":5.0,"enemies":"Gremlin Nob","floor":6.0,"turns":3.0},{"damage":0.0,"enemies":"Lagavulin","floor":11.0,"turns":5.0},{"damage":6.0,"enemies":"Lots of Slimes","floor":12.0,"turns":4.0},{"damage":1.0,"enemies":"Gremlin Gang","floor":13.0,"turns":5.0},{"damage":2.0,"enemies":"Gremlin Nob","floor":14.0,"turns":4.0},{"damage":16.0,"enemies":"Slime Boss","floor":16.0,"turns":9.0},{"damage":0.0,"enemies":"Chosen","floor":18.0,"turns":7.0},{"damage":0.0,"enemies":"Shell Parasite","floor":21.0,"turns":5.0},{"damage":12.0,"enemies":"Gremlin Leader","floor":23.0,"turns":9.0},{"damage":2.0,"enemies":"Book of Stabbing","floor":25.0,"turns":5.0},{"damage":0.0,"enemies":"Snecko","floor":27.0,"turns":5.0},{"damage":27.0,"enemies":"Gremlin Leader","floor":28.0,"turns":6.0},{"damage":0.0,"enemies":"Book of Stabbing","floor":31.0,"turns":5.0},{"damage":2.0,"enemies":"Collector","floor":33.0,"turns":10.0},{"damage":8.0,"enemies":"3 Shapes","floor":35.0,"turns":4.0},{"damage":0.0,"enemies":"Orb Walker","floor":36.0,"turns":4.0},{"damage":6.0,"enemies":"3 Darklings","floor":38.0,"turns":4.0},{"damage":9.0,"enemies":"Reptomancer","floor":40.0,"turns":10.0},{"damage":0.0,"enemies":"Nemesis","floor":42.0,"turns":5.0},{"damage":0.0,"enemies":"Giant Head","floor":44.0,"turns":5.0},{"damage":9.0,"enemies":"4 Shapes","floor":45.0,"turns":7.0},{"damage":48.0,"enemies":"Reptomancer","floor":47.0,"turns":4.0},{"damage":11.0,"enemies":"Jaw Worm Horde","floor":48.0,"turns":9.0},{"damage":0.0,"enemies":"Donu and Deca","floor":50.0,"turns":8.0},{"damage":12,"enemies":"Shield and Spear","floor":54,"turns":5},{"damage":54,"enemies":"The Heart","floor":55,"turns":9}],"seed_played":"6307985694971649724","potions_obtained":[{"floor":2.0,"key":"EntropicBrew"},{"floor":5.0,"key":"Ambrosia"},{"floor":10.0,"key":"EssenceOfSteel"},{"floor":10.0,"key":"DeathKnight:BottledBloodEchoes"},{"floor":11.0,"key":"Regen Potion"},{"floor":23.0,"key":"Ancient Potion"},{"floor":31.0,"key":"BottledMiracle"},{"floor":33.0,"key":"Swift Potion"},{"floor":35.0,"key":"DeathKnight:RimePotion"},{"floor":36.0,"key":"FearPotion"},{"floor":42.0,"key":"SpeedPotion"},{"floor":45.0,"key":"LiquidBronze"},{"floor":48.0,"key":"Explosive Potion"}],"is_trial":false,"path_per_floor":["M","M","M","?","M","E","$","R","T","?","E","M","M","E","R","B",null,"M","$","?","M","?","E","R","E","T","M","E","T","R","E","R","B",null,"M","M","?","M","$","E","R","E","T","E","M","R","E","M","R","B",null,"R","$","E","B",null],"character_chosen":"WATCHER","items_purchased":["Fruit Juice","Sanctity","Nirvana","Pray","FlurryOfBlows","SashWhip","LessonLearned","Worship","MealTicket","Thread and Needle","Sling","InnerPeace","FlurryOfBlows","Turnip","SandsOfTime","SkillPotion","PowerPotion","WindmillStrike","LikeWater","EmptyBody","LikeWater","ThirdEye","Potion Belt","Genji_Glove","Study","BottledMiracle","Block Potion","Master of Strategy+1","Swift Potion"],"campfire_rested":2,"item_purchase_floors":[0,0,0,0,0,0,0,0,0,0,0,0,0,0,0,0,0,7,7,19,19,19,39,39,39,53,53,53,53],"current_hp_per_floor":[28,24,24,24,24,19,34,57,57,57,57,63,62,60,60,44,69,69,77,77,77,77,65,65,63,63,63,36,36,36,43,43,41,73,65,65,65,59,74,65,65,65,65,65,56,56,20,20,45,45,74,74,84,72,20],"gold":70,"neow_bonus":"","is_daily":false,"chose_seed":false,"campfire_upgraded":6,"win_rate":0.0,"timestamp":1609484675,"path_taken":["M","M","?","?","M","E","$","R","T","?","E","?","M","E","R","BOSS","M","$","?","M","?","E","R","E","T","?","E","?","R","E","R","BOSS","M","M","?","?","$","E","R","E","T","E","M","R","E","M","R","BOSS","R","$","E","BOSS"],"items_purchased_type":["Potion","Card","Card","Card","Card","Card","Card","Card","Relic","Relic","Relic","Card","Card","Relic","Card","Potion","Potion","Card","Card","Card","Card","Card","Relic","Relic","Card","Potion","Potion","Card","Potion"],"build_version":"2020-12-22","purchased_purges":11,"victory":true,"max_hp_per_floor":[77,77,77,77,77,77,77,77,77,77,77,77,77,77,77,77,77,77,77,77,77,77,77,77,77,77,77,77,77,77,84,84,84,84,84,84,84,84,84,84,84,84,84,84,84,84,84,84,84,84,84,84,84,84,84],"card_choices":[{"not_picked":["WheelKick","Perseverance"],"picked":"FollowUp","floor":1.0},{"not_picked":["Protect","SandsOfTime"],"picked":"BowlingBash","floor":2.0},{"not_picked":["SandsOfTime","EmptyFist"],"picked":"Evaluate","floor":3.0},{"not_picked":["ClearTheMind","WaveOfTheHand"],"picked":"JustLucky","floor":5.0},{"not_picked":["TalkToTheHand","SashWhip"],"picked":"Establishment","floor":6.0},{"not_picked":["Adaptation","ClearTheMind"],"picked":"BattleHymn","floor":11.0},{"not_picked":["Crescendo","Meditate"],"picked":"FlyingSleeves","floor":12.0},{"not_picked":["CutThroughFate","Crescendo"],"picked":"InnerPeace","floor":13.0},{"not_picked":["BowlingBash","Indignation"],"picked":"MentalFortress","floor":14.0},{"not_picked":["ConjureBlade","Brilliance"],"picked":"Establishment","floor":16.0},{"not_picked":["Indignation","CrushJoints","WaveOfTheHand+1"],"picked":"SKIP","floor":18.0},{"not_picked":["ClearTheMind+1","ReachHeaven+1"],"picked":"Pray+1","floor":21.0},{"not_picked":["FlurryOfBlows+1","Study","Adaptation"],"picked":"SKIP","floor":23.0},{"not_picked":["Wallop+1","Vengeance"],"picked":"Devotion","floor":25.0},{"not_picked":["EmptyMind+1","FlurryOfBlows"],"picked":"Sanctity","floor":27.0},{"not_picked":["Halt","PathToVictory"],"picked":"DeceiveReality+1","floor":28.0},{"not_picked":["EmptyFist","JustLucky"],"picked":"LikeWater","floor":31.0},{"not_picked":["Omniscience","Brilliance"],"picked":"Wish","floor":33.0},{"not_picked":[],"picked":"Protect+1","floor":35.0},{"not_picked":["ClearTheMind+1"],"picked":"SKIP","floor":36.0},{"not_picked":["WreathOfFlame+1"],"picked":"SKIP","floor":38.0},{"not_picked":[],"picked":"Wish","floor":40.0},{"not_picked":[],"picked":"Sanctity+1","floor":42.0},{"not_picked":[],"picked":"Devotion","floor":44.0},{"not_picked":[],"picked":"ClearTheMind+1","floor":45.0},{"not_picked":[],"picked":"Wireheading+1","floor":47.0},{"not_picked":["FlyingSleeves+1"],"picked":"SKIP","floor":48.0},{"not_picked":[],"picked":"Scrawl+1","floor":54}],"player_experience":1153342,"relics_obtained":[{"floor":6.0,"key":"Letter Opener"},{"floor":11.0,"key":"Angel_Ring"},{"floor":14.0,"key":"Tiny Chest"},{"floor":23.0,"key":"Gambling Chip"},{"floor":25.0,"key":"PreservedInsect"},{"floor":26.0,"key":"Peace Pipe"},{"floor":28.0,"key":"Nunchaku"},{"floor":29.0,"key":"Akabeko"},{"floor":31.0,"key":"Strawberry"},{"floor":40.0,"key":"Juzu Bracelet"},{"floor":42.0,"key":"Oddly Smooth Stone"},{"floor":43.0,"key":"Shovel"},{"floor":44.0,"key":"Toxic Egg 2"},{"floor":47.0,"key":"TungstenRod"},{"floor":54,"key":"War Paint"}],"event_choices":[{"damage_healed":0.0,"max_hp_gain":0.0,"max_hp_loss":0.0,"gold_gain":0.0,"event_name":"Lab","player_choice":"Got Potions","floor":10.0,"gold_loss":0.0,"damage_taken":0.0},{"damage_healed":0.0,"max_hp_gain":0.0,"max_hp_loss":0.0,"gold_gain":0.0,"event_name":"The Mausoleum","player_choice":"Opened","floor":20.0,"gold_loss":0.0,"damage_taken":0.0,"relics_obtained":["WingedGreaves"]},{"damage_healed":0.0,"max_hp_gain":0.0,"max_hp_loss":0.0,"gold_gain":0.0,"event_name":"Upgrade Shrine","player_choice":"Upgraded","floor":22.0,"gold_loss":0.0,"damage_taken":0.0,"cards_upgraded":["Establishment"]},{"damage_healed":0.0,"max_hp_gain":0.0,"max_hp_loss":0.0,"gold_gain":0.0,"event_name":"Transmorgrifier","player_choice":"Ignored","floor":37.0,"gold_loss":0.0,"damage_taken":0.0}],"is_beta":false,"boss_relics":[{"not_picked":["Runic Dome","Runic Pyramid"],"picked":"HolyWater"},{"not_picked":["VioletLotus","Snecko Eye"],"picked":"Busted Crown"}],"items_purged_floors":[0,0,0,0,7,7,19,19,19,19,39],"is_endless":false,"potions_floor_spawned":[2,3,5,11,14,23,31,33,35,36,42,45,48],"ascension_level":7}}