{"host":"vlqejv0notyktumz","time":1609465567,"event":{"mods":["AchievementEnabler","BaseMod","Googly Eyes","Minty Spire (QoL Compilation)"],"gold_per_floor":[119,119,119,132,132,132,167,167,167,179,179,198,47,65,65,168,168,108,108,55,55,55,55],"floor_reached":22,"playtime":441,"items_purged":[],"score":274,"play_id":"dd64c307-66bb-4006-aa75-93b5cb421e7e","local_time":"20201231194607","is_ascension_mode":true,"campfire_choices":[{"data":"Redo","floor":6,"key":"SMITH"},{"data":"Zap","floor":8,"key":"SMITH"},{"data":"Defend_B","floor":11,"key":"SMITH"},{"data":"Genetic Algorithm","floor":15,"key":"SMITH"}],"circlet_count":0,"master_deck":["Strike_B+1","Strike_B+1","Strike_B","Defend_B+1","Defend_B","Defend_B","Defend_B","Zap+1","Dualcast","Static Discharge","Redo+1","Ball Lightning","Genetic Algorithm+1","Echo Form","Genetic Algorithm+1","BootSequence","Leap","Stack"],"relics":["Cracked Core","NeowsBlessing","Tiny Chest","Whetstone","Mercury Hourglass","Bag of Preparation","Ectoplasm"],"acts_visited":["Exordium","TheCity"],"potions_floor_usage":[16,16],"damage_taken":[{"damage":0,"enemies":"Small Slimes","floor":1,"turns":1},{"damage":0,"enemies":"Jaw Worm","floor":4,"turns":1},{"damage":0,"enemies":"Gremlin Nob","floor":7,"turns":1},{"damage":0,"enemies":"2 Louse","floor":10,"turns":2},{"damage":0,"enemies":"Gremlin Gang","floor":12,"turns":2},{"damage":0,"enemies":"Lots of Slimes","floor":14,"turns":2},{"damage":41,"enemies":"Hexaghost","floor":16,"turns":8},{"damage":23,"enemies":"2 Thieves","floor":18,"turns":4},{"damage":15,"enemies":"Shell Parasite","floor":19,"turns":4},{"damage":12,"enemies":"Snecko","floor":21,"turns":4},{"damage":21,"enemies":"Cultist and Chosen","floor":22,"turns":4}],"seed_played":"-1719735065218018727","potions_obtained":[{"floor":1,"key":"EssenceOfSteel"},{"floor":7,"key":"Strength Potion"},{"floor":10,"key":"EssenceOfSteel"},{"floor":12,"key":"Regen Potion"},{"floor":19,"key":"FearPotion"}],"is_trial":false,"path_per_floor":["M","?","?","M","?","R","E","R","T","M","R","M","$","M","R","B",null,"M","M","$","M","M"],"character_chosen":"DEFECT","items_purchased":["Bag of Preparation","Leap"],"campfire_rested":0,"item_purchase_floors":[13,20],"current_hp_per_floor":[68,56,75,75,75,75,75,75,75,75,75,75,75,75,75,49,69,46,31,31,19,0,0],"gold":55,"neow_bonus":"THREE_ENEMY_KILL","is_daily":false,"chose_seed":false,"campfire_upgraded":4,"win_rate":0.0,"timestamp":1609465567,"path_taken":["M","?","?","M","?","R","E","R","T","M","R","M","$","M","R","BOSS","M","?","$","M","M"],"items_purchased_type":["Relic","Card"],"build_version":"2020-12-22","purchased_purges":0,"victory":false,"max_hp_per_floor":[75,75,75,75,75,75,75,75,75,75,75,75,75,75,75,75,75,75,75,75,75,75,75],"card_choices":[{"not_picked":["Gash","Beam Cell"],"picked":"Static Discharge","floor":1},{"not_picked":["Barrage","Rebound"],"picked":"Redo","floor":4},{"not_picked":["Creative AI","Chill"],"picked":"Ball Lightning","floor":7},{"not_picked":["Aggregate","Scrape","Streamline"],"picked":"SKIP","floor":10},{"not_picked":["Gash","Force Field","Coolheaded"],"picked":"SKIP","floor":12},{"not_picked":["Redo","Recycle"],"picked":"Genetic Algorithm","floor":14},{"not_picked":["All For One","Amplify"],"picked":"Echo Form","floor":16},{"not_picked":["Recycle","Turbo+1"],"picked":"Genetic Algorithm+1","floor":18},{"not_picked":["Compile Driver","Rebound+1"],"picked":"BootSequence","floor":19},{"not_picked":["Sweeping Beam","Scrape"],"picked":"Stack","floor":21}],"player_experience":281604,"relics_obtained":[{"floor":7,"key":"Whetstone"},{"floor":9,"key":"Mercury Hourglass"}],"event_choices":[{"damage_healed":0,"gold_gain":0,"player_choice":"Success","damage_taken":12,"relics_obtained":["Tiny Chest"],"max_hp_gain":0,"max_hp_loss":0,"event_name":"Scrap Ooze","floor":2,"gold_loss":0},{"damage_healed":25,"gold_gain":0,"player_choice":"Banana","damage_taken":0,"max_hp_gain":0,"max_hp_loss":0,"event_name":"Big Fish","floor":3,"gold_loss":0},{"cards_removed":["Strike_B"],"damage_healed":0,"gold_gain":0,"player_choice":"Offered Basic","damage_taken":0,"max_hp_gain":0,"max_hp_loss":0,"event_name":"Bonfire Elementals","floor":5,"gold_loss":0}],"is_beta":false,"boss_relics":[{"not_picked":["SlaversCollar","Tiny House"],"picked":"Ectoplasm"}],"items_purged_floors":[],"is_endless":false,"potions_floor_spawned":[1,7,10,12,19],"killed_by":"Cultist and Chosen","ascension_level":6}}