{"host":"e1pm3b7xpcm97e5w","time":1609527293,"event":{"mods":["BaseMod","Better Skull","Googly Eyes","Minty Spire (QoL Compilation)","Relic Stats","Shop Mod","Spicy Shops","StSLib"],"gold_per_floor":[117,117,129,149,164,164,193,193,220,232,232,307,307,332,332,332,332],"floor_reached":16,"playtime":569,"items_purged":[],"score":232,"play_id":"e064cf06-08ba-401d-8a67-410579842a3c","local_time":"20210101135453","is_ascension_mode":true,"campfire_choices":[{"data":"Zap","floor":6,"key":"SMITH"},{"data":"Cold Snap","floor":11,"key":"SMITH"},{"floor":13,"key":"REST"},{"floor":15,"key":"REST"}],"circlet_count":0,"master_deck":["Strike_B","Strike_B","Strike_B","Defend_B","Defend_B","Defend_B","Defend_B","Zap+1","Dualcast","Amplify","Genetic Algorithm+1","Auto Shields","Conserve Battery","Hologram","Cold Snap+1"],"relics":["Cracked Core","Omamori","MealTicket","Toy Ornithopter"],"acts_visited":["Exordium"],"potions_floor_usage":[7,14],"damage_taken":[{"damage":5,"enemies":"2 Louse","floor":1,"turns":4},{"damage":0,"enemies":"Cultist","floor":3,"turns":4},{"damage":0,"enemies":"Small Slimes","floor":4,"turns":3},{"damage":4,"enemies":"Blue Slaver","floor":5,"turns":5},{"damage":25,"enemies":"3 Sentries","floor":7,"turns":9},{"damage":0,"enemies":"Looter","floor":10,"turns":3},{"damage":33,"enemies":"Gremlin Nob","floor":14,"turns":5},{"damage":33,"enemies":"Slime Boss","floor":16,"turns":12}],"seed_played":"-5467494584165978212","potions_obtained":[{"floor":3,"key":"SteroidPotion"},{"floor":5,"key":"FearPotion"}],"is_trial":false,"path_per_floor":["M","?","M","M","M","R","E","?","T","M","R","?","R","E","R","B"],"character_chosen":"DEFECT","items_purchased":[],"campfire_rested":2,"item_purchase_floors":[],"current_hp_per_floor":[63,63,63,63,59,59,34,27,27,27,27,16,38,5,27,0,0],"gold":332,"neow_bonus":"ONE_RANDOM_RARE_CARD","is_daily":false,"chose_seed":false,"campfire_upgraded":2,"win_rate":0.0,"timestamp":1609527293,"path_taken":["M","?","M","M","?","R","E","?","T","M","R","?","R","E","R","BOSS"],"items_purchased_type":[],"build_version":"2020-12-22","purchased_purges":0,"victory":false,"max_hp_per_floor":[75,75,75,75,75,75,75,75,75,75,75,75,75,75,75,75,75],"relic_stats":{"counters":[8,45],"MealTicket":0,"obtain_stats":[{"MealTicket":9,"Omamori":7,"Cracked Core":0,"Toy Ornithopter":14},{"MealTicket":5,"Omamori":5,"Cracked Core":0,"Toy Ornithopter":7},{"MealTicket":25,"Omamori":25,"Cracked Core":0,"Toy Ornithopter":33}],"Toy Ornithopter":0},"card_choices":[{"not_picked":["Barrage","Go for the Eyes"],"picked":"Genetic Algorithm","floor":1},{"not_picked":["Chaos","Barrage"],"picked":"Auto Shields","floor":3},{"not_picked":["Ball Lightning","Rebound"],"picked":"Conserve Battery","floor":4},{"not_picked":["Steam","Fusion"],"picked":"Hologram","floor":5},{"not_picked":["Chaos","All For One","Turbo"],"picked":"SKIP","floor":7},{"not_picked":["Rebound","Barrage"],"picked":"Cold Snap","floor":10},{"not_picked":["Turbo","Reprogram","Sunder"],"picked":"SKIP","floor":14}],"player_experience":499018,"relics_obtained":[{"floor":7,"key":"Omamori"},{"floor":9,"key":"MealTicket"},{"floor":14,"key":"Toy Ornithopter"}],"event_choices":[{"damage_healed":0,"gold_gain":0,"player_choice":"Upgraded","damage_taken":0,"max_hp_gain":0,"max_hp_loss":0,"event_name":"Upgrade Shrine","floor":2,"gold_loss":0,"cards_upgraded":["Genetic Algorithm"]},{"cards_removed":["Strike_B"],"damage_healed":0,"gold_gain":0,"player_choice":"Card Removal","damage_taken":7,"max_hp_gain":0,"max_hp_loss":0,"event_name":"Golden Wing","floor":8,"gold_loss":0},{"damage_healed":0,"gold_gain":75,"player_choice":"Gather Gold","damage_taken":11,"max_hp_gain":0,"max_hp_loss":0,"event_name":"World of Goop","floor":12,"gold_loss":0}],"is_beta":false,"boss_relics":[],"items_purged_floors":[],"is_endless":false,"potions_floor_spawned":[3,5],"killed_by":"Slime Boss","ascension_level":9}}