{"host":"v1m5rkjj38qutr02","time":1609508442,"event":{"mods":["Act Like it!","BaseMod","Conspire","Gensokyo","GungeonMod","Hallownest","Minty Spire (QoL Compilation)","Replay The Spire","StSLib","The Bug Knight","Youmu£®ªÍ∆«—˝√Œ£©"],"gold_per_floor":[112,112,122,327,337,366,366,13,38,80,91,91,116,155,155,261,261,271,186,196,196,211,211,211,245,271,271,271],"floor_reached":27,"playtime":1064,"items_purged":["ReplayTheSpireMod:Splinters"],"score":384,"play_id":"461e4341-62ac-44d2-bce2-59d732a2f719","local_time":"20210101214042","is_ascension_mode":true,"campfire_choices":[{"data":"Buffer","floor":7.0,"key":"SMITH"},{"floor":12.0,"key":"REST"},{"floor":15.0,"key":"REST"},{"data":"Capacitor","floor":23,"key":"SMITH"}],"circlet_count":0,"master_deck":["Strike_B","Strike_B","Strike_B","Strike_B","Defend_B+1","Defend_B+1","Defend_B+1","Defend_B+1","Zap","Dualcast","Redo","Buffer+1","Capacitor+1","Hologram","Buffer","Ball Lightning","Aggregate","Conserve Battery","Reboot"],"relics":["Cracked Core","NeowsBlessing","ReplayTheSpireMod:TigerMarble","conspire:TreasureMap","CeramicFish","Replay:Mystery Machine","Happy Flower","conspire:Boomerang","conspire:SpecialSausage","Replay:Bottled Eggs","TungstenRod","DemoMod:WeirdEgg"],"acts_visited":["Exordium","TheCity"],"potions_floor_usage":[22,25],"damage_taken":[{"damage":0.0,"enemies":"Small Slimes","floor":1.0,"turns":1.0},{"damage":0.0,"enemies":"Cultist","floor":3.0,"turns":1.0},{"damage":0.0,"enemies":"2 Louse","floor":5.0,"turns":1.0},{"damage":26.0,"enemies":"3 Sentries","floor":6.0,"turns":10.0},{"damage":0.0,"enemies":"HollowMod:MossKnight","floor":10.0,"turns":9.0},{"damage":0.0,"enemies":"Large Slime","floor":11.0,"turns":6.0},{"damage":37.0,"enemies":"3 Sentries","floor":14.0,"turns":11.0},{"damage":45.0,"enemies":"Fading Forest","floor":16.0,"turns":11.0},{"damage":11.0,"enemies":"Spheric Guardian","floor":18.0,"turns":4.0},{"damage":0.0,"enemies":"Shell Parasite","floor":20.0,"turns":5.0},{"damage":2,"enemies":"Centurion and Healer","floor":22,"turns":7},{"damage":32,"enemies":"Gremlin Leader","floor":25,"turns":6},{"damage":12,"enemies":"Book of Stabbing","floor":27,"turns":5}],"seed_played":"7407273936766914935","potions_obtained":[{"floor":3.0,"key":"AttackPotion"},{"floor":5.0,"key":"DuplicationPotion"},{"floor":11.0,"key":"Languid Potion"},{"floor":14.0,"key":"Block Potion"},{"floor":18.0,"key":"Elixir"},{"floor":22,"key":"AttackPotion"}],"is_trial":false,"path_per_floor":["M","?","M","?","M","E","R","$","T","E","M","R","T","E","R","B",null,"M","?","M","?","M","R","?","E","T","E"],"character_chosen":"DEFECT","items_purchased":["Buffer","conspire:TreasureMap","Ball Lightning"],"campfire_rested":2,"item_purchase_floors":[8,8,8],"current_hp_per_floor":[68,68,68,68,68,42,42,42,42,42,42,64,64,27,49,32,64,53,53,53,53,51,51,51,19,19,7,7],"gold":271,"neow_bonus":"THREE_ENEMY_KILL","is_daily":false,"chose_seed":false,"campfire_upgraded":2,"win_rate":0.0,"timestamp":1609508442,"path_taken":["M","?","?","?","M","E","R","$","T","E","M","R","?","E","R","BOSS","M","?","M","?","M","R","?","E","T","E"],"items_purchased_type":["Card","Relic","Card"],"build_version":"2020-12-22","purchased_purges":1,"victory":false,"max_hp_per_floor":[75,75,75,75,75,75,75,75,75,75,75,75,75,75,75,75,75,75,75,75,75,75,75,75,75,75,75,75],"card_choices":[{"not_picked":["Barrage","Conserve Battery"],"picked":"Redo","floor":1.0},{"not_picked":["ReplaySolidLightProjector","Skim"],"picked":"Capacitor","floor":3.0},{"not_picked":["Compile Driver","Steam"],"picked":"Hologram","floor":5.0},{"not_picked":["Glacier","Hologram","BasicCrystalCard"],"picked":"SKIP","floor":6.0},{"not_picked":["Hologram","Stack"],"picked":"Aggregate","floor":10.0},{"not_picked":["Gash","Fusion","ReplayGash"],"picked":"SKIP","floor":11.0},{"not_picked":["Lockon","BootSequence"],"picked":"Conserve Battery","floor":14.0},{"not_picked":["ReplayRNGCard","Buffer"],"picked":"Reboot","floor":16.0},{"not_picked":["Sweeping Beam","Sunder","Reinforced Body"],"picked":"SKIP","floor":18.0},{"not_picked":["Leap","Gash","Cold Snap"],"picked":"SKIP","floor":20.0},{"not_picked":["Sweeping Beam","Streamline","Rebound"],"picked":"SKIP","floor":22},{"not_picked":["Fission","Time Bomb","Hologram"],"picked":"SKIP","floor":25}],"player_experience":392548,"relics_obtained":[{"floor":6.0,"key":"ReplayTheSpireMod:TigerMarble"},{"floor":9.0,"key":"CeramicFish"},{"floor":10.0,"key":"Replay:Mystery Machine"},{"floor":13.0,"key":"Happy Flower"},{"floor":14.0,"key":"conspire:Boomerang"},{"floor":25,"key":"TungstenRod"},{"floor":26,"key":"DemoMod:WeirdEgg"}],"event_choices":[{"damage_healed":0.0,"max_hp_gain":0.0,"max_hp_loss":0.0,"gold_gain":0.0,"event_name":"Match and Keep!","player_choice":"1 cards matched","floor":2.0,"gold_loss":0.0,"damage_taken":0.0,"cards_obtained":["Buffer"]},{"damage_healed":0.0,"max_hp_gain":0.0,"max_hp_loss":0.0,"gold_gain":0.0,"event_name":"Addict","player_choice":"Obtained Relic","floor":19.0,"gold_loss":85.0,"damage_taken":0.0,"relics_obtained":["Replay:Bottled Eggs"]},{"damage_healed":0,"gold_gain":0,"player_choice":"Ignored","damage_taken":0,"max_hp_gain":0,"max_hp_loss":0,"event_name":"Cursed Tome","floor":21,"gold_loss":0},{"damage_healed":0,"gold_gain":0,"player_choice":"Ignored","damage_taken":0,"max_hp_gain":0,"max_hp_loss":0,"event_name":"Ghosts","floor":24,"gold_loss":0}],"is_beta":false,"boss_relics":[{"not_picked":["conspire:RoyalGoblet","conspire:RunicOctahedron"],"picked":"conspire:SpecialSausage"}],"items_purged_floors":[8],"is_endless":false,"potions_floor_spawned":[3,5,11,14,18,22],"killed_by":"Book of Stabbing","ascension_level":8}}