{"host":"o4pit0n7y0vm2e4t","time":1609475463,"event":{"mods":["Aspiration","BaseMod","Better Altar","Better Match","Better Note","Better Sensory Stone","Better Skull","Better Third Choice","Colored Map","Conspire","Downfall","Friendly Minions","Googly Eyes","Halation","Hermit","HexUI Lib","Hubris","Minty Spire (QoL Compilation)","RatMod","Replay The Spire","Spikes Relics","StSLib","The Hierophant","The Jungle","The Necromancer"],"gold_per_floor":[117,133,146,162,162,190,190,209,209,243,5,21,21,51,51,154,154,174,174,174,28,42,42,59,92,119,119,132,132,144,144,144,241,241,256,256,267,287,287,287,287,287,305,322,322,322,322,340,340,357,357,357,357],"floor_reached":52,"playtime":3730,"items_purged":["Strike_R"],"score":620,"play_id":"ada9eab1-fa58-453f-9d0c-456bea7387cb","local_time":"20201231233103","is_ascension_mode":true,"campfire_choices":[{"data":"Dark Embrace","floor":7.0,"key":"SMITH"},{"data":"Bash","floor":7.0,"key":"SMITH"},{"data":"Replay:BasicMightCard","floor":15.0,"key":"SMITH"},{"data":"True Grit","floor":15.0,"key":"SMITH"},{"data":"ReplayTheSpireMod:Strike From Hell","floor":23.0,"key":"SMITH"},{"data":"Immolate","floor":23.0,"key":"SMITH"},{"data":"True Grit","floor":29.0,"key":"SMITH"},{"data":"Disarm","floor":29.0,"key":"SMITH"},{"data":"ReplayTheSpireMod:Muscle Training","floor":32.0,"key":"SMITH"},{"data":"Shrug It Off","floor":32.0,"key":"SMITH"},{"floor":40.0,"key":"REST"},{"data":"Strike_R","floor":46.0,"key":"SMITH"},{"data":"Defend_R","floor":46.0,"key":"SMITH"},{"floor":51.0,"key":"REST"}],"circlet_count":0,"master_deck":["Strike_R+1","Strike_R+1","Defend_R+1","Defend_R","Defend_R","Defend_R","Bash+1","Dark Embrace+1","Disarm+1","ReplayTheSpireMod:Strike From Hell+1","True Grit+1","Thunderclap+1","Bludgeon+1","Shrug It Off+1","Immolate+1","True Grit+1","ReplayTheSpireMod:Muscle Training+1","Sword Boomerang+1","Fire Breathing+1","Spreading Infection"],"relics":["Burning Blood","aspiration:DSix","halation:PenCase","hubris:BundleOfHerbs","Whetstone","SacredBark","hubris:ToyBattleship","Oddly Smooth Stone","Juzu Bracelet","Cursed Key","hubris:Towel","Onion Ring"],"acts_visited":["Exordium","TheCity","TheBeyond"],"potions_floor_usage":[],"damage_taken":[{"damage":3.0,"enemies":"conspire:RoseBush","floor":1.0,"turns":5.0},{"damage":3.0,"enemies":"Jaw Worm","floor":2.0,"turns":5.0},{"damage":6.0,"enemies":"Cultist","floor":3.0,"turns":3.0},{"damage":16.0,"enemies":"3 Louse","floor":4.0,"turns":4.0},{"damage":30.0,"enemies":"3 Sentries","floor":6.0,"turns":7.0},{"damage":13.0,"enemies":"Blue Slaver","floor":8.0,"turns":5.0},{"damage":6.0,"enemies":"Replay:BlueRogue","floor":10.0,"turns":6.0},{"damage":0.0,"enemies":"Exordium Wildlife","floor":12.0,"turns":2.0},{"damage":8.0,"enemies":"Gremlin Nob","floor":14.0,"turns":3.0},{"damage":36.0,"enemies":"The Guardian","floor":16.0,"turns":10.0},{"damage":10.0,"enemies":"Spheric Guardian","floor":18.0,"turns":4.0},{"damage":4.0,"enemies":"Chosen","floor":22.0,"turns":4.0},{"damage":9.0,"enemies":"Snake Plant","floor":24.0,"turns":4.0},{"damage":30.0,"enemies":"conspire:Head Lice","floor":25.0,"turns":4.0},{"damage":12.0,"enemies":"Cultist and Chosen","floor":28.0,"turns":5.0},{"damage":7.0,"enemies":"Snecko","floor":30.0,"turns":4.0},{"damage":75.0,"enemies":"conspire:MysteriousRune","floor":33.0,"turns":11.0},{"damage":24.0,"enemies":"3 Darklings","floor":35.0,"turns":3.0},{"damage":11.0,"enemies":"3 Shapes","floor":37.0,"turns":6.0},{"damage":26.0,"enemies":"Spire Growth","floor":38.0,"turns":4.0},{"damage":13.0,"enemies":"Sphere and 2 Shapes","floor":43.0,"turns":4.0},{"damage":1.0,"enemies":"4 Shapes","floor":44.0,"turns":4.0},{"damage":11.0,"enemies":"Jaw Worm Horde","floor":48.0,"turns":4.0},{"damage":31.0,"enemies":"Writhing Mass","floor":50.0,"turns":7.0},{"damage":123,"enemies":"Time Eater","floor":52,"turns":13}],"seed_played":"5694103857167192378","potions_obtained":[{"floor":2.0,"key":"SpeedPotion"},{"floor":3.0,"key":"AttackPotion"},{"floor":4.0,"key":"Energy Potion"},{"floor":5.0,"key":"champ:CounterPotion"},{"floor":5.0,"key":"Strength Potion"},{"floor":6.0,"key":"Swift Potion"},{"floor":10.0,"key":"champ:CounterPotion"},{"floor":12.0,"key":"Swift Potion"},{"floor":18.0,"key":"SpeedPotion"},{"floor":30.0,"key":"hexamod:EctoCoolerPotion"},{"floor":35.0,"key":"FearPotion"},{"floor":44.0,"key":"Venom Potion"}],"is_trial":false,"path_per_floor":["M","M","M","M","?","E","R","M","T","E","$","M","?","E","R","B",null,"M","?","?","$","M","R","M","E","T","?","M","R","M","?","R","B",null,"M","?","M","M","?","R","PTL","PTL","M","M","T","R","?","M","?","M","R","B"],"character_chosen":"IRONCLAD","items_purchased":["Bludgeon+1","Shrug It Off","hubris:ToyBattleship"],"campfire_rested":2,"item_purchase_floors":[11,11,21],"current_hp_per_floor":[80,80,80,70,70,46,46,39,39,39,39,45,45,43,43,13,63,59,59,59,59,61,61,58,34,34,34,46,46,45,45,45,21,65,47,47,42,22,22,46,46,46,39,44,44,44,44,39,39,14,38,0,0],"gold":357,"neow_bonus":"DSIX","is_daily":false,"chose_seed":false,"campfire_upgraded":12,"win_rate":0.0,"timestamp":1609475463,"path_taken":["M","M","M","M","?","E","R","M","T","E","?","?","?","E","R","BOSS","M","?","?","?","?","R","M","E","T","?","M","R","M","?","R","BOSS","M","?","M","M","?","R","PTL","PTL","M","M","T","R","?","M","?","M","R","BOSS"],"items_purchased_type":["Card","Card","Relic"],"build_version":"2020-12-22","purchased_purges":1,"victory":false,"max_hp_per_floor":[80,80,80,80,80,80,80,80,80,80,80,80,80,80,80,80,80,80,80,80,80,80,80,80,80,80,80,80,80,80,80,80,80,80,80,80,80,80,80,80,80,80,80,80,80,80,80,80,80,80,80,80,80],"card_choices":[{"not_picked":["Iron Wave","Armaments"],"picked":"Dark Embrace","floor":1.0},{"not_picked":["Spot Weakness","Body Slam"],"picked":"Disarm","floor":2.0},{"not_picked":["Dual Wield","Whirlwind"],"picked":"ReplayTheSpireMod:Strike From Hell","floor":3.0},{"not_picked":["Perfected Strike","ReplayTheSpireMod:Corrosion Curse","Warcry"],"picked":"SKIP","floor":4.0},{"not_picked":["Entrench","hubris:StunningStrike","Defy Death"],"picked":"SKIP","floor":6.0},{"not_picked":["Sword Boomerang","Seeing Red"],"picked":"True Grit","floor":8.0},{"not_picked":["Hemokinesis","Perfected Strike"],"picked":"Thunderclap","floor":10.0},{"not_picked":["Anger","Cleave","Clash"],"picked":"SKIP","floor":12.0},{"not_picked":["Swift Strike","expansioncontent:GuardianWhirl"],"picked":"Replay:BasicMightCard","floor":13.0},{"not_picked":["Bloodletting","Cleave","Clash"],"picked":"SKIP","floor":14.0},{"not_picked":["Bloodletting","Cleave","Clash"],"picked":"SKIP","floor":14.0},{"not_picked":["Corruption","Offering"],"picked":"Immolate","floor":16.0},{"not_picked":["Infernal Blade","Heavy Blade+1","Defy Death+1"],"picked":"SKIP","floor":18.0},{"not_picked":["Twin Strike","Thunderclap","Shrug It Off"],"picked":"SKIP","floor":22.0},{"not_picked":["Body Slam","Cleave"],"picked":"True Grit","floor":24.0},{"not_picked":["Anger","Ghostly Armor+1","Exhume"],"picked":"SKIP","floor":25.0},{"not_picked":["Flame Barrier","Twin Strike","Shrug It Off"],"picked":"SKIP","floor":28.0},{"not_picked":["Wild Strike+1","Pommel Strike"],"picked":"ReplayTheSpireMod:Muscle Training","floor":30.0},{"not_picked":["Pommel Strike","Anger+1"],"picked":"Sword Boomerang+1","floor":35.0},{"not_picked":["Run Through+1","Armaments+1","Thunderclap+1"],"picked":"SKIP","floor":37.0},{"not_picked":["Twin Strike","Abandon+1","Invigoration"],"picked":"SKIP","floor":38.0},{"not_picked":["Pommel Strike+1","Cleave","Shrug It Off+1"],"picked":"SKIP","floor":43.0},{"not_picked":["Sever Soul","Headbutt+1"],"picked":"Fire Breathing+1","floor":44.0},{"not_picked":["Defy Death","Twin Strike+1","Perfected Strike"],"picked":"SKIP","floor":48.0},{"not_picked":["ReplayTheSpireMod:Limb From Limb+1","Carnage","Run Through"],"picked":"SKIP","floor":50.0}],"player_experience":220912,"relics_obtained":[{"floor":6.0,"key":"halation:PenCase"},{"floor":10.0,"key":"hubris:BundleOfHerbs"},{"floor":14.0,"key":"Whetstone"},{"floor":25.0,"key":"Oddly Smooth Stone"},{"floor":26.0,"key":"Juzu Bracelet"},{"floor":45.0,"key":"Onion Ring"}],"event_choices":[{"damage_healed":0.0,"max_hp_gain":0.0,"max_hp_loss":0.0,"gold_gain":0.0,"event_name":"Lab","player_choice":"Got Potions","floor":5.0,"gold_loss":0.0,"damage_taken":0.0},{"damage_healed":0.0,"max_hp_gain":0.0,"max_hp_loss":0.0,"gold_gain":1.0,"event_name":"betterStone:BetterStone","player_choice":"1","floor":13.0,"gold_loss":0.0,"damage_taken":0.0},{"damage_healed":0.0,"max_hp_gain":0.0,"max_hp_loss":0.0,"gold_gain":0.0,"event_name":"betterNote:BetterNote","player_choice":"Ignored","floor":19.0,"gold_loss":0.0,"damage_taken":0.0,"cards_obtained":["Slimebound:FirmFortitude"]},{"cards_removed":["Strike_R"],"damage_healed":0.0,"max_hp_gain":0.0,"max_hp_loss":0.0,"gold_gain":0.0,"event_name":"Purifier","player_choice":"Purged","floor":27.0,"gold_loss":0.0,"damage_taken":0.0},{"cards_removed":["Strike_R"],"damage_healed":0.0,"max_hp_gain":0.0,"max_hp_loss":0.0,"gold_gain":0.0,"event_name":"Purifier","player_choice":"Purged","floor":31.0,"gold_loss":0.0,"damage_taken":0.0},{"cards_removed":["Replay:BasicMightCard"],"damage_healed":0.0,"max_hp_gain":0.0,"max_hp_loss":0.0,"gold_gain":0.0,"event_name":"Falling","player_choice":"Removed Power","floor":36.0,"gold_loss":0.0,"damage_taken":0.0},{"damage_healed":0.0,"max_hp_gain":0.0,"max_hp_loss":0.0,"gold_gain":0.0,"event_name":"conspire:Investor","player_choice":"Leave","floor":49.0,"gold_loss":0.0,"damage_taken":0.0}],"is_beta":false,"boss_relics":[{"not_picked":["halation:ForbiddenBikini","conspire:SpecialSausage"],"picked":"SacredBark"},{"not_picked":["aspiration:WatcherSkillbook","halation:Risk"],"picked":"Cursed Key"}],"items_purged_floors":[11],"is_endless":false,"potions_floor_spawned":[2,3,4,6,10,12,18,30,35,44],"killed_by":"Time Eater","ascension_level":5}}