{"host":"8by3m8mve9y2rhh4","time":1609530715,"event":{"mods":["BaseMod","Minty Spire (QoL Compilation)","Quick Restart"],"gold_per_floor":[117,134,134,59,76,102,120,151,203,228,228,255,255,0,0,96,96,116,116,26,26,46,76,76,94,170,202,214,11,11,27,27,128,128,138,138,188,202,202,227,227,247,272,282,614,74,74,92,92,92,92,92,20,47,47,47],"floor_reached":55,"playtime":2904,"items_purged":["Strike_G","Strike_G"],"score":805,"play_id":"07b3e7a3-84f9-4679-ad4c-7a97119f0782","local_time":"20210101195155","is_ascension_mode":true,"campfire_choices":[{"floor":11,"key":"REST"},{"floor":13,"key":"REST"},{"floor":15,"key":"REST"},{"floor":30,"key":"REST"},{"floor":32,"key":"RECALL"},{"floor":41,"key":"DIG"},{"floor":47,"key":"REST"},{"floor":49,"key":"REST"},{"floor":52,"key":"DIG"}],"circlet_count":0,"master_deck":["Defend_G+1","Defend_G+1","Defend_G+1","Defend_G+1","Survivor","Neutralize","Riddle With Holes+1","Dagger Throw+1","Grand Finale+1","Cloak And Dagger","Quick Slash","Prepared","PiercingWail","Adrenaline","Footwork","Well Laid Plans","After Image","Terror","Tactician","Necronomicurse","Flying Knee+1","Dagger Throw+1","Dagger Spray+1","Tools of the Trade","Dodge and Roll+1","Dodge and Roll+1","Phantasmal Killer","Parasite","Cloak And Dagger","Escape Plan+1","Malaise","Blade Dance","Accuracy","Footwork"],"relics":["Astrolabe","Molten Egg 2","Sundial","Lantern","Bag of Preparation","Bag of Marbles","Medical Kit","Sozu","Bottled Tornado","Necronomicon","Meat on the Bone","Mummified Hand","Vajra","Empty Cage","Shovel","Thread and Needle","Strawberry","Old Coin","HornCleat","Sling","Blue Candle","The Specimen"],"acts_visited":["Exordium","TheCity","TheBeyond","TheEnding"],"potions_floor_usage":[10,27,33],"damage_taken":[{"damage":7,"enemies":"2 Louse","floor":1,"turns":2},{"damage":3,"enemies":"Cultist","floor":2,"turns":4},{"damage":1,"enemies":"Jaw Worm","floor":5,"turns":4},{"damage":27,"enemies":"3 Sentries","floor":6,"turns":9},{"damage":0,"enemies":"Large Slime","floor":7,"turns":4},{"damage":32,"enemies":"Lagavulin","floor":8,"turns":6},{"damage":21,"enemies":"Gremlin Nob","floor":10,"turns":4},{"damage":12,"enemies":"Lagavulin","floor":12,"turns":7},{"damage":1,"enemies":"Slime Boss","floor":16,"turns":5},{"damage":0,"enemies":"Shell Parasite","floor":18,"turns":4},{"damage":3,"enemies":"2 Thieves","floor":22,"turns":4},{"damage":1,"enemies":"Book of Stabbing","floor":23,"turns":3},{"damage":5,"enemies":"Chosen and Byrds","floor":25,"turns":5},{"damage":10,"enemies":"Slavers","floor":27,"turns":6},{"damage":0,"enemies":"Centurion and Healer","floor":28,"turns":3},{"damage":0,"enemies":"Sentry and Sphere","floor":31,"turns":3},{"damage":54,"enemies":"Collector","floor":33,"turns":9},{"damage":14,"enemies":"3 Darklings","floor":35,"turns":6},{"damage":0,"enemies":"Mind Bloom Boss Battle","floor":37,"turns":6},{"damage":0,"enemies":"Orb Walker","floor":38,"turns":2},{"damage":20,"enemies":"Giant Head","floor":40,"turns":9},{"damage":16,"enemies":"Writhing Mass","floor":42,"turns":5},{"damage":0,"enemies":"4 Shapes","floor":44,"turns":5},{"damage":12,"enemies":"Nemesis","floor":45,"turns":9},{"damage":1,"enemies":"Transient","floor":48,"turns":5},{"damage":55,"enemies":"Awakened One","floor":50,"turns":17},{"damage":40,"enemies":"Shield and Spear","floor":54,"turns":6},{"damage":52,"enemies":"The Heart","floor":55,"turns":3}],"seed_played":"2199240143047472912","potions_obtained":[{"floor":1,"key":"SneckoOil"},{"floor":5,"key":"FairyPotion"},{"floor":10,"key":"SpeedPotion"},{"floor":16,"key":"LiquidMemories"}],"is_trial":false,"path_per_floor":["M","M","?","$","M","E","M","E","T","E","R","E","R","$","R","B",null,"M","?","$","?","M","E","?","M","T","E","M","$","R","M","R","B",null,"M","$","?","M","?","E","R","M","T","M","E","$","R","M","R","B",null,"R","$","E","B"],"character_chosen":"THE_SILENT","items_purchased":["Medical Kit","Bandage Up","Vajra","Dagger Spray+1","HornCleat","Blade Dance","Accuracy","Sling","Footwork"],"campfire_rested":6,"item_purchase_floors":[14,20,29,29,46,46,46,46,53],"current_hp_per_floor":[63,60,70,70,69,42,42,10,10,21,42,30,51,51,70,69,70,70,57,57,57,58,61,45,44,44,38,38,38,60,60,60,22,75,65,65,69,73,73,53,60,44,44,44,44,44,68,67,82,39,82,82,82,42,0,0],"gold":47,"neow_bonus":"BOSS_RELIC","is_daily":false,"chose_seed":false,"campfire_upgraded":0,"win_rate":0.0,"timestamp":1609530715,"path_taken":["M","M","?","$","?","E","M","E","T","E","R","E","R","?","R","BOSS","M","?","$","?","M","E","?","M","T","E","M","$","R","M","R","BOSS","M","$","?","M","?","E","R","M","T","M","E","$","R","M","R","BOSS","R","$","E","BOSS"],"items_purchased_type":["Relic","Card","Relic","Card","Relic","Card","Card","Relic","Card"],"build_version":"2020-12-22","purchased_purges":2,"victory":false,"max_hp_per_floor":[70,70,70,70,70,70,70,70,70,70,70,70,70,70,70,70,70,70,75,75,75,75,75,75,75,75,75,75,75,75,75,75,75,75,75,75,75,75,75,75,82,82,82,82,82,82,82,82,82,82,82,82,82,82,82,82],"card_choices":[{"not_picked":["Blur","Outmaneuver"],"picked":"Cloak And Dagger","floor":1},{"not_picked":["Bane","Quick Slash"],"picked":"Dagger Throw","floor":2},{"not_picked":["Underhanded Strike","Calculated Gamble"],"picked":"Quick Slash","floor":5},{"not_picked":["Eviscerate+1","Heel Hook+1"],"picked":"Prepared","floor":6},{"not_picked":["Quick Slash+1","Slice+1"],"picked":"PiercingWail","floor":7},{"not_picked":["Outmaneuver","Quick Slash+1"],"picked":"Adrenaline","floor":8},{"not_picked":["Poisoned Stab+1","Blur"],"picked":"Footwork","floor":10},{"not_picked":["Outmaneuver","Expertise"],"picked":"Well Laid Plans","floor":12},{"not_picked":["Venomology","Die Die Die+1"],"picked":"After Image","floor":16},{"not_picked":["Choke+1","Prepared"],"picked":"Terror","floor":18},{"not_picked":["Distraction+1","Masterful Stab+1"],"picked":"Tactician","floor":22},{"not_picked":["Eviscerate+1","Flechettes+1","Distraction"],"picked":"SKIP","floor":23},{"not_picked":["Well Laid Plans","Flechettes+1","Dagger Spray+1"],"picked":"SKIP","floor":25},{"not_picked":["Accuracy","Bane+1"],"picked":"Flying Knee+1","floor":27},{"not_picked":["Deflect+1","Eviscerate+1"],"picked":"Dagger Throw+1","floor":28},{"not_picked":["Outmaneuver+1","Dodge and Roll","Flying Knee+1"],"picked":"SKIP","floor":31},{"not_picked":["Grand Finale+1","Venomology"],"picked":"Tools of the Trade","floor":33},{"not_picked":["Bane+1","Slice+1"],"picked":"Dodge and Roll+1","floor":35},{"not_picked":["Flying Knee+1","Catalyst+1"],"picked":"Dodge and Roll+1","floor":37},{"not_picked":["Dodge and Roll","Prepared","Heel Hook+1"],"picked":"SKIP","floor":38},{"not_picked":["Deflect","Accuracy+1"],"picked":"Phantasmal Killer","floor":40},{"not_picked":["Deflect+1","Distraction"],"picked":"Cloak And Dagger","floor":42},{"not_picked":["Blade Dance","Dodge and Roll"],"picked":"Escape Plan+1","floor":44},{"not_picked":["Backflip","Cloak And Dagger"],"picked":"Malaise","floor":45},{"not_picked":["Prepared","Bane+1","Slice+1"],"picked":"SKIP","floor":48},{"not_picked":["Distraction","Noxious Fumes","Backflip+1"],"picked":"SKIP","floor":54}],"player_experience":639093,"relics_obtained":[{"floor":6,"key":"Molten Egg 2"},{"floor":8,"key":"Sundial"},{"floor":9,"key":"Lantern"},{"floor":10,"key":"Bag of Preparation"},{"floor":12,"key":"Bag of Marbles"},{"floor":23,"key":"Bottled Tornado"},{"floor":24,"key":"Necronomicon"},{"floor":26,"key":"Meat on the Bone"},{"floor":27,"key":"Mummified Hand"},{"floor":37,"key":"Shovel"},{"floor":40,"key":"Thread and Needle"},{"floor":41,"key":"Strawberry"},{"floor":45,"key":"Old Coin"},{"floor":52,"key":"Blue Candle"},{"floor":54,"key":"The Specimen"}],"event_choices":[{"damage_healed":10,"gold_gain":0,"player_choice":"Full Heal","damage_taken":0,"max_hp_gain":0,"max_hp_loss":0,"event_name":"Wheel of Change","floor":3,"gold_loss":0},{"damage_healed":0,"gold_gain":0,"player_choice":"Shed Blood","damage_taken":18,"max_hp_gain":5,"max_hp_loss":0,"event_name":"Forgotten Altar","floor":19,"gold_loss":0},{"damage_healed":0,"gold_gain":0,"player_choice":"Simplicity","damage_taken":0,"max_hp_gain":0,"max_hp_loss":0,"event_name":"Back to Basics","floor":21,"gold_loss":0,"cards_upgraded":["Strike_G","Defend_G","Defend_G","Defend_G","Defend_G"]},{"damage_healed":0,"gold_gain":0,"player_choice":"Obtained Book","damage_taken":16,"max_hp_gain":0,"max_hp_loss":0,"event_name":"Cursed Tome","floor":24,"gold_loss":0},{"damage_healed":0,"gold_gain":0,"player_choice":"Fight","damage_taken":0,"max_hp_gain":0,"max_hp_loss":0,"event_name":"MindBloom","floor":37,"gold_loss":0},{"cards_removed":["Bandage Up"],"damage_healed":0,"gold_gain":0,"player_choice":"Removed Skill","damage_taken":0,"max_hp_gain":0,"max_hp_loss":0,"event_name":"Falling","floor":39,"gold_loss":0}],"is_beta":false,"boss_relics":[{"not_picked":["Tiny House","Snecko Eye"],"picked":"Sozu"},{"not_picked":["Runic Dome","Pandora\u0027s Box"],"picked":"Empty Cage"}],"items_purged_floors":[4,14],"is_endless":false,"potions_floor_spawned":[1,5,10,16,18,27,28,33,35,38,45,54],"killed_by":"The Heart","ascension_level":1}}