{"host":"2gugywxuw0nvjb3h","time":1609480250,"event":{"mods":["AchievementEnabler","BaseMod","Better Altar","Better Match","Better Note","Better Sensory Stone","Better Skull","Better Third Choice","BetterRewards","Colored Map","Colored Powertips","Curses Come First","Evolution","Filter the Spire","GifTheSpireLib","Key Reminder","Minty Spire (QoL Compilation)","Rare Cards Sparkle","Relic Sorter","Spicy Shops","StSLib"],"gold_per_floor":[116,116,136,159,159,197,197,218,218,242,242,242,258,283,283,413,413,437,460,483,84,84,84,97,97,124,124,164,179,179,193,193,324,324,324,324],"floor_reached":35,"playtime":2912,"items_purged":[],"score":606,"play_id":"28c28142-7876-44fd-afea-7768f3a18bc0","local_time":"20201231225050","is_ascension_mode":false,"campfire_choices":[{"floor":7,"key":"REST"},{"floor":11,"key":"REST"},{"data":"LikeWater","floor":15,"key":"SMITH"},{"floor":23,"key":"REST"},{"floor":25,"key":"REST"},{"floor":27,"key":"REST"},{"floor":30,"key":"REST"},{"floor":32,"key":"REST"}],"circlet_count":0,"master_deck":["FlyingSleeves","FlyingSleeves","Strike_P","Defend_P","Defend_P","Defend_P","Defend_P","Eruption","Vigilance","BattleHymn","Consecrate","Indignation","Wallop+1","LikeWater+1","ClearTheMind","WindmillStrike+1","SandsOfTime+1","DeusExMachina","EmptyFist+1","CarveReality+1","Consecrate+1","BowlingBash+1","Devotion","JustLucky+1","Collect","DeusExMachina"],"relics":["HolyWater","EVO:Axolotl","Gremlin Horn","Golden Idol","Molten Egg 2","Ornamental Fan","Sozu","Orichalcum","Mummified Hand","Bag of Marbles","Pear"],"acts_visited":["Exordium","TheCity","TheBeyond"],"potions_floor_usage":[19,19,24],"damage_taken":[{"damage":6,"enemies":"Jaw Worm","floor":1,"turns":6},{"damage":5,"enemies":"Small Slimes","floor":3,"turns":3},{"damage":1,"enemies":"Cultist","floor":4,"turns":3},{"damage":34,"enemies":"Gremlin Nob","floor":6,"turns":5},{"damage":9,"enemies":"Exordium Wildlife","floor":8,"turns":4},{"damage":0,"enemies":"Exordium Thugs","floor":10,"turns":5},{"damage":0,"enemies":"2 Fungi Beasts","floor":13,"turns":4},{"damage":0,"enemies":"Looter","floor":14,"turns":4},{"damage":0,"enemies":"Slime Boss","floor":16,"turns":5},{"damage":27,"enemies":"3 Byrds","floor":18,"turns":3},{"damage":30,"enemies":"Shell Parasite","floor":19,"turns":4},{"damage":8,"enemies":"Centurion and Healer","floor":20,"turns":6},{"damage":10,"enemies":"Cultist and Chosen","floor":24,"turns":6},{"damage":9,"enemies":"Slavers","floor":28,"turns":5},{"damage":12,"enemies":"Snake Plant","floor":29,"turns":3},{"damage":15,"enemies":"Snecko","floor":31,"turns":4},{"damage":29,"enemies":"Champ","floor":33,"turns":10},{"damage":82,"enemies":"3 Shapes","floor":35,"turns":5}],"seed_played":"-2697107269522603628","potions_obtained":[{"floor":4,"key":"BottledMiracle"},{"floor":6,"key":"Energy Potion"},{"floor":14,"key":"Ancient Potion"}],"is_trial":false,"path_per_floor":["M","?","M","M","?","E","R","M","T","M","R","?","M","M","R","B",null,"M","M","M","$","?","R","M","R","T","R","E","M","R","M","R","B",null,"M"],"character_chosen":"WATCHER","items_purchased":["Gremlin Horn","Orichalcum","Mummified Hand"],"campfire_rested":7,"item_purchase_floors":[0,21,21],"current_hp_per_floor":[66,48,43,42,66,32,53,44,44,44,65,65,65,65,65,65,72,45,15,7,7,7,28,18,39,39,60,61,49,73,58,82,53,82,0,0],"gold":324,"neow_bonus":"","is_daily":false,"chose_seed":false,"campfire_upgraded":1,"win_rate":0.0,"timestamp":1609480250,"path_taken":["M","?","M","M","?","E","R","M","T","M","R","?","M","?","R","BOSS","M","M","M","$","?","R","M","R","T","R","E","M","R","M","R","BOSS","M"],"items_purchased_type":["Relic","Relic","Relic"],"build_version":"2020-12-22","purchased_purges":0,"victory":false,"max_hp_per_floor":[72,72,72,72,72,72,72,72,72,72,72,72,72,72,72,72,72,72,72,72,72,72,72,72,72,72,72,82,82,82,82,82,82,82,82,82],"card_choices":[{"not_picked":["Fasting2","PathToVictory"],"picked":"BattleHymn","floor":1},{"not_picked":["WheelKick","LikeWater"],"picked":"Consecrate","floor":3},{"not_picked":["FlyingSleeves","Pray"],"picked":"Indignation","floor":4},{"not_picked":["Study","ClearTheMind"],"picked":"Wallop+1","floor":6},{"not_picked":["Evaluate","MentalFortress"],"picked":"LikeWater","floor":8},{"not_picked":["Adaptation","BattleHymn"],"picked":"ClearTheMind","floor":10},{"not_picked":["Fasting2","Prostrate"],"picked":"WindmillStrike+1","floor":13},{"not_picked":["ClearTheMind","Protect"],"picked":"SandsOfTime+1","floor":14},{"not_picked":["Vault","Omniscience"],"picked":"DeusExMachina","floor":16},{"not_picked":["Crescendo+1","Collect"],"picked":"EmptyFist+1","floor":18},{"not_picked":["PathToVictory","CrushJoints+1"],"picked":"CarveReality+1","floor":19},{"not_picked":["Evaluate","InnerPeace"],"picked":"Consecrate+1","floor":20},{"not_picked":["Prostrate","Evaluate+1"],"picked":"BowlingBash+1","floor":24},{"not_picked":["CutThroughFate+1","Nirvana"],"picked":"Devotion","floor":28},{"not_picked":["Nirvana","SashWhip+1"],"picked":"JustLucky+1","floor":29},{"not_picked":["ClearTheMind","PathToVictory"],"picked":"Collect","floor":31},{"not_picked":["Vault","ConjureBlade"],"picked":"DeusExMachina","floor":33}],"player_experience":132368,"relics_obtained":[{"floor":6,"key":"Molten Egg 2"},{"floor":9,"key":"Ornamental Fan"},{"floor":26,"key":"Bag of Marbles"},{"floor":28,"key":"Pear"}],"event_choices":[{"damage_healed":0,"gold_gain":0,"player_choice":"Take Damage","damage_taken":18,"relics_obtained":["Golden Idol"],"max_hp_gain":0,"max_hp_loss":0,"event_name":"Golden Idol","floor":2,"gold_loss":0},{"damage_healed":24,"gold_gain":0,"player_choice":"Banana","damage_taken":0,"max_hp_gain":0,"max_hp_loss":0,"event_name":"Big Fish","floor":5,"gold_loss":0},{"cards_removed":["Strike_P"],"damage_healed":0,"gold_gain":0,"player_choice":"Purged","damage_taken":0,"max_hp_gain":0,"max_hp_loss":0,"event_name":"Purifier","floor":12,"gold_loss":0},{"damage_healed":0,"gold_gain":0,"player_choice":"Ignored","damage_taken":0,"max_hp_gain":0,"max_hp_loss":0,"event_name":"betterNote:BetterNote","floor":22,"gold_loss":0,"cards_obtained":["Strike_P"]}],"is_beta":false,"boss_relics":[{"not_picked":["Black Star","SacredBark"],"picked":"Sozu"},{"not_picked":["VioletLotus","Cursed Key"],"picked":"HolyWater"}],"items_purged_floors":[],"is_endless":false,"potions_floor_spawned":[4,6,14,16,19,20,24,31],"killed_by":"3 Shapes","ascension_level":0}}