{"host":"gard7kndtc8qqbe1","time":1609505539,"event":{"mods":["BaseMod","Colored Powertips","Lobotomy","LobotomyExtend","Minty Spire (QoL Compilation)","[IsaacMod]ÒÔÈö¼âËþ"],"gold_per_floor":[112,287,287,300,311,311,344,344,344,379,70,70,70,82,82,82,82],"floor_reached":16,"playtime":423,"items_purged":["Strike_B"],"score":167,"play_id":"19172a4c-bb94-4b44-93bd-70047a4527f4","local_time":"20210101205219","is_ascension_mode":true,"campfire_choices":[{"data":"Dualcast","floor":6,"key":"SMITH"},{"floor":8,"key":"REST"},{"data":"Ball Lightning","floor":12,"key":"SMITH"},{"data":"Glacier","floor":15,"key":"SMITH"}],"circlet_count":0,"master_deck":["AscendersBane","Strike_B","Strike_B","Strike_B","Defend_B","Defend_B","Defend_B","Defend_B","Zap","Dualcast+1","SuicideKing","Biased Cognition","Doubt","Glacier+1","Undo","Ball Lightning+1","Loop+1","Static Discharge+1"],"relics":["Cracked Core","HushsDoor","Damocles","TungstenRod","LetterFromLob","Vajra","Regal Pillow","Question Card","Bag of Marbles","Frozen Egg 2","TheBible","Ancient Tea Set","The Courier","Cables","HowToJump"],"acts_visited":["Exordium"],"potions_floor_usage":[],"damage_taken":[{"damage":10,"enemies":"Small Slimes","floor":1,"turns":3},{"damage":0,"enemies":"Cultist","floor":4,"turns":3},{"damage":7,"enemies":"Jaw Worm","floor":5,"turns":3},{"damage":17,"enemies":"Gremlin Nob","floor":7,"turns":3},{"damage":2,"enemies":"3 Sentries","floor":10,"turns":11},{"damage":2,"enemies":"Blue Slaver","floor":14,"turns":2},{"damage":10,"enemies":"Hexaghost","floor":16,"turns":2}],"seed_played":"-5195324380043189883","potions_obtained":[{"floor":5,"key":"Energy Potion"},{"floor":10,"key":"Dexterity Potion"}],"is_trial":false,"path_per_floor":["M","?","?","M","M","R","E","R","T","E","$","R","?","M","R","B"],"character_chosen":"DEFECT","items_purchased":["Loop+1","Cables"],"campfire_rested":1,"item_purchase_floors":[11,11],"current_hp_per_floor":[58,58,49,49,42,42,25,62,62,60,60,60,65,63,63,0,0],"gold":82,"neow_bonus":"ONE_RANDOM_RARE_CARD","is_daily":false,"chose_seed":false,"campfire_upgraded":3,"win_rate":0.0,"timestamp":1609505539,"path_taken":["M","?","?","?","M","R","E","R","T","E","$","R","?","M","R","BOSS"],"items_purchased_type":["Card","Relic"],"build_version":"2020-12-22","purchased_purges":1,"victory":false,"max_hp_per_floor":[75,75,75,75,75,75,75,75,75,75,75,75,80,80,80,80,80],"card_choices":[{"not_picked":[],"picked":"SuicideKing","floor":0},{"not_picked":["Cold Snap","Leap"],"picked":"Bomb","floor":1},{"not_picked":["Consume","Hyperbeam","Compile Driver"],"picked":"SKIP","floor":4},{"not_picked":["Static Discharge","Heatsinks"],"picked":"Glacier","floor":5},{"not_picked":["Streamline","Gash","Chaos"],"picked":"Undo","floor":7},{"not_picked":["Fusion","Cold Snap","Cancel"],"picked":"Ball Lightning","floor":10},{"not_picked":["Double Energy","Leap","Streamline"],"picked":"Static Discharge+1","floor":14}],"player_experience":365929,"relics_obtained":[{"floor":1,"key":"TungstenRod"},{"floor":1,"key":"LetterFromLob"},{"floor":4,"key":"Regal Pillow"},{"floor":5,"key":"Question Card"},{"floor":7,"key":"Bag of Marbles"},{"floor":7,"key":"Frozen Egg 2"},{"floor":9,"key":"TheBible"},{"floor":10,"key":"Ancient Tea Set"},{"floor":10,"key":"The Courier"},{"floor":14,"key":"HowToJump"}],"event_choices":[{"damage_healed":0,"gold_gain":175,"player_choice":"AGREE","damage_taken":0,"max_hp_gain":0,"max_hp_loss":0,"event_name":"Liars Game","floor":2,"gold_loss":0,"cards_obtained":["Doubt"]},{"damage_healed":0,"gold_gain":0,"player_choice":"Success","damage_taken":12,"relics_obtained":["Vajra"],"max_hp_gain":0,"max_hp_loss":0,"event_name":"Scrap Ooze","floor":3,"gold_loss":0},{"damage_healed":0,"gold_gain":0,"player_choice":"Donut","damage_taken":0,"max_hp_gain":5,"max_hp_loss":0,"event_name":"Big Fish","floor":13,"gold_loss":0}],"is_beta":false,"boss_relics":[],"items_purged_floors":[11],"is_endless":false,"potions_floor_spawned":[5,10],"killed_by":"Hexaghost","ascension_level":11}}