{"host":"nqsrckqog5ia9mbo","time":1609514948,"event":{"mods":["BaseMod","Colored Map","Minty Spire (QoL Compilation)"],"gold_per_floor":[117,136,136,151,162,194,194,228,251,251,266,285,285,300,300,403,403,413,91,102,42,61,94,94,108,108,108,123,142,142,172,172,273,273,288,307,307,321,321,321,321,332,359,388,388,139,139,155,155,155],"floor_reached":51,"playtime":2876,"items_purged":["Defend_R","Strike_R"],"score":790,"play_id":"427bc6e0-4289-42e3-a238-0336e77773b5","local_time":"20210101162908","is_ascension_mode":true,"campfire_choices":[{"data":"Flex","floor":7,"key":"SMITH"},{"floor":10,"key":"REST"},{"data":"Sword Boomerang","floor":13,"key":"SMITH"},{"data":"Sword Boomerang","floor":15,"key":"SMITH"},{"floor":24,"key":"REST"},{"data":"Double Tap","floor":27,"key":"SMITH"},{"data":"Heavy Blade","floor":30,"key":"SMITH"},{"data":"Flex","floor":32,"key":"SMITH"},{"data":"Inflame","floor":40,"key":"SMITH"},{"floor":45,"key":"REST"},{"data":"Bash","floor":49,"key":"SMITH"}],"circlet_count":0,"master_deck":["Strike_R","Strike_R","Strike_R","Strike_R","Defend_R+1","Bash+1","Clash+1","Sword Boomerang+1","Flex+1","Sword Boomerang+1","Battle Trance+1","Double Tap+1","Inflame+1","Sword Boomerang+1","Heavy Blade+1","Flex+1","Dark Embrace","Sword Boomerang+1"],"relics":["Black Blood","Bag of Preparation","Regal Pillow","Strawberry","Orichalcum","Dream Catcher","Mercury Hourglass","Juzu Bracelet","Toy Ornithopter","Lizard Tail","War Paint"],"acts_visited":["Exordium","TheCity","TheBeyond"],"potions_floor_usage":[8,23,23,29,31,38,48,50,50],"damage_taken":[{"damage":6,"enemies":"Cultist","floor":1,"turns":3},{"damage":10,"enemies":"Small Slimes","floor":2,"turns":4},{"damage":6,"enemies":"2 Louse","floor":4,"turns":2},{"damage":12,"enemies":"Exordium Thugs","floor":5,"turns":4},{"damage":43,"enemies":"3 Sentries","floor":6,"turns":9},{"damage":13,"enemies":"Gremlin Nob","floor":8,"turns":3},{"damage":16,"enemies":"Exordium Wildlife","floor":11,"turns":4},{"damage":5,"enemies":"Looter","floor":12,"turns":2},{"damage":0,"enemies":"2 Fungi Beasts","floor":14,"turns":2},{"damage":37,"enemies":"The Guardian","floor":16,"turns":10},{"damage":20,"enemies":"2 Thieves","floor":18,"turns":3},{"damage":4,"enemies":"Chosen","floor":20,"turns":3},{"damage":14,"enemies":"Centurion and Healer","floor":22,"turns":3},{"damage":44,"enemies":"Slavers","floor":23,"turns":6},{"damage":15,"enemies":"Snake Plant","floor":25,"turns":4},{"damage":21,"enemies":"Shelled Parasite and Fungi","floor":28,"turns":3},{"damage":0,"enemies":"Sentry and Sphere","floor":29,"turns":2},{"damage":12,"enemies":"Gremlin Leader","floor":31,"turns":3},{"damage":30,"enemies":"Automaton","floor":33,"turns":6},{"damage":4,"enemies":"Orb Walker","floor":35,"turns":2},{"damage":26,"enemies":"3 Shapes","floor":36,"turns":3},{"damage":23,"enemies":"Maw","floor":38,"turns":4},{"damage":26,"enemies":"Spire Growth","floor":42,"turns":3},{"damage":24,"enemies":"Reptomancer","floor":44,"turns":4},{"damage":4,"enemies":"Jaw Worm Horde","floor":48,"turns":2},{"damage":112,"enemies":"Time Eater","floor":50,"turns":9}],"seed_played":"7505432199985664976","potions_obtained":[{"floor":2,"key":"SmokeBomb"},{"floor":4,"key":"Energy Potion"},{"floor":6,"key":"Regen Potion"},{"floor":11,"key":"EssenceOfSteel"},{"floor":12,"key":"Dexterity Potion"},{"floor":18,"key":"LiquidMemories"},{"floor":23,"key":"Energy Potion"},{"floor":33,"key":"FearPotion"},{"floor":36,"key":"Explosive Potion"},{"floor":38,"key":"BlessingOfTheForge"},{"floor":42,"key":"FearPotion"}],"is_trial":false,"path_per_floor":["M","M","?","M","M","E","R","E","T","R","M","M","R","M","R","B",null,"M","$","M","?","M","E","R","M","T","R","M","M","R","E","R","B",null,"M","M","?","M","?","R","?","M","T","E","R","$","?","M","R","B",null],"character_chosen":"IRONCLAD","items_purchased":["Orichalcum","HeartOfIron","War Paint"],"campfire_rested":3,"item_purchase_floors":[19,19,46],"current_hp_per_floor":[88,84,84,84,78,41,41,34,41,84,74,75,75,81,81,50,95,81,81,83,83,75,37,80,71,71,71,56,62,62,56,56,32,95,95,81,81,70,70,70,70,56,56,44,87,87,87,95,95,59],"gold":155,"neow_bonus":"TEN_PERCENT_HP_BONUS","is_daily":false,"chose_seed":false,"campfire_upgraded":8,"win_rate":0.0,"timestamp":1609514948,"path_taken":["M","?","?","M","M","E","R","E","T","R","M","?","R","M","R","BOSS","M","$","M","?","M","E","R","?","T","R","M","M","R","E","R","BOSS","M","M","?","M","?","R","?","M","T","E","R","$","?","M","R","BOSS"],"items_purchased_type":["Relic","Potion","Relic"],"build_version":"2020-12-22","purchased_purges":2,"victory":true,"max_hp_per_floor":[88,88,88,88,88,88,88,88,95,95,95,95,95,95,95,95,95,95,95,95,95,95,95,95,95,95,95,95,95,95,95,95,95,95,95,95,95,95,95,95,95,95,95,95,95,95,95,95,95,95],"card_choices":[{"not_picked":["Headbutt","Rupture"],"picked":"Clash","floor":1},{"not_picked":["Headbutt","Reckless Charge","Twin Strike"],"picked":"SKIP","floor":2},{"not_picked":["Armaments","Dual Wield"],"picked":"Sword Boomerang","floor":4},{"not_picked":["Twin Strike","Pommel Strike","Hemokinesis"],"picked":"SKIP","floor":5},{"not_picked":["Anger","Offering"],"picked":"Flex","floor":6},{"not_picked":["Rage","Anger","Twin Strike"],"picked":"SKIP","floor":8},{"not_picked":["Anger","Searing Blow","Dark Embrace"],"picked":"SKIP","floor":11},{"not_picked":["Searing Blow","Body Slam"],"picked":"Sword Boomerang","floor":12},{"not_picked":["Wild Strike","Combust"],"picked":"Battle Trance","floor":14},{"not_picked":["Brutality","Reaper"],"picked":"Double Tap","floor":16},{"not_picked":["Clash","Twin Strike+1"],"picked":"Inflame","floor":18},{"not_picked":["Combust","Bloodletting","Sever Soul"],"picked":"SKIP","floor":20},{"not_picked":["Metallicize+1","Thunderclap"],"picked":"Clash","floor":22},{"not_picked":["Twin Strike","Clash","Dark Embrace+1"],"picked":"SKIP","floor":23},{"not_picked":["Wild Strike","Entrench+1"],"picked":"Sword Boomerang+1","floor":25},{"not_picked":["Bloodletting","Impervious","Twin Strike"],"picked":"SKIP","floor":28},{"not_picked":["Twin Strike","Cleave"],"picked":"Heavy Blade","floor":29},{"not_picked":["Headbutt","Reckless Charge"],"picked":"Flex","floor":31},{"not_picked":["Warcry+1","Headbutt+1","Twin Strike"],"picked":"SKIP","floor":35},{"not_picked":["Headbutt","Clothesline+1","Havoc+1"],"picked":"SKIP","floor":36},{"not_picked":["Anger","Rampage+1","Clash"],"picked":"SKIP","floor":38},{"not_picked":["Entrench+1","Body Slam+1","Burning Pact+1"],"picked":"SKIP","floor":42},{"not_picked":["Warcry+1","Pommel Strike+1","True Grit"],"picked":"SKIP","floor":44},{"not_picked":["Wild Strike","Exhume"],"picked":"Sword Boomerang+1","floor":48}],"player_experience":40333,"relics_obtained":[{"floor":6,"key":"Bag of Preparation"},{"floor":8,"key":"Regal Pillow"},{"floor":9,"key":"Strawberry"},{"floor":23,"key":"Dream Catcher"},{"floor":26,"key":"Mercury Hourglass"},{"floor":31,"key":"Juzu Bracelet"},{"floor":43,"key":"Toy Ornithopter"},{"floor":44,"key":"Lizard Tail"}],"event_choices":[{"damage_healed":0,"gold_gain":0,"player_choice":"Upgraded","damage_taken":0,"max_hp_gain":0,"max_hp_loss":0,"event_name":"Upgrade Shrine","floor":3,"gold_loss":0,"cards_upgraded":["Clash"]},{"cards_removed":["Defend_R"],"damage_healed":0,"gold_gain":0,"player_choice":"Single Remove","damage_taken":0,"max_hp_gain":0,"max_hp_loss":0,"event_name":"Designer","floor":21,"gold_loss":60},{"damage_healed":0,"gold_gain":0,"player_choice":"Ignored","damage_taken":0,"max_hp_gain":0,"max_hp_loss":0,"event_name":"Tomb of Lord Red Mask","floor":37,"gold_loss":0},{"cards_removed":["Clash"],"damage_healed":0,"gold_gain":0,"player_choice":"Removed Attack","damage_taken":0,"max_hp_gain":0,"max_hp_loss":0,"event_name":"Falling","floor":39,"gold_loss":0},{"damage_healed":0,"gold_gain":0,"cards_transformed":["Defend_R"],"player_choice":"Transformed","damage_taken":0,"max_hp_gain":0,"max_hp_loss":0,"event_name":"Transmorgrifier","floor":41,"gold_loss":0,"cards_obtained":["Dark Embrace"]},{"damage_healed":0,"gold_gain":0,"player_choice":"Bought 0 Potions","damage_taken":0,"max_hp_gain":0,"max_hp_loss":0,"event_name":"The Woman in Blue","floor":47,"gold_loss":0}],"is_beta":false,"boss_relics":[{"not_picked":["Cursed Key","Snecko Eye","Runic Pyramid"]},{"not_picked":["Sozu","SlaversCollar"],"picked":"Black Blood"}],"items_purged_floors":[19,46],"is_endless":false,"potions_floor_spawned":[2,4,6,11,12,18,20,23,33,36,38,42],"ascension_level":1}}