{"host":"axuns55dzq466eei","time":1609475189,"event":{"mods":["BaseMod","Colored Map","Keyboard Shortcuts","Minty Spire (QoL Compilation)","StSLib","SuperFastMode"],"gold_per_floor":[117,136,146,146,146,173,125,143,143,143,162,175,175,208,208,208,208],"floor_reached":16,"playtime":347,"items_purged":[],"score":228,"play_id":"4aaf73c7-550b-4fa9-9534-bbb3f00f92ae","local_time":"20210101132629","is_ascension_mode":true,"campfire_choices":[{"floor":10,"key":"REST"},{"floor":13,"key":"REST"},{"data":"Blade Dance","floor":15,"key":"SMITH"}],"circlet_count":0,"master_deck":["AscendersBane","Strike_G","Strike_G","Strike_G","Strike_G","Defend_G","Defend_G","Defend_G","Defend_G","Survivor","Neutralize","Quick Slash","Dagger Throw","Venomology","Dagger Spray","Predator","Reflex","Blade Dance+1","Corpse Explosion"],"relics":["Ring of the Snake","NeowsBlessing","Potion Belt","Vajra","Omamori"],"acts_visited":["Exordium"],"potions_floor_usage":[7,12,12,14,16,16,16,16,16],"damage_taken":[{"damage":0,"enemies":"Cultist","floor":1,"turns":1},{"damage":0,"enemies":"Jaw Worm","floor":2,"turns":1},{"damage":0,"enemies":"2 Louse","floor":3,"turns":1},{"damage":30,"enemies":"Gremlin Nob","floor":6,"turns":4},{"damage":22,"enemies":"Exordium Thugs","floor":7,"turns":5},{"damage":1,"enemies":"2 Fungi Beasts","floor":8,"turns":3},{"damage":4,"enemies":"Blue Slaver","floor":11,"turns":4},{"damage":9,"enemies":"Large Slime","floor":12,"turns":5},{"damage":2,"enemies":"3 Sentries","floor":14,"turns":4},{"damage":29,"enemies":"The Guardian","floor":16,"turns":11}],"seed_played":"3908198282117793935","potions_obtained":[{"floor":7,"key":"DuplicationPotion"},{"floor":11,"key":"DistilledChaos"},{"floor":12,"key":"SmokeBomb"},{"floor":14,"key":"Energy Potion"}],"is_trial":false,"path_per_floor":["M","M","M","?","?","E","M","M","T","R","M","M","R","E","R","B"],"character_chosen":"THE_SILENT","items_purchased":[],"campfire_rested":2,"item_purchase_floors":[],"current_hp_per_floor":[59,59,59,59,59,29,7,6,6,25,21,12,31,29,29,0,0],"gold":208,"neow_bonus":"THREE_ENEMY_KILL","is_daily":false,"chose_seed":false,"campfire_upgraded":1,"win_rate":0.0,"timestamp":1609475189,"path_taken":["M","?","M","?","?","E","M","M","T","R","M","?","R","E","R","BOSS"],"items_purchased_type":[],"build_version":"2020-12-22","purchased_purges":0,"victory":false,"max_hp_per_floor":[66,66,66,66,66,66,66,66,66,66,66,66,66,66,66,66,66],"card_choices":[{"not_picked":["Outmaneuver","Distraction"],"picked":"Quick Slash","floor":1},{"not_picked":["Caltrops","Dodge and Roll"],"picked":"Dagger Throw","floor":2},{"not_picked":["Flechettes","Distraction","Bane"],"picked":"SKIP","floor":3},{"not_picked":["Dagger Spray","Poisoned Stab"],"picked":"Venomology","floor":6},{"not_picked":["Bane","Quick Slash"],"picked":"Dagger Spray","floor":7},{"not_picked":["Deadly Poison","Acrobatics"],"picked":"Predator","floor":8},{"not_picked":["Acrobatics","Terror"],"picked":"Reflex","floor":11},{"not_picked":["Concentrate","Storm of Steel"],"picked":"Blade Dance","floor":12},{"not_picked":["Flying Knee","Infinite Blades"],"picked":"Corpse Explosion","floor":14}],"player_experience":1043071,"relics_obtained":[{"floor":6,"key":"Potion Belt"},{"floor":9,"key":"Vajra"},{"floor":14,"key":"Omamori"}],"event_choices":[{"cards_removed":["Strike_G"],"damage_healed":0,"gold_gain":0,"player_choice":"Forget","damage_taken":0,"max_hp_gain":0,"max_hp_loss":0,"event_name":"Living Wall","floor":4,"gold_loss":0},{"cards_removed":["Defend_G"],"damage_healed":0,"gold_gain":0,"player_choice":"Offered Basic","damage_taken":0,"max_hp_gain":0,"max_hp_loss":0,"event_name":"Bonfire Elementals","floor":5,"gold_loss":0}],"is_beta":false,"boss_relics":[],"items_purged_floors":[],"is_endless":false,"potions_floor_spawned":[7,11,12,14],"killed_by":"The Guardian","ascension_level":20}}