{"host":"q6uiiyan8fxg9uyi","time":1609531921,"event":{"mods":["AchievementEnabler","BaseMod","BetterRewards","Minty Spire (QoL Compilation)","StSLib","SuperFastMode"],"gold_per_floor":[119,133,133,150,120,120,132,144,171,204,223,280,56,67,67,166,166,154,173,173,189,189,219,219,231,231,251,261,336,179,189,189,288,288,300,311,361,376,376,376,395,395,395,395,423,442,455,455,455],"floor_reached":48,"playtime":3096,"items_purged":[],"score":722,"play_id":"a0eedd12-4b1a-47d7-9b1c-9031ee9faacb","local_time":"20210101211201","is_ascension_mode":true,"campfire_choices":[{"data":"Backflip","floor":6,"key":"SMITH"},{"floor":15,"key":"REST"},{"data":"Noxious Fumes","floor":24,"key":"SMITH"},{"floor":32,"key":"REST"},{"floor":40,"key":"REST"},{"floor":42,"key":"REST"}],"circlet_count":0,"master_deck":["Defend_G+1","Defend_G+1","Defend_G","Defend_G","Defend_G","Survivor","Neutralize","Flying Knee","Backflip+1","Escape Plan","Flying Knee","Blade Dance","PiercingWail","Noxious Fumes+1","Endless Agony","Escape Plan","Envenom","Deflect","Burst","CurseOfTheBell","Crippling Poison+1","Footwork","Bite","Bite","Bite","Bite","Bite","Catalyst","Terror","Poisoned Stab","Backflip","Bane","Blade Dance","After Image","Catalyst","Blade Dance+1","Leg Sweep","Outmaneuver+1","Madness","Madness","Dash","After Image"],"relics":["Ring of the Snake","Boot","Smiling Mask","Bronze Scales","War Paint","Bird Faced Urn","Toy Ornithopter","Calling Bell","Regal Pillow","Question Card","Mango","MealTicket","Anchor","Oddly Smooth Stone","WristBlade","The Specimen","HornCleat","Shuriken"],"acts_visited":["Exordium","TheCity","TheBeyond"],"potions_floor_usage":[5,10,11,16,16,21,21,31,37,45,48],"damage_taken":[{"damage":0,"enemies":"2 Louse","floor":1,"turns":3},{"damage":0,"enemies":"Cultist","floor":2,"turns":3},{"damage":0,"enemies":"Small Slimes","floor":4,"turns":3},{"damage":0,"enemies":"Looter","floor":5,"turns":4},{"damage":0,"enemies":"Exordium Thugs","floor":7,"turns":5},{"damage":4,"enemies":"2 Fungi Beasts","floor":8,"turns":4},{"damage":14,"enemies":"Lagavulin","floor":10,"turns":6},{"damage":0,"enemies":"Blue Slaver","floor":11,"turns":3},{"damage":12,"enemies":"Gremlin Nob","floor":12,"turns":4},{"damage":0,"enemies":"Looter","floor":14,"turns":3},{"damage":44,"enemies":"The Guardian","floor":16,"turns":9},{"damage":20,"enemies":"2 Thieves","floor":18,"turns":4},{"damage":2,"enemies":"Shell Parasite","floor":19,"turns":5},{"damage":6,"enemies":"Snake Plant","floor":21,"turns":5},{"damage":22,"enemies":"Gremlin Leader","floor":23,"turns":6},{"damage":1,"enemies":"Centurion and Healer","floor":25,"turns":8},{"damage":6,"enemies":"Chosen and Byrds","floor":27,"turns":5},{"damage":25,"enemies":"Sentry and Sphere","floor":28,"turns":6},{"damage":24,"enemies":"3 Cultists","floor":31,"turns":5},{"damage":59,"enemies":"Champ","floor":33,"turns":15},{"damage":4,"enemies":"Orb Walker","floor":35,"turns":3},{"damage":38,"enemies":"3 Shapes","floor":36,"turns":8},{"damage":22,"enemies":"Mind Bloom Boss Battle","floor":37,"turns":8},{"damage":29,"enemies":"Maw","floor":38,"turns":7},{"damage":22,"enemies":"3 Darklings","floor":41,"turns":5},{"damage":86,"enemies":"Giant Head","floor":45,"turns":9},{"damage":19,"enemies":"Transient","floor":46,"turns":5},{"damage":10,"enemies":"Jaw Worm Horde","floor":47,"turns":5},{"damage":30,"enemies":"Reptomancer","floor":48,"turns":3}],"seed_played":"6762826663605106302","potions_obtained":[{"floor":1,"key":"AttackPotion"},{"floor":2,"key":"PowerPotion"},{"floor":4,"key":"Weak Potion"},{"floor":8,"key":"AttackPotion"},{"floor":12,"key":"Poison Potion"},{"floor":14,"key":"Weak Potion"},{"floor":16,"key":"Energy Potion"},{"floor":18,"key":"Weak Potion"},{"floor":27,"key":"AttackPotion"},{"floor":28,"key":"FairyPotion"},{"floor":35,"key":"Regen Potion"},{"floor":38,"key":"Poison Potion"},{"floor":45,"key":"FearPotion"},{"floor":46,"key":"Weak Potion"},{"floor":47,"key":"SteroidPotion"}],"is_trial":false,"path_per_floor":["M","M","?","M","M","R","M","M","T","E","M","?","$","M","R","B",null,"M","M","?","M","?","E","R","M","T","M","M","?","$","M","R","B",null,"M","M","?","M","?","R","M","R","T","?","E","M","M","E"],"character_chosen":"THE_SILENT","items_purchased":["Boot","Toy Ornithopter","Envenom","Oddly Smooth Stone"],"campfire_rested":4,"item_purchase_floors":[0,13,13,30],"current_hp_per_floor":[65,65,65,65,65,65,65,61,61,47,47,37,37,39,58,28,79,61,61,55,55,55,43,43,54,54,54,36,31,46,37,55,13,55,51,25,39,24,24,55,35,55,55,48,18,11,5,0,0],"gold":455,"neow_bonus":"","is_daily":false,"chose_seed":false,"campfire_upgraded":2,"win_rate":0.0,"timestamp":1609531921,"path_taken":["M","M","?","M","M","R","M","M","T","E","?","?","$","M","R","BOSS","M","M","?","M","?","E","R","M","T","M","M","?","$","M","R","BOSS","M","M","?","M","?","R","M","R","T","?","E","M","M","E"],"items_purchased_type":["Relic","Relic","Card","Relic"],"build_version":"2020-12-22","purchased_purges":0,"victory":false,"max_hp_per_floor":[65,65,65,65,65,65,65,65,65,65,65,65,65,65,65,65,79,79,79,55,55,55,55,55,55,55,55,55,55,55,55,55,55,55,55,55,55,55,55,55,55,55,55,55,55,55,55,55,55],"card_choices":[{"not_picked":["Blur","Crippling Poison"],"picked":"Flying Knee","floor":1},{"not_picked":["Dagger Throw","Finisher"],"picked":"Backflip","floor":2},{"not_picked":["Underhanded Strike","Deflect"],"picked":"Escape Plan","floor":4},{"not_picked":["Crippling Poison","Dagger Spray"],"picked":"Flying Knee","floor":5},{"not_picked":["Dodge and Roll","Calculated Gamble"],"picked":"Blade Dance","floor":7},{"not_picked":["Choke","Underhanded Strike"],"picked":"PiercingWail","floor":8},{"not_picked":["Bane","Backflip"],"picked":"Noxious Fumes","floor":10},{"not_picked":["Slice","Dagger Spray"],"picked":"Endless Agony","floor":11},{"not_picked":["Bane","Sucker Punch"],"picked":"Escape Plan","floor":12},{"not_picked":["Expertise","Masterful Stab"],"picked":"Deflect","floor":14},{"not_picked":["Night Terror","Malaise"],"picked":"Burst","floor":16},{"not_picked":["Deadly Poison+1","Bane","Quick Slash"],"picked":"Crippling Poison+1","floor":18},{"not_picked":["Dagger Spray+1","Bane","Blade Dance"],"picked":"Footwork","floor":19},{"not_picked":["Glass Knife","Flying Knee","Deadly Poison+1"],"picked":"Catalyst","floor":21},{"not_picked":["PiercingWail","Underhanded Strike","Dagger Spray"],"picked":"Terror","floor":23},{"not_picked":["Deflect","Expertise","Dagger Spray"],"picked":"Poisoned Stab","floor":25},{"not_picked":["Malaise","Underhanded Strike","Calculated Gamble+1"],"picked":"Backflip","floor":27},{"not_picked":["Skewer","Heel Hook+1","Riddle With Holes"],"picked":"Bane","floor":28},{"not_picked":["Finisher","Dagger Spray","Terror"],"picked":"Blade Dance","floor":31},{"not_picked":["Wraith Form v2","Malaise","Bullet Time"],"picked":"After Image","floor":33},{"not_picked":["Bane","Backflip","Deflect","Quick Slash+1"],"picked":"SKIP","floor":35},{"not_picked":["Dagger Throw+1","Flying Knee+1","Choke"],"picked":"Catalyst","floor":36},{"not_picked":["Deflect+1","Wraith Form v2","Eviscerate+1"],"picked":"Blade Dance+1","floor":37},{"not_picked":["Masterful Stab","Quick Slash+1","Well Laid Plans+1"],"picked":"Leg Sweep","floor":38},{"not_picked":["Flying Knee","Deadly Poison+1","Acrobatics+1"],"picked":"Outmaneuver+1","floor":41},{"not_picked":["Reflex+1","Flying Knee","Deflect"],"picked":"Dash","floor":45},{"not_picked":["PiercingWail+1","Terror+1","Dodge and Roll+1"],"picked":"After Image","floor":46},{"not_picked":["Caltrops+1","Flying Knee","Expertise+1","Dagger Throw"],"picked":"SKIP","floor":47}],"player_experience":13976,"relics_obtained":[{"floor":9,"key":"Bronze Scales"},{"floor":10,"key":"War Paint"},{"floor":17,"key":"Regal Pillow"},{"floor":17,"key":"Question Card"},{"floor":17,"key":"Mango"},{"floor":23,"key":"MealTicket"},{"floor":26,"key":"Anchor"},{"floor":37,"key":"The Specimen"},{"floor":43,"key":"HornCleat"},{"floor":45,"key":"Shuriken"}],"event_choices":[{"damage_healed":0,"gold_gain":0,"player_choice":"Gave Potion","damage_taken":0,"relics_obtained":["Smiling Mask"],"max_hp_gain":0,"max_hp_loss":0,"event_name":"WeMeetAgain","floor":3,"gold_loss":0},{"damage_healed":0,"gold_gain":0,"player_choice":"Searched \u00272\u0027 times","damage_taken":0,"relics_obtained":["Bird Faced Urn"],"max_hp_gain":0,"max_hp_loss":0,"event_name":"Dead Adventurer","floor":12,"gold_loss":0},{"damage_healed":0,"gold_gain":0,"player_choice":"Became a vampire","damage_taken":0,"max_hp_gain":0,"max_hp_loss":24,"event_name":"Vampires","floor":20,"gold_loss":0,"cards_obtained":["Bite","Bite","Bite","Bite","Bite"]},{"damage_healed":0,"gold_gain":0,"player_choice":"Ignored","damage_taken":0,"max_hp_gain":0,"max_hp_loss":0,"event_name":"Cursed Tome","floor":22,"gold_loss":0},{"damage_healed":0,"gold_gain":75,"player_choice":"Touch","damage_taken":5,"max_hp_gain":0,"max_hp_loss":0,"event_name":"FaceTrader","floor":29,"gold_loss":0},{"damage_healed":0,"gold_gain":0,"player_choice":"Fight","damage_taken":0,"max_hp_gain":0,"max_hp_loss":0,"event_name":"MindBloom","floor":37,"gold_loss":0},{"damage_healed":0,"gold_gain":0,"player_choice":"Ignored","damage_taken":0,"max_hp_gain":0,"max_hp_loss":0,"event_name":"Tomb of Lord Red Mask","floor":39,"gold_loss":0},{"damage_healed":0,"gold_gain":0,"player_choice":"Embrace Madness","damage_taken":7,"max_hp_gain":0,"max_hp_loss":0,"event_name":"Winding Halls","floor":44,"gold_loss":0,"cards_obtained":["Madness","Madness"]}],"is_beta":false,"boss_relics":[{"not_picked":["Runic Dome","Fusion Hammer"],"picked":"Calling Bell"},{"not_picked":["Ring of the Serpent","Philosopher\u0027s Stone"],"picked":"WristBlade"}],"items_purged_floors":[],"is_endless":false,"potions_floor_spawned":[1,2,4,8,12,14,16,18,27,28,35,38,45,46,47],"killed_by":"Reptomancer","ascension_level":1}}