{"host":"4cz9gr89nglr7k8k","time":1609541250,"event":{"mods":["BaseMod","Minty Spire (QoL Compilation)","Relic Stats","Slay-I"],"gold_per_floor":[115,132,7,26,26,26,37,53,53,103,119,131,131,151,151,225,225,235,235,247,247,247,247],"floor_reached":22,"playtime":576,"items_purged":[],"score":364,"play_id":"fcc628a9-97bc-4755-8cc5-e7cce35e426f","local_time":"20210101234730","is_ascension_mode":true,"campfire_choices":[{"data":"Inflame","floor":6,"key":"SMITH"},{"floor":13,"key":"REST"},{"data":"Immolate","floor":15,"key":"SMITH"}],"circlet_count":0,"master_deck":["AscendersBane","Strike_R","Strike_R","Strike_R","Strike_R","Strike_R","Defend_R","Defend_R","Defend_R","Defend_R","Bash","Clash","Clothesline","Inflame+1","Anger","Clash","Flex","Flex","Anger","Clothesline","Immolate+1","Fiend Fire","Flex","Heavy Blade"],"relics":["Burning Blood","NeowsBlessing","The Courier","Mark of Pain"],"acts_visited":["Exordium","TheCity"],"potions_floor_usage":[16,20,21],"damage_taken":[{"damage":0,"enemies":"Small Slimes","floor":1,"turns":1},{"damage":0,"enemies":"Cultist","floor":2,"turns":1},{"damage":0,"enemies":"2 Louse","floor":4,"turns":1},{"damage":0,"enemies":"Gremlin Gang","floor":7,"turns":4},{"damage":6,"enemies":"3 Louse","floor":8,"turns":4},{"damage":12,"enemies":"Looter","floor":11,"turns":3},{"damage":24,"enemies":"Exordium Wildlife","floor":12,"turns":4},{"damage":3,"enemies":"Blue Slaver","floor":14,"turns":2},{"damage":31,"enemies":"Slime Boss","floor":16,"turns":8},{"damage":0,"enemies":"Chosen","floor":18,"turns":3},{"damage":30,"enemies":"2 Thieves","floor":20,"turns":4},{"damage":24,"enemies":"3 Cultists","floor":21,"turns":4},{"damage":33,"enemies":"Sentry and Sphere","floor":22,"turns":3}],"seed_played":"-5759390927290146784","potions_obtained":[{"floor":7,"key":"Dexterity Potion"},{"floor":8,"key":"SkillPotion"},{"floor":16,"key":"BlessingOfTheForge"},{"floor":19,"key":"Block Potion"},{"floor":19,"key":"SmokeBomb"}],"is_trial":false,"path_per_floor":["M","M","$","M","$","R","M","M","T","?","M","M","R","M","R","B",null,"M","?","M","M","M"],"character_chosen":"IRONCLAD","items_purchased":["Inflame","Anger"],"campfire_rested":1,"item_purchase_floors":[3,3],"current_hp_per_floor":[74,75,75,75,75,75,75,75,75,68,62,44,66,69,69,44,67,73,73,49,31,0,0],"gold":247,"neow_bonus":"THREE_ENEMY_KILL","is_daily":false,"chose_seed":false,"campfire_upgraded":2,"win_rate":0.0,"timestamp":1609541250,"path_taken":["M","M","$","M","$","R","M","M","T","?","M","?","R","M","R","BOSS","M","?","?","M","M"],"items_purchased_type":["Card","Card"],"build_version":"2020-12-22","purchased_purges":0,"victory":false,"max_hp_per_floor":[75,75,75,75,75,75,75,75,75,75,75,75,75,75,75,75,75,75,75,75,75,75,75],"relic_stats":{"counters":[13,42],"obtain_stats":[{"NeowsBlessing":0,"The Courier":9,"Mark of Pain":17,"Burning Blood":0},{"NeowsBlessing":0,"The Courier":5,"Mark of Pain":9,"Burning Blood":0},{"NeowsBlessing":0,"The Courier":11,"Mark of Pain":28,"Burning Blood":0}],"Burning Blood":55},"card_choices":[{"not_picked":["Warcry","Wild Strike"],"picked":"Clash","floor":1},{"not_picked":["Pommel Strike","Havoc"],"picked":"Clothesline","floor":2},{"not_picked":["Dark Embrace","Iron Wave"],"picked":"Clash","floor":4},{"not_picked":["Uppercut","Pommel Strike"],"picked":"Flex","floor":7},{"not_picked":["Headbutt","Blood for Blood"],"picked":"Flex","floor":8},{"not_picked":["Disarm","Sword Boomerang"],"picked":"Anger","floor":11},{"not_picked":["Dual Wield","Combust"],"picked":"Clothesline","floor":12},{"not_picked":["Evolve","Anger"],"picked":"Immolate","floor":14},{"not_picked":["Barricade","Double Tap"],"picked":"Fiend Fire","floor":16},{"not_picked":["Clothesline","Disarm"],"picked":"Flex","floor":18},{"not_picked":["Combust","Inflame"],"picked":"Heavy Blade","floor":20}],"player_experience":1471650,"relics_obtained":[{"floor":9,"key":"The Courier"}],"event_choices":[{"damage_healed":0,"gold_gain":50,"player_choice":"Touch","damage_taken":7,"max_hp_gain":0,"max_hp_loss":0,"event_name":"FaceTrader","floor":10,"gold_loss":0},{"damage_healed":0,"gold_gain":0,"player_choice":"Got Potions","damage_taken":0,"max_hp_gain":0,"max_hp_loss":0,"event_name":"Lab","floor":19,"gold_loss":0}],"is_beta":false,"boss_relics":[{"not_picked":["Pandora\u0027s Box","Busted Crown"],"picked":"Mark of Pain"}],"items_purged_floors":[],"is_endless":false,"potions_floor_spawned":[7,8,11,14,16,21],"killed_by":"Sentry and Sphere","ascension_level":20}}