{"host":"hfxahm4y1ssattqc","time":1609476129,"event":{"mods":["2.2 Compatiblity","Act Like it!","BaseMod","Beaked The Cultist","BetterRewards","Colored Map","Colored Powertips","Custom Start","Googly Eyes","Halation","Hallownest","Highlight Path","Hubris","Mimic Mod","Minty Spire (QoL Compilation)","Shop Mod","Spikes Relics","StSLib","The Bug Knight","The IronCluck","The Jungle","Unknown Chances","slay the spire mod where everything is the same but ironclad has a cowboy hat"],"gold_per_floor":[109,127,141,141,151,183,183,196,496,466,493,507,525,561,561,663,663,678,201,116,116,116,116,136,136,136,166,181,200,200,214,214,214,214],"floor_reached":33,"playtime":1738,"items_purged":[],"score":281,"play_id":"93ead9e1-8806-43e3-8f26-1415f54e0dcc","local_time":"20201231204209","is_ascension_mode":false,"campfire_choices":[{"floor":7,"key":"REST"},{"data":"beaked:HuntressSpirit","floor":15,"key":"SMITH"},{"floor":23,"key":"RECALL"},{"data":"Apotheosis","floor":25,"key":"SMITH"},{"data":"beaked:CrazyRituals","floor":30,"key":"SMITH"},{"data":"beaked:Evade","floor":32,"key":"SMITH"}],"circlet_count":0,"master_deck":["beaked:Strike_Y","beaked:Strike_Y","beaked:Strike_Y","beaked:Strike_Y","beaked:Strike_Y","beaked:Defend_Y","beaked:Defend_Y","beaked:Defend_Y","beaked:Defend_Y","beaked:Ceremony","beaked:CrazyRituals+1","beaked:CrazyRituals","beaked:BraceForImpact","beaked:Hexing","beaked:CursingBlood","beaked:Insight","beaked:HuntressSpirit+1","beaked:KnowThyFoe","Apotheosis+1","beaked:KnowThyFoe","beaked:MachineSpirit","beaked:MaddeningMurmurs","beaked:Evade+1"],"relics":["beaked:MendingPlumage","NeowsBlessing","Centennial Puzzle","Old Coin","Orichalcum","hubris:ScarierMask","beaked:ThroatLozenge","Darkstone Periapt","Molten Egg 2","Smiling Mask"],"acts_visited":["Exordium","TheCity"],"potions_floor_usage":[33,33,33],"damage_taken":[{"damage":0,"enemies":"Cultist","floor":1,"turns":1},{"damage":0,"enemies":"2 Louse","floor":2,"turns":1},{"damage":0,"enemies":"Small Slimes","floor":3,"turns":2},{"damage":29,"enemies":"Exordium Wildlife","floor":5,"turns":6},{"damage":40,"enemies":"Gremlin Nob","floor":6,"turns":5},{"damage":12,"enemies":"Blue Slaver","floor":8,"turns":5},{"damage":4,"enemies":"Looter","floor":10,"turns":4},{"damage":42,"enemies":"3 Sentries","floor":11,"turns":14},{"damage":44,"enemies":"Lots of Slimes","floor":12,"turns":7},{"damage":29,"enemies":"2 Fungi Beasts","floor":13,"turns":6},{"damage":9,"enemies":"Red Slaver","floor":14,"turns":5},{"damage":4,"enemies":"Hexaghost","floor":16,"turns":12},{"damage":7,"enemies":"3 Byrds","floor":18,"turns":6},{"damage":14,"enemies":"Chosen","floor":24,"turns":9},{"damage":36,"enemies":"Gremlin Leader","floor":27,"turns":6},{"damage":20,"enemies":"Snake Plant","floor":28,"turns":7},{"damage":12,"enemies":"Centurion and Healer","floor":29,"turns":5},{"damage":8,"enemies":"Chosen and Byrds","floor":31,"turns":10},{"damage":100026,"enemies":"Automaton","floor":33,"turns":6}],"seed_played":"-8005654882772869482","potions_obtained":[{"floor":3,"key":"SmokeBomb"},{"floor":6,"key":"Swift Potion"},{"floor":14,"key":"LiquidBronze"}],"is_trial":false,"path_per_floor":["M","M","M","?","M","E","R","M","T","M","E","M","M","M","R","B",null,"M","$","?","?","T","R","M","R","T","E","M","M","R","M","R","B"],"character_chosen":"BEAKED_THE_CULTIST","items_purchased":["Apotheosis","beaked:KnowThyFoe","beaked:ThroatLozenge"],"campfire_rested":1,"item_purchase_floors":[19,19,19],"current_hp_per_floor":[50,50,50,50,42,21,36,40,40,50,50,28,23,29,29,50,50,50,50,50,50,50,50,46,46,46,48,54,54,54,52,52,0,0],"gold":214,"neow_bonus":"THREE_ENEMY_KILL","is_daily":false,"chose_seed":false,"campfire_upgraded":4,"win_rate":0.0,"timestamp":1609476129,"path_taken":["M","M","?","?","M","E","R","?","T","M","E","M","M","M","R","BOSS","M","$","?","?","?","R","M","R","T","E","M","?","R","M","R","BOSS"],"items_purchased_type":["Card","Card","Relic"],"build_version":"2020-12-22","purchased_purges":0,"victory":false,"max_hp_per_floor":[50,50,50,50,50,50,50,50,50,50,50,50,50,50,50,50,50,50,50,50,50,50,50,52,52,52,54,54,54,54,54,54,54,54],"card_choices":[{"not_picked":["beaked:WarriorEssence","beaked:Redirect"],"picked":"beaked:BraceForImpact","floor":1},{"not_picked":["beaked:StickSmack","beaked:DigDeeper","beaked:Molting"],"picked":"SKIP","floor":2},{"not_picked":["beaked:Daydream","beaked:Resilience"],"picked":"beaked:Hexing","floor":3},{"not_picked":["beaked:WarriorEssence","beaked:StickSmack","beaked:Windmill"],"picked":"SKIP","floor":5},{"not_picked":["beaked:WarriorEssence","beaked:VigorBurst"],"picked":"beaked:CursingBlood","floor":6},{"not_picked":["beaked:ShadowFade","beaked:StunningBlow","beaked:Devastation"],"picked":"SKIP","floor":8},{"not_picked":["beaked:MimicWarrior","beaked:Resilience","beaked:Flinch"],"picked":"SKIP","floor":10},{"not_picked":["beaked:StickSmack","beaked:MimicMachine"],"picked":"beaked:Insight","floor":11},{"not_picked":["beaked:Molting","beaked:Devastation","beaked:DigDeep"],"picked":"SKIP","floor":12},{"not_picked":["beaked:Flinch","beaked:BarbedWire"],"picked":"beaked:HuntressSpirit","floor":13},{"not_picked":["beaked:DigDeep","beaked:Resilience","beaked:Flinch"],"picked":"SKIP","floor":14},{"not_picked":["beaked:ShadowFade","beaked:FullHouse"],"picked":"beaked:KnowThyFoe","floor":16},{"not_picked":["beaked:WindBringer","beaked:DigDeeper","beaked:Tradeoff+1"],"picked":"SKIP","floor":18},{"not_picked":["beaked:TuckingFeathers","beaked:BloodForTheGods"],"picked":"beaked:MachineSpirit","floor":24},{"not_picked":["beaked:DigDeeper+1","beaked:ScreechingChant"],"picked":"beaked:MaddeningMurmurs","floor":27},{"not_picked":["beaked:FeelMyPain+1","beaked:Struggle+1","beaked:Tradeoff"],"picked":"SKIP","floor":28},{"not_picked":["beaked:CursingBlood","beaked:MimicHuntress","beaked:BloodForTheGods"],"picked":"SKIP","floor":29},{"not_picked":["beaked:Insight","beaked:BounceBack"],"picked":"beaked:Evade","floor":31}],"player_experience":851757,"relics_obtained":[{"floor":6,"key":"Centennial Puzzle"},{"floor":9,"key":"Old Coin"},{"floor":11,"key":"Orichalcum"},{"floor":26,"key":"Molten Egg 2"},{"floor":27,"key":"Smiling Mask"}],"event_choices":[{"cards_removed":["beaked:Strike_Y"],"damage_healed":0,"gold_gain":0,"player_choice":"Purged","damage_taken":0,"max_hp_gain":0,"max_hp_loss":0,"event_name":"Purifier","floor":4,"gold_loss":0},{"damage_healed":0,"gold_gain":0,"player_choice":"Obtained Relic","damage_taken":0,"relics_obtained":["Darkstone Periapt"],"max_hp_gain":0,"max_hp_loss":0,"event_name":"Addict","floor":20,"gold_loss":85}],"is_beta":false,"boss_relics":[{"not_picked":["Coffee Dripper","hubris:HollowSoul"],"picked":"hubris:ScarierMask"}],"items_purged_floors":[],"is_endless":false,"potions_floor_spawned":[3,6,12,14,24,28,31],"killed_by":"Automaton","ascension_level":0}}