{"host":"zm2copjc1o2b6hjv","time":1609486058,"event":{"mods":["AchievementEnabler","BaseMod","BetterRewards","Conspire","Downfall","Friendly Minions","Infinite Spire","Minty Spire (QoL Compilation)","Replay The Spire","StSLib"],"gold_per_floor":[117,117,117,117,117,117,117,117,165,174,23,32,32,56,65,198,207,207,207],"floor_reached":17,"playtime":583,"items_purged":[],"score":253,"play_id":"e6b0839f-4927-4eca-a7e0-7009f4f82660","local_time":"20210101022738","is_ascension_mode":true,"campfire_choices":[{"floor":6,"key":"REST"},{"floor":8,"key":"REST"},{"floor":10,"key":"REST"}],"circlet_count":0,"master_deck":["hexamod:Strike","hexamod:Strike","hexamod:Strike","hexamod:Strike","hexamod:Defend","hexamod:Defend","hexamod:Defend","hexamod:Defend","hexamod:Sear","hexamod:Float","expansioncontent:DarkVoid","Replay:SS_forest_6+1","hexamod:ExtraCrispy+1","ReplayTheSpireMod:Brewmster+1","hexamod:Hexaguard","hexamod:SuperheatedStrike+1","Injury","hexamod:AdvancingGuard","ReplayTheSpireMod:Book of Names+1","hexamod:EmpoweredFlame+1","hexamod:GhostOfSpireFuture+1","Hallucinations","hexamod:HexaLevel+1","hexamod:SearingWound","CurseOfTheBell"],"relics":["hexamod:SpiritBrand","Ice Cream","Tiny Chest","Guardian:BottledAnomaly","Frozen Egg 2","Dream Catcher","Torii","Golden Idol","Juzu Bracelet","CeramicFish","Chemical X","Ring of Hypnosis","Calling Bell","Orichalcum","Darkstone Periapt","Peace Pipe"],"acts_visited":["Exordium","TheCity"],"potions_floor_usage":[3,14,14,16,16,16,16],"damage_taken":[{"damage":2,"enemies":"Small Slimes","floor":1,"turns":4},{"damage":0,"enemies":"infinitespire:Voidling","floor":3,"turns":1},{"damage":0,"enemies":"2 Louse","floor":14,"turns":3},{"damage":27,"enemies":"The Guardian","floor":16,"turns":7}],"seed_played":"-4076268077052211748","potions_obtained":[{"floor":2,"key":"SmokeBomb"},{"floor":2,"key":"Guardian:BlockOnCardUsePotion"},{"floor":14,"key":"ColorlessPotion"}],"is_trial":false,"path_per_floor":["M","?","M","?","T","R","?","R","T","R","$","?","$","M","R","B",null],"character_chosen":"THE_SPIRIT","items_purchased":["Ice Cream","expansioncontent:DarkVoid","Tiny Chest","Guardian:BottledAnomaly","Frozen Egg 2","Dream Catcher","Replay:SS_forest_6+1","hexamod:ExtraCrispy+1","ReplayTheSpireMod:Brewmster+1","hexamod:Hexaguard","Chemical X"],"campfire_rested":3,"item_purchase_floors":[0,0,0,0,0,0,0,0,0,0,11],"current_hp_per_floor":[26,26,26,26,26,47,29,50,50,70,70,70,70,70,70,43,70,70,70],"gold":207,"neow_bonus":"","is_daily":false,"chose_seed":false,"campfire_upgraded":0,"win_rate":0.0,"timestamp":1609486058,"path_taken":["M","?","?","?","?","R","?","R","T","R","$","?","?","M","R","BOSS"],"items_purchased_type":["Relic","Card","Relic","Relic","Relic","Relic","Card","Card","Card","Card","Relic"],"build_version":"2020-12-22","purchased_purges":0,"victory":false,"max_hp_per_floor":[70,70,70,70,70,70,70,70,70,70,70,70,70,70,70,70,70,70,70],"card_choices":[{"not_picked":["hexamod:SecondSeal","hexamod:NightmareStrike"],"picked":"hexamod:SuperheatedStrike","floor":1},{"not_picked":["hexamod:RainOfEmbers","hexamod:Hexaguard"],"picked":"hexamod:AdvancingGuard","floor":6},{"not_picked":["infinitespire:FinalStrike","Replay:Fractal Strike"],"picked":"ReplayTheSpireMod:Book of Names","floor":7},{"not_picked":["hexamod:NightmareGuise","hexamod:GhostShield"],"picked":"hexamod:EmpoweredFlame+1","floor":8},{"not_picked":["hexamod:InspiringFlames","hexamod:GhostShield"],"picked":"hexamod:GhostOfSpireFuture+1","floor":10},{"not_picked":["hexamod:InspiringFlames","hexamod:ShieldOfDarkness","hexamod:SwordOfDarkness"],"picked":"SKIP","floor":14},{"not_picked":["hexamod:BacktrackSmack","hexamod:FlamesFromBeyond"],"picked":"hexamod:HexaLevel+1","floor":15},{"not_picked":["hexamod:GhostflameInferno","hexamod:CrushingStance"],"picked":"hexamod:SearingWound","floor":16}],"player_experience":242176,"relics_obtained":[{"floor":5,"key":"Juzu Bracelet"},{"floor":9,"key":"CeramicFish"},{"floor":12,"key":"Ring of Hypnosis"},{"floor":17,"key":"Orichalcum"},{"floor":17,"key":"Darkstone Periapt"},{"floor":17,"key":"Peace Pipe"}],"event_choices":[{"damage_healed":0,"gold_gain":0,"player_choice":"Got Potions","damage_taken":0,"max_hp_gain":0,"max_hp_loss":0,"event_name":"Lab","floor":2,"gold_loss":0},{"damage_healed":0,"gold_gain":0,"player_choice":"Take Wound","damage_taken":0,"relics_obtained":["Golden Idol"],"max_hp_gain":0,"max_hp_loss":0,"event_name":"Golden Idol","floor":4,"gold_loss":0,"cards_obtained":["Injury"]}],"is_beta":false,"boss_relics":[{"not_picked":["Replay:Ancient Bell","Runic Dome"],"picked":"Calling Bell"}],"items_purged_floors":[],"is_endless":false,"potions_floor_spawned":[3,14],"ascension_level":1}}