{"host":"Jin","time":1609520104,"event":{"mods":["BaseMod","Better Altar","Better Match","Better Note","Better Sensory Stone","Better Skull","Better Third Choice","Highlight Path","Minty Spire (QoL Compilation)","Permanent Neow","Quick Restart","StSLib"],"gold_per_floor":[111,121,46,46,61,61,61,61,87,100,118,118,118,118,118],"floor_reached":14,"playtime":350,"items_purged":["Strike_B"],"score":132,"play_id":"f8be9c1b-303e-4700-8475-6dff32b8f36e","local_time":"20210102015504","is_ascension_mode":true,"campfire_choices":[{"data":"Zap","floor":6,"key":"SMITH"},{"data":"Secret Weapon","floor":8,"key":"SMITH"},{"data":"Dualcast","floor":12,"key":"SMITH"}],"circlet_count":0,"master_deck":["AscendersBane","Strike_B","Strike_B","Strike_B","Defend_B","Defend_B","Defend_B","Defend_B","Zap+1","Dualcast+1","Secret Weapon+1"],"relics":["Runic Pyramid","Ginger","Nunchaku"],"acts_visited":["Exordium"],"potions_floor_usage":[],"damage_taken":[{"damage":6,"enemies":"Cultist","floor":1,"turns":4},{"damage":7,"enemies":"2 Louse","floor":2,"turns":2},{"damage":3,"enemies":"Small Slimes","floor":5,"turns":3},{"damage":16,"enemies":"Exordium Wildlife","floor":10,"turns":5},{"damage":3,"enemies":"Large Slime","floor":11,"turns":6},{"damage":0,"enemies":"Lagavulin","floor":14,"turns":2}],"seed_played":"5656307695085955664","potions_obtained":[{"floor":2,"key":"FocusPotion"},{"floor":11,"key":"LiquidBronze"}],"is_trial":false,"path_per_floor":["M","M","$","?","M","R","?","R","T","M","M","R","?","E"],"character_chosen":"DEFECT","items_purchased":[],"campfire_rested":0,"item_purchase_floors":[],"current_hp_per_floor":[62,55,55,43,40,40,40,40,40,24,21,21,46,46,46],"gold":118,"neow_bonus":"BOSS_RELIC","is_daily":false,"chose_seed":false,"campfire_upgraded":3,"win_rate":0.0,"timestamp":1609520104,"path_taken":["M","M","?","?","M","R","?","R","T","M","?","R","?","E"],"items_purchased_type":[],"build_version":"2020-12-18","purchased_purges":1,"victory":false,"max_hp_per_floor":[75,75,75,75,75,75,75,75,75,75,75,75,75,75,75],"card_choices":[{"not_picked":["Cold Snap","Reprogram","Genetic Algorithm"],"picked":"SKIP","floor":1},{"not_picked":["Steam Power","Barrage","Rebound"],"picked":"SKIP","floor":2},{"not_picked":["Gash","Go for the Eyes","Darkness"],"picked":"SKIP","floor":5},{"not_picked":["Discovery","Transmutation"],"picked":"Secret Weapon","floor":7},{"not_picked":["Barrage","Reinforced Body","Leap"],"picked":"SKIP","floor":10},{"not_picked":["Melter","Cold Snap","Gash"],"picked":"SKIP","floor":11}],"player_experience":754183,"relics_obtained":[{"floor":9,"key":"Nunchaku"}],"event_choices":[{"damage_healed":0,"gold_gain":0,"player_choice":"Relic ","damage_taken":12,"max_hp_gain":0,"max_hp_loss":0,"event_name":"betterThird:BetterScrap","floor":4,"gold_loss":0,"cards_obtained":["WaveOfTheHand"]},{"damage_healed":0,"gold_gain":1,"player_choice":"1","damage_taken":0,"max_hp_gain":0,"max_hp_loss":0,"event_name":"betterStone:BetterStone","floor":7,"gold_loss":0},{"damage_healed":25,"gold_gain":0,"player_choice":"Banana","damage_taken":0,"max_hp_gain":0,"max_hp_loss":0,"event_name":"Big Fish","floor":13,"gold_loss":0}],"is_beta":true,"boss_relics":[],"items_purged_floors":[3],"is_endless":false,"potions_floor_spawned":[2,11],"killed_by":"Lagavulin","ascension_level":13}}