{"host":"3jjxuhjpio8e4zkv","time":1609464844,"event":{"mods":["BaseMod","Colored Map","Highlight Path","Minty Spire (QoL Compilation)","Permanent Neow","Relic Stats","StSLib"],"gold_per_floor":[112,132,150,150,167,167,202,202,226,226,226,243,266,291,291,291,291],"floor_reached":16,"playtime":557,"items_purged":[],"score":220,"play_id":"e12a7885-55e6-40c4-ad5e-33bd0b213857","local_time":"20201231203404","is_ascension_mode":true,"campfire_choices":[{"data":"Concentrate","floor":6,"key":"SMITH"},{"floor":8,"key":"REST"},{"floor":11,"key":"REST"},{"data":"Dash","floor":15,"key":"SMITH"}],"circlet_count":0,"master_deck":["AscendersBane","Strike_G","Strike_G","Strike_G","Strike_G","Defend_G","Defend_G","Defend_G","Defend_G","Defend_G","Survivor","Neutralize","Metamorphosis","All Out Attack","Calculated Gamble","Concentrate+1","Phantasmal Killer","PiercingWail","Dash+1"],"relics":["Ring of the Snake","Bag of Marbles","Regal Pillow","Bag of Preparation","Odd Mushroom","MealTicket"],"acts_visited":["Exordium"],"potions_floor_usage":[14,16,16],"damage_taken":[{"damage":0,"enemies":"2 Louse","floor":1,"turns":3},{"damage":2,"enemies":"Small Slimes","floor":2,"turns":3},{"damage":0,"enemies":"Jaw Worm","floor":3,"turns":3},{"damage":0,"enemies":"3 Louse","floor":5,"turns":4},{"damage":49,"enemies":"Gremlin Nob","floor":7,"turns":6},{"damage":1,"enemies":"Looter","floor":12,"turns":3},{"damage":8,"enemies":"The Mushroom Lair","floor":13,"turns":4},{"damage":26,"enemies":"3 Sentries","floor":14,"turns":8},{"damage":14,"enemies":"The Guardian","floor":16,"turns":8}],"seed_played":"-2735553346151152949","potions_obtained":[{"floor":12,"key":"Poison Potion"},{"floor":13,"key":"GamblersBrew"},{"floor":14,"key":"GhostInAJar"}],"is_trial":false,"path_per_floor":["M","M","M","?","M","R","E","R","T","?","R","M","?","E","R","B"],"character_chosen":"THE_SILENT","items_purchased":[],"campfire_rested":2,"item_purchase_floors":[],"current_hp_per_floor":[59,57,57,50,50,50,1,19,19,14,47,46,38,12,12,0,0],"gold":291,"neow_bonus":"RANDOM_COLORLESS_2","is_daily":false,"chose_seed":false,"campfire_upgraded":2,"win_rate":0.0,"timestamp":1609464844,"path_taken":["M","M","M","?","M","R","E","R","T","?","R","M","?","E","R","BOSS"],"items_purchased_type":[],"build_version":"2020-12-22","purchased_purges":0,"victory":false,"max_hp_per_floor":[60,60,60,60,60,60,60,60,60,60,60,60,60,60,60,60,60],"relic_stats":{"Regal Pillow":15,"counters":[9,42],"MealTicket":0,"Bag of Preparation":[8],"obtain_stats":[{"Regal Pillow":9,"MealTicket":14,"Bag of Marbles":7,"Bag of Preparation":10,"Odd Mushroom":13,"Ring of the Snake":0},{"Regal Pillow":5,"MealTicket":8,"Bag of Marbles":5,"Bag of Preparation":5,"Odd Mushroom":7,"Ring of the Snake":0},{"Regal Pillow":19,"MealTicket":34,"Bag of Marbles":19,"Bag of Preparation":19,"Odd Mushroom":26,"Ring of the Snake":0}],"Ring of the Snake":[18]},"card_choices":[{"not_picked":["Secret Weapon","Violence"],"picked":"Metamorphosis","floor":0},{"not_picked":["Prepared","Dodge and Roll"],"picked":"All Out Attack","floor":1},{"not_picked":["Poisoned Stab","Flechettes"],"picked":"Calculated Gamble","floor":2},{"not_picked":["Cloak And Dagger","Bane","Deadly Poison"],"picked":"SKIP","floor":3},{"not_picked":["Outmaneuver","Choke"],"picked":"Concentrate","floor":5},{"not_picked":["Endless Agony","Noxious Fumes"],"picked":"Phantasmal Killer","floor":7},{"not_picked":["Dagger Throw","Choke"],"picked":"PiercingWail","floor":12},{"not_picked":["Distraction","Slice"],"picked":"Dash","floor":14}],"player_experience":1151096,"relics_obtained":[{"floor":7,"key":"Bag of Marbles"},{"floor":9,"key":"Regal Pillow"},{"floor":13,"key":"Odd Mushroom"},{"floor":14,"key":"MealTicket"}],"event_choices":[{"cards_removed":["Strike_G"],"damage_healed":0,"gold_gain":0,"player_choice":"Card Removal","damage_taken":7,"max_hp_gain":0,"max_hp_loss":0,"event_name":"Golden Wing","floor":4,"gold_loss":0},{"damage_healed":0,"gold_gain":0,"player_choice":"Success","damage_taken":5,"relics_obtained":["Bag of Preparation"],"max_hp_gain":0,"max_hp_loss":0,"event_name":"Scrap Ooze","floor":10,"gold_loss":0},{"damage_healed":0,"gold_gain":0,"player_choice":"Fought Mushrooms","damage_taken":0,"max_hp_gain":0,"max_hp_loss":0,"event_name":"Mushrooms","floor":13,"gold_loss":0}],"is_beta":false,"boss_relics":[],"items_purged_floors":[],"is_endless":false,"potions_floor_spawned":[12,13,14],"killed_by":"The Guardian","ascension_level":20}}