{"host":"s0ikvqhe10eopvjn","time":1609512169,"event":{"mods":["Act Like it!","Bard","BaseMod","Better Third Choice","Block Reminder","Colored Map","Colored Powertips","DeckTracker","Downfall","GifTheSpireLib","Halation","Hallownest","Hermit","Highlight Path","Hubris","Infinite Spire","Mad Scientist","Minty Spire (QoL Compilation)","Permanent Neow","Random Character Button","Replay The Spire","StSLib","The Blackbeard","The Blue Laboratory","The Bug Knight","The Construct","The Cursed","The Disciple","The Hierophant","The Marked","The Mystic","The Necromancer","The Poker Player","The Runesmith","The Servant 0.9.4"],"gold_per_floor":[115,135,151,201,212,242,261,261,261,261,261,40,57,57,84,100,100,197,197,211,211,211,271,283,283,283,283,283,283,333,333,352,369,387,420,420,521,671,681,681,693,704,117,117,167,178,228,247,247,17,17,30,30,30,30,30,30,62,62],"floor_reached":60,"playtime":3409,"items_purged":["SwitchConfidence","ReplayTheSpireMod:Doomed","SwitchThreat","Sickly","Normality"],"score":1135,"play_id":"907bae4e-b8a8-43b1-a237-afaea254269d","local_time":"20210101144249","is_ascension_mode":false,"campfire_choices":[{"floor":8.0,"key":"REST"},{"floor":14.0,"key":"REST"},{"floor":17.0,"key":"REST"},{"floor":25.0,"key":"REST"},{"floor":31.0,"key":"REST"},{"floor":36.0,"key":"RECALL"},{"data":"hubris:InfiniteBlow+26","floor":44.0,"key":"SMITH"},{"floor":49.0,"key":"REST"},{"data":"infinitespire:NeuralNetwork","floor":53.0,"key":"SMITH"},{"data":"Adrenaline","floor":56.0,"key":"SMITH"}],"circlet_count":0,"master_deck":["Strike_G","Strike_G","Strike_G","Strike_G","Defend_G","Defend_G","Defend_G","Survivor","Neutralize","Blade Dance","Prepared+1","A Thousand Cuts","Languid","Terror","Malaise","Poisoned Stab+1","hubris:Wrath","Flying Knee+1","Doubt","hubris:TrickCloak","Toxin Wave","Adrenaline+1","Crippling Poison","Ghostly","Ghostly","Ghostly","Ghostly","Ghostly+1","Deadly Poison+1","hubris:InfiniteBlow+53","infinitespire:NeuralNetwork+1","Blade Dance","ReplayTheSpireMod:Doomed","Acrobatics+1","hubris:Compulsion","Phantasmal Killer","ReplayTheSpireMod:Doomed","Catalyst+1","Deadly Poison+1","infinitespire:Collect","Deadly Poison+1","Injury","Calculated Gamble+1"],"relics":["Ring of the Snake","Ring of Greed","Ring of Hypnosis","hubris:MobiusCoin","MealTicket","Bag of Preparation","Replay:Baseball","ReplayTheSpireMod:CursedCoin","Gremlin Food","infinitespire:Eraser","HoveringKite","Medical Kit","Anchor","halation:PromiseList","Red Mask","Kintsugi","halation:Diary","Mercury Hourglass","Pen Nib","halation:LettersToHer","Chemical X","halation:AfternoonTea"],"acts_visited":["Exordium","TheCity","TheBeyond","TheEnding"],"potions_floor_usage":[59,59,59],"damage_taken":[{"damage":2.0,"enemies":"Small Slimes","floor":1.0,"turns":4.0},{"damage":0.0,"enemies":"Jaw Worm","floor":2.0,"turns":5.0},{"damage":0.0,"enemies":"Cultist","floor":3.0,"turns":3.0},{"damage":3.0,"enemies":"Red Slaver","floor":5.0,"turns":4.0},{"damage":40.0,"enemies":"Gremlin Nob","floor":6.0,"turns":6.0},{"damage":6.0,"enemies":"Exordium Thugs","floor":7.0,"turns":3.0},{"damage":19.0,"enemies":"Blue Slaver","floor":13.0,"turns":4.0},{"damage":13.0,"enemies":"Replay:BlueRogue","floor":15.0,"turns":5.0},{"damage":7.0,"enemies":"Lots of Slimes","floor":16.0,"turns":3.0},{"damage":38.0,"enemies":"Slime Boss","floor":18.0,"turns":9.0},{"damage":25.0,"enemies":"Spheric Guardian","floor":20.0,"turns":4.0},{"damage":14.0,"enemies":"Centurion and Healer","floor":21.0,"turns":3.0},{"damage":24.0,"enemies":"Chosen and Byrds","floor":23.0,"turns":7.0},{"damage":2.0,"enemies":"Snecko","floor":24.0,"turns":6.0},{"damage":0.0,"enemies":"Centurion and Healer","floor":32.0,"turns":5.0},{"damage":8.0,"enemies":"3 Cultists","floor":33.0,"turns":6.0},{"damage":0.0,"enemies":"Snecko","floor":34.0,"turns":1.0},{"damage":4.0,"enemies":"Masked Bandits","floor":35.0,"turns":4.0},{"damage":13.0,"enemies":"Automaton","floor":37.0,"turns":6.0},{"damage":1.0,"enemies":"3 Shapes","floor":39.0,"turns":4.0},{"damage":23.0,"enemies":"3 Darklings","floor":41.0,"turns":4.0},{"damage":0.0,"enemies":"Maw","floor":42.0,"turns":2.0},{"damage":1.0,"enemies":"Transient","floor":46.0,"turns":5.0},{"damage":7.0,"enemies":"3 Darklings","floor":48.0,"turns":7.0},{"damage":0.0,"enemies":"Writhing Mass","floor":52.0,"turns":1.0},{"damage":0.0,"enemies":"Replay:Hell Engine","floor":54.0,"turns":1.0},{"damage":4.0,"enemies":"Shield and Spear","floor":58.0,"turns":6.0},{"damage":25,"enemies":"The Heart","floor":59,"turns":6}],"seed_played":"-3099347251749178422","potions_obtained":[{"floor":3.0,"key":"blueLaboratory:SuffocatingSmog"},{"floor":5.0,"key":"LiquidMemories"},{"floor":13.0,"key":"SmokeBomb"},{"floor":15.0,"key":"blueLaboratory:RecallPotion"},{"floor":20.0,"key":"blueLaboratory:NullPotion"},{"floor":32.0,"key":"champ:CounterPotion"},{"floor":33.0,"key":"Languid Potion"},{"floor":42.0,"key":"SkillPotion"},{"floor":46.0,"key":"blueLaboratory:EnvenomedCoating"},{"floor":48.0,"key":"blueLaboratory:EnragingPotion"}],"is_trial":false,"path_per_floor":["M","M","M","?","M","E","M","R","PTL","PTL","T","$","M","R","E","M","R","B",null,"M","M","?","M","M","R","AVR","?","PTL","PTL","T","R","M","M","M","?","R","B",null,"M","?","M","M","$","R","AVR","M","T","M","R","$","?","M","R","B",null,"R","$","E","B",null],"character_chosen":"THE_SILENT","items_purchased":["Replay:Baseball","ReplayTheSpireMod:CursedCoin","Gremlin Food","halation:Diary","Mercury Hourglass","Pen Nib","Chemical X"],"campfire_rested":6,"item_purchase_floors":[12,12,12,43,43,43,50],"current_hp_per_floor":[75,75,75,75,72,32,26,49,49,49,49,64,45,68,55,48,71,33,77,52,38,38,14,12,23,23,20,20,20,20,31,31,23,23,19,19,6,38,37,37,14,14,29,29,29,28,28,21,32,38,38,38,38,38,38,38,38,34,9],"gold":62,"neow_bonus":"TEN_PERCENT_HP_BONUS","is_daily":false,"chose_seed":false,"campfire_upgraded":3,"win_rate":0.0,"timestamp":1609512169,"path_taken":["M","M","M","?","M","E","M","R","PTL","PTL","T","$","M","R","E","M","R","BOSS","M","M","?","M","M","R","AVR","?","PTL","PTL","T","R","M","M","M","?","R","BOSS","M","?","M","?","$","R","AVR","M","T","M","R","?","?","?","R","BOSS","R","$","E","BOSS"],"items_purchased_type":["Relic","Relic","Relic","Relic","Relic","Relic","Relic"],"build_version":"2020-12-22","purchased_purges":5,"victory":true,"max_hp_per_floor":[77,77,77,77,77,77,77,77,77,77,77,77,77,77,77,77,77,77,77,77,77,38,38,38,38,38,38,38,38,38,38,38,38,38,38,38,38,38,38,38,38,38,38,38,38,38,38,38,38,38,38,38,38,38,38,38,38,38,38],"card_choices":[{"not_picked":["Flying Knee","Calculated Gamble"],"picked":"Blade Dance","floor":1.0},{"not_picked":["Slice","Hidden Blade"],"picked":"Prepared","floor":2.0},{"not_picked":["ReplayTheSpireMod:Exploit Weakness","Deflect"],"picked":"A Thousand Cuts","floor":3.0},{"not_picked":["Flying Knee","All Out Attack"],"picked":"Terror","floor":5.0},{"not_picked":["Flying Knee","PiercingWail"],"picked":"Malaise","floor":6.0},{"not_picked":["Acrobatics","Flying Knee"],"picked":"Poisoned Stab","floor":7.0},{"not_picked":["Blur","Backflip"],"picked":"Flying Knee","floor":13.0},{"not_picked":["Finisher","Dodge and Roll"],"picked":"hubris:TrickCloak","floor":15.0},{"not_picked":["Slice","Prepared"],"picked":"Toxin Wave","floor":16.0},{"not_picked":["Corpse Explosion","ReplayTheSpireMod:From All Sides"],"picked":"Adrenaline","floor":18.0},{"not_picked":["Underhanded Strike+1","Backstab"],"picked":"Crippling Poison","floor":20.0},{"not_picked":["Acrobatics","Poisoned Stab"],"picked":"Deadly Poison","floor":23.0},{"not_picked":["PiercingWail+1","hubris:SlightOfHand","Blur"],"picked":"SKIP","floor":24.0},{"not_picked":["PiercingWail+1","Hidden Blade","Escape Plan"],"picked":"SKIP","floor":32.0},{"not_picked":["Fluid Movement","Reflex+1"],"picked":"Blade Dance","floor":33.0},{"not_picked":["hubris:SlightOfHand+1","Quick Slash"],"picked":"Acrobatics+1","floor":34.0},{"not_picked":["Poison Darts","Venomology"],"picked":"Phantasmal Killer","floor":37.0},{"not_picked":["Footwork+1","Infinite Blades+1"],"picked":"Catalyst+1","floor":39.0},{"not_picked":["hubris:SlightOfHand","Deflect"],"picked":"Deadly Poison+1","floor":41.0},{"not_picked":["Prepared+1","Reflex+1","Underhanded Strike"],"picked":"SKIP","floor":42.0},{"not_picked":["Crippling Poison","Prepared"],"picked":"Deadly Poison+1","floor":46.0},{"not_picked":["Poisoned Stab","hubris:SlightOfHand","Prepared+1"],"picked":"SKIP","floor":48.0},{"not_picked":["ReplayTheSpireMod:Tripwire+1","Dagger Spray+1"],"picked":"Calculated Gamble+1","floor":52.0},{"not_picked":["Dagger Spray+1","Expertise+1","Deflect"],"picked":"SKIP","floor":58.0}],"player_experience":107975,"relics_obtained":[{"floor":4.0,"key":"Ring of Greed"},{"floor":4.0,"key":"Ring of Hypnosis"},{"floor":4.0,"key":"hubris:MobiusCoin"},{"floor":4.0,"key":"MealTicket"},{"floor":6.0,"key":"Bag of Preparation"},{"floor":15.0,"key":"infinitespire:Eraser"},{"floor":30.0,"key":"halation:PromiseList"},{"floor":35.0,"key":"Red Mask"},{"floor":47.0,"key":"halation:LettersToHer"},{"floor":58.0,"key":"halation:AfternoonTea"}],"event_choices":[{"damage_healed":0.0,"max_hp_gain":0.0,"max_hp_loss":39.0,"gold_gain":0.0,"event_name":"Ghosts","player_choice":"Became a Ghost","floor":22.0,"gold_loss":0.0,"damage_taken":0.0,"cards_obtained":["Ghostly","Ghostly","Ghostly","Ghostly","Ghostly"]},{"damage_healed":0.0,"max_hp_gain":0.0,"max_hp_loss":0.0,"gold_gain":0.0,"event_name":"blackbeard:ShipwreckEvent","player_choice":"Anchor","floor":27.0,"gold_loss":0.0,"damage_taken":0.0,"relics_obtained":["Anchor"]},{"damage_healed":0.0,"max_hp_gain":0.0,"max_hp_loss":0.0,"gold_gain":0.0,"event_name":"Masked Bandits","player_choice":"Fought Bandits","floor":35.0,"gold_loss":0.0,"damage_taken":0.0},{"damage_healed":0.0,"max_hp_gain":0.0,"max_hp_loss":0.0,"gold_gain":0.0,"event_name":"betterThird:BetterPortal","player_choice":"Ignored","floor":40.0,"gold_loss":0.0,"damage_taken":0.0},{"cards_removed":["Hallucinations"],"damage_healed":0.0,"max_hp_gain":0.0,"max_hp_loss":0.0,"gold_gain":0.0,"event_name":"Purifier","player_choice":"Purged","floor":51.0,"gold_loss":0.0,"damage_taken":0.0}],"is_beta":false,"boss_relics":[{"not_picked":["halation:Yufonium","SacredBark"],"picked":"HoveringKite"},{"not_picked":["Runic Dome","Runic Pyramid"],"picked":"Kintsugi"}],"items_purged_floors":[12,26,43,45,50],"is_endless":false,"potions_floor_spawned":[3,5,13,15,20,21,32,33,42,46,48],"ascension_level":0}}