{"host":"lkyw40t68mxhwfjf","time":1609510071,"event":{"mods":["2.2 Compatiblity","Act Like it!","Arknights The Spire","BaseMod","Hallownest","HololiveMod","Hubris","Koishi","Lobotomy","Marisa¡]Ãú«B¡@Å]²z¨F¡^","Minty Spire (QoL Compilation)","Prisma Mod","Reimu¡]³Õ???¡^","Remilia¡]Á¢¦Ì²ú?¡^","Replay The Spire","RumiaBox-ÅS¦Ì?ªº¯«¯µ²°¤l","StSLib","The Animator","The Servant 0.9.4","TheSwordswoman","WarShipGirlsR/??¤Ö¤kR mod","Youmu¡]»î¾z§¯?¡^","Yuyuko"],"gold_per_floor":[115,172,191,261,278,278,313,313,386,386,486,501,512,542,542,542,542],"floor_reached":16,"playtime":448,"items_purged":[],"score":110,"play_id":"02080545-b3b7-4b48-85cf-ede0224fda0d","local_time":"20210101220751","is_ascension_mode":false,"campfire_choices":[{"data":"ats:Overload","floor":6,"key":"SMITH"},{"data":"ats:Healing Strengthening","floor":10,"key":"SMITH"},{"floor":15,"key":"REST"}],"circlet_count":0,"master_deck":["ats:Strike C","ats:Strike G","ats:Strike S","ats:Strike V","ats:Armor Crushing Shot","ats:Defend","ats:Defend","ats:Defend","ats:Defend","ats:Emotion Absorption+1","ats:Hammer On+1","ats:Overload+1","ats:Apocalypse","ats:Healing Strengthening+1","ats:Flexible Camouflage","ats:Explosion Area Strengthen","ats:Defend Order"],"relics":["ats:Sanity","ats:Originium","hubris:TinFlute","InkBottle","Turnip"],"acts_visited":["Exordium"],"potions_floor_usage":[14],"damage_taken":[{"damage":6,"enemies":"Cultist","floor":1,"turns":4},{"damage":7,"enemies":"Jaw Worm","floor":3,"turns":5},{"damage":2,"enemies":"Small Slimes","floor":5,"turns":3},{"damage":28,"enemies":"Gremlin Nob","floor":7,"turns":4},{"damage":0,"enemies":"Looter","floor":12,"turns":2},{"damage":1,"enemies":"Exordium Thugs","floor":13,"turns":3},{"damage":35,"enemies":"Lagavulin","floor":14,"turns":5},{"damage":45,"enemies":"Slime Boss","floor":16,"turns":13}],"seed_played":"-1666726756029403778","potions_obtained":[{"floor":7,"key":"Explosive Potion"}],"is_trial":false,"path_per_floor":["M","?","M","T","M","R","E","?","T","R","?","M","M","E","R","B"],"character_chosen":"DOCTOR_CLASS","items_purchased":[],"campfire_rested":1,"item_purchase_floors":[],"current_hp_per_floor":[66,66,59,59,57,57,29,29,29,29,29,29,32,3,24,0,0],"gold":542,"neow_bonus":"UPGRADE_CARD","is_daily":false,"chose_seed":false,"campfire_upgraded":2,"win_rate":0.0,"timestamp":1609510071,"path_taken":["M","?","M","?","M","R","E","?","T","R","?","?","M","E","R","BOSS"],"items_purchased_type":[],"build_version":"2020-12-22","purchased_purges":0,"victory":false,"max_hp_per_floor":[72,72,72,72,72,72,72,72,72,72,72,72,72,72,72,72,72],"card_choices":[{"not_picked":["ats:Apocalypse","ats:Support Order"],"picked":"ats:Hammer On","floor":1},{"not_picked":["ats:Ignite","ats:Soul Absorption"],"picked":"ats:Overload","floor":3},{"not_picked":["ats:Poison Spread","ats:Childhood Dance"],"picked":"ats:Apocalypse","floor":5},{"not_picked":["ats:Thermite Blade","ats:Sunburst"],"picked":"ats:Healing Strengthening","floor":7},{"not_picked":["ats:Ignite","ats:Hammer On"],"picked":"ats:Flexible Camouflage","floor":12},{"not_picked":["ats:Leaping Hammer","ats:Curse Doll"],"picked":"ats:Explosion Area Strengthen","floor":13},{"not_picked":["ats:Demon Strength","ats:Childhood Dance"],"picked":"ats:Defend Order","floor":14}],"player_experience":393852,"relics_obtained":[{"floor":7,"key":"ats:Originium"},{"floor":7,"key":"hubris:TinFlute"},{"floor":9,"key":"InkBottle"},{"floor":14,"key":"ats:Originium"},{"floor":14,"key":"Turnip"}],"event_choices":[{"damage_healed":0,"gold_gain":57,"player_choice":"Gained Gold","damage_taken":0,"max_hp_gain":0,"max_hp_loss":0,"event_name":"Golden Wing","floor":2,"gold_loss":0},{"damage_healed":0,"gold_gain":100,"player_choice":"Pray","damage_taken":0,"max_hp_gain":0,"max_hp_loss":0,"event_name":"Golden Shrine","floor":11,"gold_loss":0}],"is_beta":false,"boss_relics":[],"items_purged_floors":[],"is_endless":false,"potions_floor_spawned":[7],"killed_by":"Slime Boss","ascension_level":0}}