{"host":"wbqphhziwa9rtntc","time":1609501075,"event":{"mods":["AchievementEnabler","Aspiration","BaseMod","Better Altar","Better Match","Better Note","Better Sensory Stone","Better Skull","Better Third Choice","BetterRewards","Clawfect","Colored Map","Conspire","Custom Start","Downfall","GifTheSpireLib","Gremlin Mod","Halation","Hermit","Highlight Path","Hubris","Infinite Spire","Mimic Mod","Minty Spire (QoL Compilation)","Permanent Neow","Replay The Spire","Shade Mod","Shop Mod","Spicy Shops","StSLib","Stuff the Spire","The Jungle","The Problem Sleuth","The Wild Card"],"gold_per_floor":[99,119,138,151,151,164,164,27,55,74,2,2,36,63,94,207,219,231,259,291,303,326,297,320,338,368,368,143,161,161,173,187,187,187,187],"floor_reached":33,"playtime":2606,"items_purged":[],"score":323,"play_id":"81ed8c00-d634-4c60-a569-4e5c0615e2e0","local_time":"20210101033755","is_ascension_mode":false,"campfire_choices":[{"data":"Slimebound:Split","floor":1.0,"key":"SMITH"},{"data":"Slimebound:FirmFortitude","floor":12.0,"key":"SMITH"},{"floor":18.0,"key":"RECALL"},{"floor":28,"key":"REST"},{"data":"Slimebound:AcidTongue","floor":30,"key":"SMITH"}],"circlet_count":0,"master_deck":["Slimebound:Strike_Slimebound","Slimebound:Strike_Slimebound","Slimebound:Strike_Slimebound","Slimebound:Tackle","Slimebound:Defend_Slimebound","Slimebound:Defend_Slimebound","Slimebound:Defend_Slimebound","Slimebound:Defend_Slimebound","Slimebound:Split+1","Slimebound:CorrosiveSpit","Slimebound:LeechingTouch","Slimebound:RollThrough","Slimebound:ComboTackle","Slimebound:LivingWall","Slimebound:FinishingTackle","Slimebound:SplitMire","Slimebound:PressTheAttack","Slimebound:MegaLick","Slimebound:LeechEnergy","Slimebound:FirmFortitude+1","Slimebound:LeadByExample","Slimebound:LeadByExample","Slimebound:OozeBath","Slimebound:Repurpose","Slimebound:ViciousTackle","Slimebound:LeechLife","Slimebound:Replication","Slimebound:AcidTongue+1","infinitespire:Punishment","Slimebound:Prepare","Slimebound:RainOfGoop","Slimebound:RejuvenatingLick","Slimebound:RejuvenatingLick","Slimebound:SpikyOuterGoop","Slimebound:HauntingLick","Slimebound:ViciousTackle","Slimebound:AcidTongue+1","Slimebound:Schlurp","Transmutation","Slimebound:PressTheAttack+1","Slimebound:Grow+1","Slimebound:SamplingLick"],"relics":["Slimebound:AbsorbEndCombat","halation:PinkSoulGem","halation:TwoAmDonut","Kunai","Replay:Fungal Core","MerchantsRug","Sundial","downfall:HeartBlessingRed","downfall:HeartBlessingBlue","downfall:HeartBlessingGreen"],"acts_visited":["Exordium","TheCity"],"potions_floor_usage":[19,23,23,26,26,26,32],"damage_taken":[{"damage":16.0,"enemies":"Small Slimes","floor":2.0,"turns":3.0},{"damage":15.0,"enemies":"Jaw Worm","floor":3.0,"turns":3.0},{"damage":14.0,"enemies":"2 Louse","floor":4.0,"turns":2.0},{"damage":15.0,"enemies":"Gremlin Gang","floor":6.0,"turns":5.0},{"damage":13.0,"enemies":"downfall:FleeingMerchant","floor":8.0,"turns":4.0},{"damage":28.0,"enemies":"conspire:MimicChest","floor":9.0,"turns":5.0},{"damage":16.0,"enemies":"Lots of Slimes","floor":10.0,"turns":3.0},{"damage":17.0,"enemies":"downfall:FleeingMerchant","floor":11.0,"turns":4.0},{"damage":12.0,"enemies":"Lagavulin","floor":13.0,"turns":5.0},{"damage":20.0,"enemies":"Exordium Thugs","floor":14.0,"turns":4.0},{"damage":11.0,"enemies":"2 Fungi Beasts","floor":15.0,"turns":3.0},{"damage":69.0,"enemies":"downfall:Defect","floor":16.0,"turns":8.0},{"damage":3,"enemies":"Spheric Guardian","floor":19,"turns":4},{"damage":37,"enemies":"Centurion and Healer","floor":20,"turns":7},{"damage":18,"enemies":"Snecko","floor":22,"turns":4},{"damage":17,"enemies":"downfall:FleeingMerchant","floor":23,"turns":4},{"damage":17,"enemies":"Sentry and Sphere","floor":25,"turns":3},{"damage":69,"enemies":"Slavers","floor":26,"turns":7},{"damage":22,"enemies":"Centurion and Healer","floor":29,"turns":6},{"damage":38,"enemies":"Snake Plant","floor":31,"turns":5},{"damage":19,"enemies":"Snecko","floor":32,"turns":4},{"damage":20,"enemies":"downfall:Silent","floor":33,"turns":2}],"seed_played":"-4786871138590964286","potions_obtained":[{"floor":0.0,"key":"ColorlessPotion"},{"floor":0.0,"key":"Languid Potion"},{"floor":0.0,"key":"Slimebound:SlimyTonguePotion"},{"floor":6.0,"key":"Dexterity Potion"},{"floor":9.0,"key":"Guardian:BlockOnCardUsePotion"},{"floor":13.0,"key":"Swift Potion"},{"floor":15.0,"key":"DuplicationPotion"},{"floor":16.0,"key":"Explosive Potion"},{"floor":22,"key":"ColorlessPotion"},{"floor":25,"key":"SpeedPotion"},{"floor":31,"key":"DistilledChaos"}],"is_trial":false,"path_per_floor":["R","M","M","M","?","M","T","$","?","M","$","R","E","M","M","B",null,"R","M","M","AVR","M","$","T","M","E","?","R","M","R","M","M","B"],"character_chosen":"SLIMEBOUND","items_purchased":["Slimebound:SplitMire","Slimebound:PressTheAttack","Slimebound:LeadByExample","Slimebound:RejuvenatingLick","Slimebound:SpikyOuterGoop","Slimebound:HauntingLick","Slimebound:ViciousTackle","MerchantsRug"],"campfire_rested":1,"item_purchase_floors":[8,8,11,23,23,23,23,23],"current_hp_per_floor":[60,59,60,58,58,60,60,60,52,52,60,60,60,59,60,26,60,60,60,60,60,59,60,60,51,6,6,37,43,43,15,14,0,0,0],"gold":187,"neow_bonus":"THREE_SMALL_POTIONS","is_daily":false,"chose_seed":false,"campfire_upgraded":3,"win_rate":0.0,"timestamp":1609501075,"path_taken":["R","M","M","M","?","M","T","$","?","M","$","R","E","M","M","BOSS","R","M","M","AVR","M","$","T","M","E","?","R","M","R","?","M","BOSS"],"items_purchased_type":["Card","Card","Card","Card","Card","Card","Card","Relic"],"build_version":"2020-12-22","purchased_purges":0,"victory":false,"max_hp_per_floor":[60,60,60,60,60,60,60,60,60,60,60,60,60,60,60,60,60,60,60,60,60,60,60,60,60,60,60,70,70,70,70,70,70,70,70],"card_choices":[{"not_picked":["Slimebound:ViciousTackle","Slimebound:GoopSpray"],"picked":"Slimebound:LeechingTouch","floor":2.0},{"not_picked":["Slimebound:Schlurp","Slimebound:FlameTackle"],"picked":"Slimebound:RollThrough","floor":3.0},{"not_picked":["Slimebound:Gluttony","Slimebound:RollThrough"],"picked":"Slimebound:ComboTackle","floor":4.0},{"not_picked":["Slimebound:SplitBruiser","Slimebound:Dissolve"],"picked":"Slimebound:LivingWall","floor":6.0},{"not_picked":["Slimebound:ProtectTheBoss","Slimebound:ComboTackle"],"picked":"Slimebound:FinishingTackle","floor":8.0},{"not_picked":["Slimebound:OneTwoCombo","Slimebound:LivingWall"],"picked":"Slimebound:MegaLick","floor":9.0},{"not_picked":["Slimebound:GrowthPunch","Slimebound:SplitLeeching"],"picked":"Slimebound:LeechEnergy","floor":10.0},{"not_picked":["Slimebound:Equalize","Slimebound:SpikyOuterGoop"],"picked":"Slimebound:FirmFortitude","floor":11.0},{"not_picked":["Slimebound:HauntingLick","Slimebound:Equalize"],"picked":"Slimebound:OozeBath","floor":13.0},{"not_picked":["Slimebound:Schlurp","Slimebound:SlimeSpikes"],"picked":"Slimebound:Repurpose","floor":14.0},{"not_picked":["Slimebound:Chomp","Slimebound:Equalize"],"picked":"Slimebound:ViciousTackle","floor":15.0},{"not_picked":["Slimebound:PrepareCrush","Slimebound:MassRepurpose"],"picked":"Slimebound:LeechLife","floor":16.0},{"not_picked":["Slimebound:Repurpose+1","Slimebound:RollThrough"],"picked":"Slimebound:Replication","floor":19},{"not_picked":["Slimebound:ViciousTackle","Slimebound:SplitMire"],"picked":"Slimebound:AcidTongue+1","floor":20},{"not_picked":["Slimebound:LeechingTouch","Slimebound:SlimeTap"],"picked":"Slimebound:Prepare","floor":22},{"not_picked":["Slimebound:SplitAcid","Slimebound:SplitLeeching+1"],"picked":"Slimebound:RainOfGoop","floor":23},{"not_picked":["Slimebound:FlameTackle+1","Slimebound:SlimeTap"],"picked":"Slimebound:AcidTongue","floor":25},{"not_picked":["Slimebound:SplitLeeching","Slimebound:SplitBruiser"],"picked":"Slimebound:Schlurp","floor":26},{"not_picked":["Slimebound:RollThrough","Slimebound:SlimeBrawl"],"picked":"Slimebound:PressTheAttack+1","floor":29},{"not_picked":["Slimebound:GoopSpray+1","Slimebound:TongueLash"],"picked":"Slimebound:Grow+1","floor":31},{"not_picked":["Slimebound:PressTheAttack","Slimebound:FinishingTackle"],"picked":"Slimebound:SamplingLick","floor":32}],"player_experience":106064,"relics_obtained":[{"floor":7.0,"key":"halation:TwoAmDonut"},{"floor":9.0,"key":"Kunai"},{"floor":13.0,"key":"MawBank"},{"floor":26,"key":"Sundial"}],"event_choices":[{"cards_removed":["infinitespire:Punishment"],"damage_healed":0,"gold_gain":0,"player_choice":"Take \u0026 Give","damage_taken":0,"max_hp_gain":0,"max_hp_loss":0,"event_name":"betterNote:BetterNote","floor":27,"gold_loss":0,"cards_obtained":["Transmutation"]}],"is_beta":false,"boss_relics":[{"not_picked":["StuffTheSpire:RunicConfusion","halation:PlatinumPhoenix"],"picked":"Replay:Fungal Core"}],"items_purged_floors":[],"is_endless":false,"potions_floor_spawned":[6,9,13,15,16,22,25,31],"killed_by":"downfall:Silent","ascension_level":0}}