{"host":"ya062ahhhuj9au1o","time":1609514187,"event":{"mods":["BaseMod","Better Third Choice","Downfall","Filter the Spire","Hermit","Minty Spire (QoL Compilation)","Random Character Button","Robot Space Explorer","Somnambulant","StSLib","The Bug Knight","The Cursed","The Marked","The Servant 0.9.4"],"gold_per_floor":[113,38,3,3,20,20,48,62,89,89,89,164,177,196,196,273,273,291,291,306,306,326,326,345,345,372,372,382,204,204,214,214,288,288,306,316,363,379,379,379,379,379,405,405,405,199,209,220,220,220,220,220],"floor_reached":51,"playtime":3286,"items_purged":["RobotSpaceExplorer:Defend","RobotSpaceExplorer:SlimeMissile","RobotSpaceExplorer:Discharger"],"score":1344,"play_id":"c8b65176-df23-4efa-a5d3-791e83f89127","local_time":"20210101101627","daily_mods":["Heirloom"],"is_ascension_mode":true,"campfire_choices":[{"data":"RobotSpaceExplorer:ScrapToss","floor":6.0,"key":"SMITH"},{"data":"RobotSpaceExplorer:PowerGlove","floor":11.0,"key":"SMITH"},{"data":"RobotSpaceExplorer:Scan","floor":15.0,"key":"SMITH"},{"floor":23.0,"key":"REST"},{"data":"RobotSpaceExplorer:ShockMissile","floor":25.0,"key":"SMITH"},{"data":"RobotSpaceExplorer:MiniDrones","floor":30.0,"key":"SMITH"},{"floor":32.0,"key":"REST"},{"data":"RobotSpaceExplorer:MiniDrones","floor":40.0,"key":"SMITH"},{"data":"RobotSpaceExplorer:DroneSwarm","floor":41.0,"key":"SMITH"},{"data":"RobotSpaceExplorer:ScrapToss","floor":44,"key":"SMITH"},{"floor":49,"key":"REST"}],"circlet_count":0,"master_deck":["AscendersBane","RobotSpaceExplorer:Scan+1","RobotSpaceExplorer:MiniLasers+1","RobotSpaceExplorer:ScrapToss+1","RobotSpaceExplorer:PowerGlove+1","RobotSpaceExplorer:GlueShot","RobotSpaceExplorer:ShockMissile+1","RobotSpaceExplorer:MiniDrones+1","RobotSpaceExplorer:MetalStrike","RobotSpaceExplorer:Probe","RobotSpaceExplorer:GlueShot","RobotSpaceExplorer:ScrapToss+1","RobotSpaceExplorer:ScrapToss","RobotSpaceExplorer:MiniDrones+1","RobotSpaceExplorer:Probe","RobotSpaceExplorer:Probe","RobotSpaceExplorer:MiniBoosters"],"relics":["Unceasing Top","champ:DuelingGlove","Blood Vial","Akabeko","Pandora\u0027s Box","Nilry\u0027s Codex","Omamori","expansioncontent:StudyCardRelic","WingedGreaves","Bag of Marbles"],"acts_visited":["Exordium","TheCity","TheBeyond"],"potions_floor_usage":[50,50],"damage_taken":[{"damage":5.0,"enemies":"Small Slimes","floor":1.0,"turns":3.0},{"damage":1.0,"enemies":"Cultist","floor":5.0,"turns":3.0},{"damage":31.0,"enemies":"Gremlin Nob","floor":7.0,"turns":4.0},{"damage":0.0,"enemies":"Jaw Worm","floor":8.0,"turns":3.0},{"damage":0.0,"enemies":"Looter","floor":13.0,"turns":2.0},{"damage":1.0,"enemies":"2 Fungi Beasts","floor":14.0,"turns":3.0},{"damage":35.0,"enemies":"Hexaghost","floor":16.0,"turns":9.0},{"damage":0.0,"enemies":"Chosen","floor":18.0,"turns":3.0},{"damage":0.0,"enemies":"Shell Parasite","floor":20.0,"turns":2.0},{"damage":1.0,"enemies":"3 Cultists","floor":22.0,"turns":3.0},{"damage":15.0,"enemies":"Shelled Parasite and Fungi","floor":24.0,"turns":4.0},{"damage":18.0,"enemies":"Sentry and Sphere","floor":28.0,"turns":4.0},{"damage":1.0,"enemies":"Centurion and Healer","floor":31.0,"turns":3.0},{"damage":8.0,"enemies":"Collector","floor":33.0,"turns":5.0},{"damage":0.0,"enemies":"Orb Walker","floor":35.0,"turns":3.0},{"damage":0.0,"enemies":"3 Darklings","floor":36.0,"turns":3.0},{"damage":23.0,"enemies":"2 Orb Walkers","floor":37.0,"turns":3.0},{"damage":0.0,"enemies":"Maw","floor":38.0,"turns":4.0},{"damage":0,"enemies":"Jaw Worm Horde","floor":47,"turns":2},{"damage":0,"enemies":"Transient","floor":48,"turns":5},{"damage":0,"enemies":"Awakened One","floor":50,"turns":5},{"damage":74,"enemies":"Time Eater","floor":51,"turns":7}],"seed_played":"-1588686253223008144","potions_obtained":[{"floor":7.0,"key":"FearPotion"},{"floor":13.0,"key":"Block Potion"},{"floor":18.0,"key":"Fire Potion"},{"floor":20.0,"key":"SteroidPotion"},{"floor":28.0,"key":"DistilledChaos"},{"floor":33.0,"key":"FearPotion"},{"floor":36.0,"key":"BlessingOfTheForge"}],"is_trial":true,"path_per_floor":["M","$","?","?","M","R","E","M","T","?","R","?","M","M","R","B",null,"M","?","M","?","M","R","M","R","T","?","M","$","R","M","R","B",null,"M","M","?","M","?","R","R","?","T","R","?","$","M","M","R","B","B"],"character_chosen":"RobotSpaceExplorer","items_purchased":["RobotSpaceExplorer:ScrapToss","RobotSpaceExplorer:MiniBoosters"],"campfire_rested":3,"item_purchase_floors":[29,46],"current_hp_per_floor":[59,59,71,71,70,70,39,41,41,64,64,53,55,56,56,23,59,61,40,42,22,23,45,32,32,32,32,16,16,16,17,39,33,65,67,69,48,50,50,50,50,50,50,50,50,50,52,54,72,72,0,0],"gold":220,"neow_bonus":"","is_daily":false,"chose_seed":false,"campfire_upgraded":8,"win_rate":0.0,"timestamp":1609514187,"path_taken":["M","$","?","?","?","R","E","M","T","?","R","?","M","M","R","BOSS","M","?","M","?","M","R","M","R","T","?","M","$","R","?","R","BOSS","M","M","?","M","?","R","R","?","T","R","?","$","M","?","R","BOSS","BOSS"],"items_purchased_type":["Card","Card"],"build_version":"2020-12-22","purchased_purges":3,"victory":false,"max_hp_per_floor":[71,71,71,71,71,71,71,71,71,71,71,71,71,71,71,71,71,71,71,71,76,76,76,76,76,76,76,76,76,76,76,76,76,76,76,76,76,76,72,72,72,72,72,72,72,72,72,72,72,72,72,72],"card_choices":[{"not_picked":["RobotSpaceExplorer:Reload","RobotSpaceExplorer:SlimeMissile","RobotSpaceExplorer:ToxicBomb"],"picked":"SKIP","floor":1.0},{"not_picked":["RobotSpaceExplorer:SurgingShield","RobotSpaceExplorer:SurgingStrike"],"picked":"RobotSpaceExplorer:ScrapToss","floor":5.0},{"not_picked":["RobotSpaceExplorer:Counterblock","RobotSpaceExplorer:ShockKick"],"picked":"RobotSpaceExplorer:PowerGlove","floor":7.0},{"not_picked":["RobotSpaceExplorer:SlimeMissile","RobotSpaceExplorer:SurgingShield","RobotSpaceExplorer:Autoloader"],"picked":"SKIP","floor":8.0},{"not_picked":["RobotSpaceExplorer:ShovelStrike","RobotSpaceExplorer:ShockKick"],"picked":"RobotSpaceExplorer:GlueShot","floor":13.0},{"not_picked":["RobotSpaceExplorer:SurgingStrike","RobotSpaceExplorer:FrostMissile","RobotSpaceExplorer:StunGrenade"],"picked":"SKIP","floor":14.0},{"not_picked":["RobotSpaceExplorer:Asteroid","RobotSpaceExplorer:Exploration"],"picked":"RobotSpaceExplorer:ShockMissile","floor":16.0},{"not_picked":["RobotSpaceExplorer:SurgingShield","RobotSpaceExplorer:DoubleFind+1"],"picked":"RobotSpaceExplorer:Probe","floor":18.0},{"not_picked":["RobotSpaceExplorer:Electroshield","RobotSpaceExplorer:ShovelStrike+1","RobotSpaceExplorer:Pulsar"],"picked":"SKIP","floor":20.0},{"not_picked":["RobotSpaceExplorer:Blitz","RobotSpaceExplorer:PowerCollector"],"picked":"RobotSpaceExplorer:GlueShot","floor":22.0},{"not_picked":["RobotSpaceExplorer:Probe","RobotSpaceExplorer:ImprovisedAttack+1"],"picked":"RobotSpaceExplorer:ScrapToss","floor":24.0},{"not_picked":["RobotSpaceExplorer:SurgingStrike","RobotSpaceExplorer:BigMissile","RobotSpaceExplorer:FrostMissile"],"picked":"SKIP","floor":28.0},{"not_picked":["RobotSpaceExplorer:ShovelStrike","RobotSpaceExplorer:Accelerator","RobotSpaceExplorer:IronShell"],"picked":"SKIP","floor":31.0},{"not_picked":["RobotSpaceExplorer:DualCore","RobotSpaceExplorer:Pulsar"],"picked":"RobotSpaceExplorer:MiniDrones","floor":35.0},{"not_picked":["RobotSpaceExplorer:Pulsar","RobotSpaceExplorer:MakeshiftVolley+1"],"picked":"RobotSpaceExplorer:Probe","floor":36.0},{"not_picked":["RobotSpaceExplorer:GlueShot","RobotSpaceExplorer:SurgingStrike"],"picked":"RobotSpaceExplorer:Probe","floor":37.0},{"not_picked":["RobotSpaceExplorer:StunGrenade+1","RobotSpaceExplorer:Fix","RobotSpaceExplorer:SwiftStep"],"picked":"SKIP","floor":38.0},{"not_picked":["RobotSpaceExplorer:Pulsar+1","RobotSpaceExplorer:Ammunition","RobotSpaceExplorer:Electropulse+1"],"picked":"SKIP","floor":47},{"not_picked":["RobotSpaceExplorer:Multitool","RobotSpaceExplorer:SwiftStep","RobotSpaceExplorer:ImprovisedAttack+1"],"picked":"SKIP","floor":48}],"player_experience":1747902,"relics_obtained":[{"floor":7.0,"key":"Blood Vial"},{"floor":9.0,"key":"Akabeko"},{"floor":19.0,"key":"Nilry\u0027s Codex"},{"floor":26.0,"key":"Omamori"},{"floor":37.0,"key":"WingedGreaves"},{"floor":43.0,"key":"Bag of Marbles"}],"event_choices":[{"damage_healed":17.0,"max_hp_gain":0.0,"max_hp_loss":0.0,"gold_gain":0.0,"event_name":"The Cleric","player_choice":"Healed","floor":3.0,"gold_loss":35.0,"damage_taken":0.0},{"damage_healed":0.0,"max_hp_gain":0.0,"max_hp_loss":0.0,"gold_gain":0.0,"event_name":"Upgrade Shrine","player_choice":"Upgraded","floor":4.0,"gold_loss":0.0,"damage_taken":0.0,"cards_upgraded":["RobotSpaceExplorer:MiniLasers"]},{"damage_healed":23.0,"max_hp_gain":0.0,"max_hp_loss":0.0,"gold_gain":0.0,"event_name":"Big Fish","player_choice":"Banana","floor":10.0,"gold_loss":0.0,"damage_taken":0.0},{"damage_healed":0.0,"max_hp_gain":0.0,"max_hp_loss":0.0,"gold_gain":75.0,"event_name":"betterThird:BetterGoop","player_choice":"Gold","floor":12.0,"gold_loss":0.0,"damage_taken":11.0},{"damage_healed":0.0,"max_hp_gain":0.0,"max_hp_loss":0.0,"gold_gain":0.0,"event_name":"Cursed Tome","player_choice":"Obtained Book","floor":19.0,"gold_loss":0.0,"damage_taken":21.0},{"damage_healed":0.0,"max_hp_gain":5.0,"max_hp_loss":0.0,"gold_gain":0.0,"event_name":"Forgotten Altar","player_choice":"Shed Blood","floor":21.0,"gold_loss":0.0,"damage_taken":25.0},{"damage_healed":0.0,"max_hp_gain":0.0,"max_hp_loss":0.0,"gold_gain":0.0,"event_name":"Match and Keep!","player_choice":"0 cards matched","floor":27.0,"gold_loss":0.0,"damage_taken":0.0,"cards_obtained":[]},{"damage_healed":0.0,"max_hp_gain":0.0,"max_hp_loss":0.0,"gold_gain":0.0,"event_name":"Mysterious Sphere","player_choice":"Fight","floor":37.0,"gold_loss":0.0,"damage_taken":0.0},{"damage_healed":0.0,"max_hp_gain":0.0,"max_hp_loss":4.0,"gold_gain":0.0,"event_name":"Winding Halls","player_choice":"Max HP","floor":39.0,"gold_loss":0.0,"damage_taken":0.0},{"cards_removed":["RobotSpaceExplorer:DroneSwarm"],"damage_healed":0.0,"max_hp_gain":0.0,"max_hp_loss":0.0,"gold_gain":0.0,"event_name":"Falling","player_choice":"Removed Power","floor":42.0,"gold_loss":0.0,"damage_taken":0.0},{"damage_healed":0,"gold_gain":0,"player_choice":"0 cards matched","damage_taken":0,"max_hp_gain":0,"max_hp_loss":0,"event_name":"Match and Keep!","floor":45,"gold_loss":0,"cards_obtained":[]}],"is_beta":false,"boss_relics":[{"not_picked":["Tiny House","Cursed Key"],"picked":"Pandora\u0027s Box"},{"not_picked":["Astrolabe","SacredBark"],"picked":"expansioncontent:StudyCardRelic"}],"items_purged_floors":[2,29,46],"is_endless":false,"potions_floor_spawned":[7,13,14,18,20,28,33,36,37],"killed_by":"Time Eater","ascension_level":20}}