{"host":"foq4mrde4mssg7vt","time":1609518044,"event":{"mods":["AchievementEnabler","BaseMod","Colored Map","Colored Powertips","Highlight Path","Minty Spire (QoL Compilation)","Relic Stats","everything is the same but u backflip on backflip"],"gold_per_floor":[118,2,2,22,32,32,66,66,66,97,109,109,121,146,146,223,223,242,242,3,71,71,98,108,108,134,164,164,179,206,306,306,378,378,396,396,396,202,220,247,264,297,297,309,309,343,382,425,437,449,461,473,116,143,143],"floor_reached":56,"playtime":3565,"items_purged":["Pain","Strike_B","Zap"],"score":2490,"play_id":"a8d1cbc5-2a60-48b3-8ca1-c43613a4d967","local_time":"20210102002044","is_ascension_mode":true,"campfire_choices":[{"data":"Chill","floor":6.0,"key":"SMITH"},{"data":"Hyperbeam","floor":8.0,"key":"SMITH"},{"data":"Recycle","floor":12.0,"key":"SMITH"},{"floor":15.0,"key":"REST"},{"data":"Reprogram","floor":25.0,"key":"SMITH"},{"data":"Stack","floor":28.0,"key":"SMITH"},{"data":"Barrage","floor":32.0,"key":"SMITH"},{"floor":45.0,"key":"RECALL"},{"data":"BootSequence","floor":49.0,"key":"SMITH"},{"data":"Reinforced Body","floor":52.0,"key":"SMITH"}],"circlet_count":0,"master_deck":["AscendersBane","Strike_B","Strike_B","Defend_B","Defend_B","Defend_B","Defend_B","Dualcast","Barrage+1","Chill+1","Gash","BootSequence+1","Gash+1","Sweeping Beam","Hyperbeam+1","Recycle+1","Compile Driver","Rebound+1","Echo Form","Multi-Cast","Reprogram+1","Flash of Steel","Leap","Stack+1","Conserve Battery+1","Meteor Strike","Force Field","Reinforced Body+1","Hologram"],"relics":["Inserter","Mango","HornCleat","TungstenRod","Whetstone","Coffee Dripper","WarpedTongs","Membership Card","Cables","Bronze Scales","Smiling Mask","Pear","Du-Vu Doll","WingedGreaves","Ornamental Fan","Snecko Eye","Centennial Puzzle","Incense Burner","FossilizedHelix","Omamori","MawBank","Toy Ornithopter","MealTicket","Happy Flower","TheAbacus","InkBottle","DataDisk"],"acts_visited":["Exordium","TheCity","TheBeyond","TheEnding"],"potions_floor_usage":[55],"damage_taken":[{"damage":13.0,"enemies":"Cultist","floor":1.0,"turns":6.0},{"damage":0.0,"enemies":"Jaw Worm","floor":4.0,"turns":4.0},{"damage":16.0,"enemies":"Small Slimes","floor":5.0,"turns":5.0},{"damage":20.0,"enemies":"Lagavulin","floor":7.0,"turns":7.0},{"damage":0.0,"enemies":"3 Sentries","floor":10.0,"turns":3.0},{"damage":0.0,"enemies":"Exordium Thugs","floor":11.0,"turns":2.0},{"damage":8.0,"enemies":"Large Slime","floor":13.0,"turns":7.0},{"damage":10.0,"enemies":"Lagavulin","floor":14.0,"turns":5.0},{"damage":17.0,"enemies":"Slime Boss","floor":16.0,"turns":8.0},{"damage":5.0,"enemies":"2 Thieves","floor":18.0,"turns":4.0},{"damage":11.0,"enemies":"Slavers","floor":23.0,"turns":4.0},{"damage":0.0,"enemies":"Shell Parasite","floor":24.0,"turns":3.0},{"damage":26.0,"enemies":"Gremlin Leader","floor":27.0,"turns":6.0},{"damage":7.0,"enemies":"Shelled Parasite and Fungi","floor":29.0,"turns":4.0},{"damage":6.0,"enemies":"Book of Stabbing","floor":30.0,"turns":4.0},{"damage":3.0,"enemies":"Colosseum Slavers","floor":31.0,"turns":5.0},{"damage":2.0,"enemies":"Colosseum Nobs","floor":31.0,"turns":3.0},{"damage":11.0,"enemies":"Automaton","floor":33.0,"turns":10.0},{"damage":0.0,"enemies":"3 Shapes","floor":35.0,"turns":4.0},{"damage":0.0,"enemies":"3 Darklings","floor":39.0,"turns":3.0},{"damage":0.0,"enemies":"Reptomancer","floor":40.0,"turns":4.0},{"damage":0.0,"enemies":"Sphere and 2 Shapes","floor":41.0,"turns":4.0},{"damage":0.0,"enemies":"Giant Head","floor":42.0,"turns":7.0},{"damage":0.0,"enemies":"Jaw Worm Horde","floor":44.0,"turns":4.0},{"damage":0.0,"enemies":"Nemesis","floor":46.0,"turns":5.0},{"damage":0.0,"enemies":"Giant Head","floor":47.0,"turns":7.0},{"damage":0.0,"enemies":"Reptomancer","floor":48.0,"turns":5.0},{"damage":0.0,"enemies":"Time Eater","floor":50.0,"turns":13.0},{"damage":3,"enemies":"Shield and Spear","floor":54,"turns":11},{"damage":34,"enemies":"The Heart","floor":55,"turns":12}],"seed_played":"61098094301023802","potions_obtained":[{"floor":4.0,"key":"Fire Potion"},{"floor":5.0,"key":"EssenceOfDarkness"},{"floor":7.0,"key":"Weak Potion"},{"floor":13.0,"key":"PowerPotion"},{"floor":24.0,"key":"Strength Potion"},{"floor":29.0,"key":"Strength Potion"},{"floor":31.0,"key":"DuplicationPotion"},{"floor":33.0,"key":"AttackPotion"},{"floor":35.0,"key":"Energy Potion"},{"floor":41.0,"key":"LiquidBronze"},{"floor":47.0,"key":"Ancient Potion"}],"is_trial":false,"path_per_floor":["M","$","?","M","M","R","E","R","T","E","M","R","M","E","R","B",null,"M","?","$","T","?","E","M","R","T","E","R","M","E","?","R","B",null,"M","?","T","$","M","E","M","E","T","M","R","E","E","E","R","B",null,"R","$","E","B",null],"character_chosen":"DEFECT","items_purchased":["Chill","Gash","Membership Card","Flash of Steel","Incense Burner","Hologram","Happy Flower","TheAbacus","Energy Potion","InkBottle"],"campfire_rested":1,"item_purchase_floors":[2,2,20,20,38,53,53,53,53,53],"current_hp_per_floor":[51,51,51,51,35,35,29,29,29,29,29,29,21,11,36,19,69,64,64,64,64,64,53,53,53,53,37,37,30,24,19,19,8,73,73,73,73,73,73,73,73,73,73,73,73,73,73,73,73,73,90,90,95,92,61],"gold":143,"neow_bonus":"BOSS_RELIC","is_daily":false,"chose_seed":false,"campfire_upgraded":8,"win_rate":0.0,"timestamp":1609518044,"path_taken":["M","$","?","M","M","R","E","R","T","E","?","R","M","E","R","BOSS","M","?","$","?","?","E","?","R","T","E","R","M","E","?","R","BOSS","M","?","?","$","M","E","M","E","T","M","R","E","E","E","R","BOSS","R","$","E","BOSS"],"items_purchased_type":["Card","Card","Relic","Card","Relic","Card","Relic","Relic","Potion","Relic"],"build_version":"2020-12-22","purchased_purges":3,"victory":true,"max_hp_per_floor":[71,71,71,71,71,71,85,85,85,85,85,85,85,85,85,85,85,85,85,85,85,85,85,85,85,85,95,95,95,95,95,95,95,95,95,95,95,95,95,95,95,95,95,95,95,95,95,95,95,95,95,95,95,95,95],"relic_stats":{"Inserter":[84],"Happy Flower":[7],"counters":[30,169],"Whetstone":["Gash","Rebound"],"Smiling Mask":13,"MawBank":84,"WarpedTongs":[118],"Cables":[95,8,44,0,43],"Centennial Puzzle":[6],"TheAbacus":[36],"Ornamental Fan":[156],"Bronze Scales":[502],"Snecko Eye":[132,137,162,128],"MealTicket":5,"obtain_stats":[{"Mango":7,"Incense Burner":38,"Whetstone":14,"Smiling Mask":26,"Centennial Puzzle":37,"HornCleat":9,"TheAbacus":53,"MealTicket":48,"WingedGreaves":31,"Cracked Core":0,"InkBottle":53,"Inserter":0,"Pear":27,"Happy Flower":53,"Omamori":42,"MawBank":46,"WarpedTongs":19,"Cables":21,"Du-Vu Doll":30,"DataDisk":54,"Ornamental Fan":31,"Bronze Scales":23,"Snecko Eye":34,"Coffee Dripper":17,"Membership Card":20,"TungstenRod":10,"FossilizedHelix":40,"Toy Ornithopter":47},{"Mango":4,"Incense Burner":19,"Whetstone":8,"Smiling Mask":12,"Centennial Puzzle":19,"HornCleat":4,"TheAbacus":28,"MealTicket":27,"WingedGreaves":17,"Cracked Core":0,"InkBottle":28,"Inserter":0,"Pear":13,"Happy Flower":28,"Omamori":23,"MawBank":25,"WarpedTongs":10,"Cables":10,"Du-Vu Doll":15,"DataDisk":29,"Ornamental Fan":17,"Bronze Scales":11,"Snecko Eye":18,"Coffee Dripper":9,"Membership Card":10,"TungstenRod":5,"FossilizedHelix":21,"Toy Ornithopter":26},{"Mango":22,"Incense Burner":94,"Whetstone":39,"Smiling Mask":58,"Centennial Puzzle":94,"HornCleat":22,"TheAbacus":146,"MealTicket":133,"WingedGreaves":80,"Cracked Core":0,"InkBottle":146,"Inserter":0,"Pear":64,"Happy Flower":146,"Omamori":112,"MawBank":121,"WarpedTongs":51,"Cables":51,"Du-Vu Doll":72,"DataDisk":157,"Ornamental Fan":80,"Bronze Scales":55,"Snecko Eye":90,"Coffee Dripper":47,"Membership Card":51,"TungstenRod":25,"FossilizedHelix":101,"Toy Ornithopter":128}],"TungstenRod":44,"Toy Ornithopter":3,"InkBottle":[11]},"card_choices":[{"not_picked":["Streamline","Hello World"],"picked":"Barrage","floor":1.0},{"not_picked":["Go for the Eyes","Force Field"],"picked":"Gash","floor":4.0},{"not_picked":["Go for the Eyes","Auto Shields"],"picked":"Sweeping Beam","floor":5.0},{"not_picked":["Undo","Gash"],"picked":"Hyperbeam","floor":7.0},{"not_picked":["White Noise","Amplify"],"picked":"Recycle","floor":10.0},{"not_picked":["Redo","Steam"],"picked":"Compile Driver","floor":11.0},{"not_picked":["Streamline","Blizzard"],"picked":"Rebound","floor":13.0},{"not_picked":["Melter","Leap"],"picked":"Echo Form","floor":14.0},{"not_picked":["Fission","Creative AI"],"picked":"Multi-Cast","floor":16.0},{"not_picked":["Darkness","Go for the Eyes"],"picked":"Reprogram","floor":18.0},{"not_picked":["Multi-Cast","Storm"],"picked":"Leap","floor":23.0},{"not_picked":["Gash","Darkness"],"picked":"Stack","floor":24.0},{"not_picked":["Steam","Sunder"],"picked":"Conserve Battery+1","floor":27.0},{"not_picked":["Sweeping Beam","Steam Power","Conserve Battery"],"picked":"SKIP","floor":29.0},{"not_picked":["Beam Cell","Reprogram","Rip and Tear"],"picked":"SKIP","floor":30.0},{"not_picked":["Biased Cognition","Rainbow"],"picked":"Meteor Strike","floor":33.0},{"not_picked":["Barrage","Capacitor","BootSequence"],"picked":"SKIP","floor":35.0},{"not_picked":["Darkness","Gash","Blizzard+1"],"picked":"SKIP","floor":39.0},{"not_picked":["Rebound","Coolheaded","Go for the Eyes"],"picked":"SKIP","floor":40.0},{"not_picked":["Turbo","Cold Snap+1"],"picked":"Force Field","floor":41.0},{"not_picked":["Conserve Battery+1","Recycle"],"picked":"Reinforced Body","floor":42.0},{"not_picked":["White Noise","Go for the Eyes+1","Rebound"],"picked":"SKIP","floor":44.0},{"not_picked":["Steam+1","Auto Shields","Storm+1"],"picked":"SKIP","floor":46.0},{"not_picked":["Barrage+1","Cold Snap","Gash"],"picked":"SKIP","floor":47.0},{"not_picked":["Streamline","Reboot","Steam Power"],"picked":"SKIP","floor":48.0},{"not_picked":["Darkness+1","Leap","Genetic Algorithm"],"picked":"SKIP","floor":54}],"player_experience":359319,"relics_obtained":[{"floor":7.0,"key":"Mango"},{"floor":9.0,"key":"HornCleat"},{"floor":10.0,"key":"TungstenRod"},{"floor":14.0,"key":"Whetstone"},{"floor":21.0,"key":"Cables"},{"floor":23.0,"key":"Bronze Scales"},{"floor":26.0,"key":"Smiling Mask"},{"floor":27.0,"key":"Pear"},{"floor":30.0,"key":"Du-Vu Doll"},{"floor":31.0,"key":"WingedGreaves"},{"floor":31.0,"key":"Ornamental Fan"},{"floor":37.0,"key":"Centennial Puzzle"},{"floor":40.0,"key":"FossilizedHelix"},{"floor":42.0,"key":"Omamori"},{"floor":46.0,"key":"MawBank"},{"floor":47.0,"key":"Toy Ornithopter"},{"floor":48.0,"key":"MealTicket"},{"floor":54,"key":"DataDisk"}],"event_choices":[{"damage_healed":0.0,"max_hp_gain":0.0,"max_hp_loss":0.0,"gold_gain":0.0,"event_name":"Match and Keep!","player_choice":"1 cards matched","floor":3.0,"gold_loss":0.0,"damage_taken":0.0,"cards_obtained":["BootSequence"]},{"damage_healed":0.0,"max_hp_gain":0.0,"max_hp_loss":0.0,"gold_gain":0.0,"event_name":"Accursed Blacksmith","player_choice":"Rummage","floor":19.0,"gold_loss":0.0,"damage_taken":0.0,"relics_obtained":["WarpedTongs"],"cards_obtained":["Pain"]},{"cards_removed":["Strike_B"],"damage_healed":0.0,"max_hp_gain":0.0,"max_hp_loss":0.0,"gold_gain":0.0,"event_name":"Purifier","player_choice":"Purged","floor":22.0,"gold_loss":0.0,"damage_taken":0.0},{"damage_healed":0.0,"max_hp_gain":0.0,"max_hp_loss":0.0,"gold_gain":0.0,"event_name":"Colosseum","player_choice":"Fight","floor":31.0,"gold_loss":0.0,"damage_taken":0.0},{"damage_healed":0.0,"max_hp_gain":0.0,"max_hp_loss":0.0,"gold_gain":0.0,"event_name":"Colosseum","player_choice":"Fought Nobs","floor":31.0,"gold_loss":0.0,"damage_taken":0.0},{"damage_healed":0.0,"max_hp_gain":0.0,"max_hp_loss":0.0,"gold_gain":0.0,"event_name":"SensoryStone","player_choice":"Memory 1","floor":36.0,"gold_loss":0.0,"damage_taken":0.0}],"is_beta":false,"boss_relics":[{"not_picked":["Ectoplasm","Philosopher\u0027s Stone"],"picked":"Coffee Dripper"},{"not_picked":["Runic Pyramid","Astrolabe"],"picked":"Snecko Eye"}],"items_purged_floors":[20,38,53],"is_endless":false,"potions_floor_spawned":[4,5,7,13,24,29,31,31,33,35,39,41,47,48],"ascension_level":14}}