{"host":"17xjy7b7ubl548g2","time":1609519477,"event":{"mods":["2.2 Compatiblity","Act Like it!","Aspiration","Astrologer","Bard","BaseMod","Bestiary","Challenge The Spire","ChefMod","Colored Map","Conspire","Elementarium","Energized Spire","GifTheSpireLib","Halation","Hallownest","Hubris","Infinite Spire","Jedi Mod","Jorbs\u0027s Wanderer Trilogy","Marisa（霧雨　魔理沙）","Marked Mod","Minty Spire (QoL Compilation)","Pale of the Ancients","Permanent Neow","Puzzle Mod","Replay The Spire","Robot Space Explorer","Spicy Shops","StSLib","Stuff the Spire","The Blue Laboratory","The Bug Knight","The Construct","The Disciple","The Hayseed","The Hierophant","The Marked","The Runesmith","The Sage"],"gold_per_floor":[118,128,128,128,128,27,41,41,53,53,76,107,118,118,136,168,168,273,273,273,273,273,50,50,50,50,50,50,50,50,50,50,50,50,50,50,50,50,50,50,25,25,25,25,25,25,25,25,25,25,25,25,25,23,23],"floor_reached":54,"playtime":4352,"items_purged":["theMarked:Strike","theMarked:Strike","theMarked:Strike"],"score":1058,"play_id":"3b7c8852-b388-4109-9526-de1f3484dd69","local_time":"20210101114437","is_ascension_mode":true,"campfire_choices":[{"data":"theMarked:SoldierOfQuellstein","floor":8.0,"key":"SMITH"},{"data":"theMarked:Opportunist","floor":10.0,"key":"SMITH"},{"data":"theMarked:StartUp","floor":14.0,"key":"SMITH"},{"data":"theMarked:WardOff","floor":17.0,"key":"SMITH"},{"data":"theMarked:ComboAttacks","floor":25.0,"key":"SMITH"},{"data":"theMarked:Abjuration","floor":27,"key":"SMITH"},{"data":"theMarked:Challenge","floor":32,"key":"SMITH"},{"data":"1","floor":34,"key":"LIFT"},{"data":"2","floor":42,"key":"LIFT"},{"data":"theMarked:StartUp","floor":44,"key":"SMITH"},{"data":"3","floor":47,"key":"LIFT"},{"data":"infinitespire:Collect","floor":51,"key":"SMITH"}],"circlet_count":0,"master_deck":["theMarked:Strike","theMarked:Defend","theMarked:Defend","theMarked:Defend","theMarked:Defend","theMarked:SoldierOfQuellstein+1","Dark Shackles","theMarked:Frustration","theMarked:LightningStrikesTwice","theMarked:ChainLightning","theMarked:Opportunist+1","theMarked:Abjuration+1","theMarked:WardOff","theMarked:StartUp+1","theMarked:WardOff+1","theMarked:MuscleMemory","theMarked:Abjuration","theMarked:Parry+1","theMarked:ShockingTouch","theMarked:ComboAttacks+1","theMarked:MaelstromOfLightning","theMarked:TwofoldDefense+1","theMarked:HeightenedSenses","theMarked:Challenge+1","theMarked:Electrocute+1","theMarked:SummonStrength","theMarked:StartUp+1","theMarked:DeterminationOfTheMarked","theMarked:WastefulDefense","infinitespire:Collect+1","theMarked:WastefulAttack+1","theMarked:ContemptForTheProud+1","theMarked:Standoff+1","theMarked:Levitate","theMarked:Defy"],"relics":["theMarked:ArtifactOfAir","halation:PinkSoulGem","Anchor","Bottled Flame","Replay:WaspNest","Ectoplasm","hubris:Towel","infinitespire:Satchel","Replay:Rubber Ducky","aspiration:ChemicalBlood","Girya","StuffTheSpire:Rhapsscallions","Elementarium:ElementariumTrophy","Sozu","theMarked:Eyepatch","Bottled Lightning","ReplayTheSpireMod:Shallot","PreservedInsect","aspiration:Lifesprig"],"acts_visited":["Exordium","Exordium","TheBeyond","Exordium"],"potions_floor_usage":[26,33,35,52,52],"damage_taken":[{"damage":0.0,"enemies":"Small Slimes","floor":1.0,"turns":3.0},{"damage":7.0,"enemies":"conspire:RoseBush","floor":2.0,"turns":3.0},{"damage":0.0,"enemies":"Jaw Worm","floor":7.0,"turns":3.0},{"damage":12.0,"enemies":"Exordium Wildlife","floor":9.0,"turns":3.0},{"damage":6.0,"enemies":"3 Sentries","floor":12.0,"turns":4.0},{"damage":0.0,"enemies":"Looter","floor":13.0,"turns":2.0},{"damage":3.0,"enemies":"Large Slime","floor":15.0,"turns":3.0},{"damage":10.0,"enemies":"Gremlin Nob","floor":16.0,"turns":4.0},{"damage":9.0,"enemies":"The Guardian","floor":18.0,"turns":8.0},{"damage":0.0,"enemies":"Elementarium:VoidCorruption","floor":20.0,"turns":3.0},{"damage":0.0,"enemies":"Elementarium:2_ELEMENTALS","floor":21.0,"turns":3.0},{"damage":5.0,"enemies":"Elementarium:VoidBeast","floor":24.0,"turns":3.0},{"damage":0,"enemies":"Elementarium:ElementalPortal","floor":26,"turns":5},{"damage":11,"enemies":"Elementarium:FIRE_NOBILITY","floor":29,"turns":6},{"damage":0,"enemies":"Elementarium:CYCLONE_AND_LIVING_STORMCLOUD","floor":30,"turns":4},{"damage":0,"enemies":"Elementarium:WarGolem","floor":33,"turns":2},{"damage":8,"enemies":"Elementarium:GoldenDragon","floor":35,"turns":7},{"damage":0,"enemies":"3 Shapes","floor":37,"turns":4},{"damage":0,"enemies":"3 Darklings","floor":39,"turns":5},{"damage":6,"enemies":"Jaw Worm Horde","floor":40,"turns":3},{"damage":0,"enemies":"Nightmare","floor":46,"turns":6},{"damage":10,"enemies":"4 Shapes","floor":48,"turns":4},{"damage":0,"enemies":"conspire:MimicChest","floor":49,"turns":4},{"damage":0,"enemies":"HollowMod:StalkingDevout","floor":50,"turns":3},{"damage":3,"enemies":"Donu and Deca","floor":52,"turns":9},{"damage":0,"enemies":"2 Louse","floor":54,"turns":1}],"seed_played":"1351161951835190679","potions_obtained":[{"floor":2.0,"key":"Elixir"},{"floor":12.0,"key":"blueLaboratory:LouseDecoction"},{"floor":15.0,"key":"blueLaboratory:TrueEctoplasm"},{"floor":16.0,"key":"ColorlessPotion"},{"floor":18.0,"key":"blueLaboratory:PhilterOfMotion"},{"floor":24.0,"key":"blueLaboratory:HeartbeatPotion"},{"floor":30,"key":"SkillPotion"},{"floor":33,"key":"theMarked:SummonPotion"},{"floor":35,"key":"blueLaboratory:PhilterOfMotion"}],"is_trial":false,"path_per_floor":["M","M","?","PTL","PTL","$","M","R","M","R","T","E","M","R","M","E","R","B",null,"M","M","?","$","M","R","E","R","T","E","M","T","R","E","R","B",null,"M","?","M","M","$","R","AVR","R","T","NM","R","M","?","E","R","B",null,"M"],"character_chosen":"THE_DEFAULT","items_purchased":["theMarked:ChainLightning","theMarked:ComboAttacks","theMarked:WastefulDefense"],"campfire_rested":0,"item_purchase_floors":[6,23,41],"current_hp_per_floor":[70,63,63,63,63,63,63,63,51,51,51,45,45,45,42,32,32,23,58,58,58,58,58,53,53,53,53,53,42,42,42,42,44,44,36,63,63,63,63,57,57,57,57,57,57,57,57,47,47,47,47,44,62,62,62],"gold":23,"neow_bonus":"RANDOM_COLORLESS","is_daily":false,"chose_seed":false,"campfire_upgraded":9,"win_rate":0.0,"timestamp":1609519477,"path_taken":["M","M","?","PTL","PTL","$","M","R","M","R","T","E","M","R","M","E","R","BOSS","M","M","?","$","M","R","E","R","T","E","M","?","R","E","R","BOSS","M","?","M","M","$","R","AVR","R","T","NM","R","M","?","E","R","BOSS","M"],"items_purchased_type":["Card","Card","Card"],"build_version":"2020-12-22","purchased_purges":3,"victory":false,"max_hp_per_floor":[70,70,70,70,70,70,70,70,70,70,70,70,70,70,70,70,70,70,70,70,70,70,70,70,70,70,70,70,70,70,70,70,72,72,72,72,72,68,68,68,68,68,68,68,68,68,68,68,68,68,68,68,68,68,68],"card_choices":[{"not_picked":["sagemod:Refine","sagemod:Perplexing_Glare"],"picked":"Dark Shackles","floor":0.0},{"not_picked":["theMarked:RepellingDischarge","theMarked:Aftermath"],"picked":"theMarked:Frustration","floor":1.0},{"not_picked":["theMarked:SwordAndMagic","theMarked:Standoff"],"picked":"theMarked:LightningStrikesTwice","floor":2.0},{"not_picked":["theMarked:WastefulDefense","theMarked:SwordAndMagic"],"picked":"theMarked:Opportunist","floor":7.0},{"not_picked":["theMarked:RogueSparks","theMarked:RepellingDischarge"],"picked":"theMarked:Abjuration","floor":9.0},{"not_picked":["theMarked:Static","theMarked:Polarize"],"picked":"theMarked:WardOff","floor":12.0},{"not_picked":["theMarked:Seal","theMarked:Parry"],"picked":"theMarked:StartUp","floor":13.0},{"not_picked":["theMarked:Polarize","theMarked:ElectricStrings"],"picked":"theMarked:WardOff","floor":15.0},{"not_picked":["theMarked:RogueSparks","theMarked:EmpowerWeapon"],"picked":"theMarked:MuscleMemory","floor":16.0},{"not_picked":["theMarked:FavorableWinds","theMarked:TakeOffHeels"],"picked":"theMarked:Abjuration","floor":18.0},{"not_picked":["theMarked:TunnelVision+1","theMarked:Overcharge"],"picked":"theMarked:Parry+1","floor":20.0},{"not_picked":["theMarked:ResourceFulStrike","theMarked:Improvise"],"picked":"theMarked:ShockingTouch","floor":21.0},{"not_picked":["theMarked:Aftermath+1","theMarked:Parkour"],"picked":"theMarked:MaelstromOfLightning","floor":24.0},{"not_picked":["theMarked:SelfDefenseTraining","theMarked:MuscleMemory"],"picked":"theMarked:TwofoldDefense+1","floor":26},{"not_picked":["theMarked:ResourceFulStrike","theMarked:EmpowerWeapon"],"picked":"theMarked:HeightenedSenses","floor":29},{"not_picked":["theMarked:ContemptForTheProud","theMarked:TwofoldDefense"],"picked":"theMarked:Challenge","floor":30},{"not_picked":["theMarked:EmpowerWeapon","theMarked:Opportunist+1"],"picked":"theMarked:Electrocute+1","floor":33},{"not_picked":["theMarked:Snap","theMarked:Defy"],"picked":"theMarked:SummonStrength","floor":35},{"not_picked":["theMarked:HeightenedSenses+1","theMarked:Parry+1"],"picked":"theMarked:StartUp","floor":37},{"not_picked":["theMarked:RepellingDischarge+1","theMarked:Aftermath+1"],"picked":"theMarked:DeterminationOfTheMarked","floor":39},{"not_picked":["theMarked:Parry+1","theMarked:DeterminationOfTheMarked","theMarked:TwofoldDefense"],"picked":"SKIP","floor":40},{"not_picked":["hubris:Rewind","infinitespire:Oblivion"],"picked":"infinitespire:Collect","floor":46},{"not_picked":["theMarked:ResourceFulStrike+1","theMarked:SummonStrength"],"picked":"theMarked:WastefulAttack+1","floor":46},{"not_picked":["theMarked:Improvise+1","theMarked:BanishingStrike"],"picked":"theMarked:ContemptForTheProud+1","floor":48},{"not_picked":["theMarked:CreepingChasm+1","theMarked:Parkour"],"picked":"theMarked:Standoff+1","floor":49},{"not_picked":["theMarked:SelfDefenseTraining","theMarked:Polarize+1"],"picked":"theMarked:Levitate","floor":50},{"not_picked":["theMarked:ChannelForce","theMarked:EternalStudent"],"picked":"theMarked:Defy","floor":52}],"player_experience":1621951,"relics_obtained":[{"floor":11.0,"key":"Anchor"},{"floor":12.0,"key":"Bottled Flame"},{"floor":16.0,"key":"Replay:WaspNest"},{"floor":26,"key":"infinitespire:Satchel"},{"floor":28,"key":"Replay:Rubber Ducky"},{"floor":29,"key":"aspiration:ChemicalBlood"},{"floor":31,"key":"Girya"},{"floor":33,"key":"StuffTheSpire:Rhapsscallions"},{"floor":45,"key":"Bottled Lightning"},{"floor":46,"key":"ReplayTheSpireMod:Shallot"},{"floor":49,"key":"PreservedInsect"},{"floor":50,"key":"aspiration:Lifesprig"}],"event_choices":[{"damage_healed":0,"gold_gain":0,"player_choice":"Max HP","damage_taken":0,"max_hp_gain":0,"max_hp_loss":4,"event_name":"Winding Halls","floor":38,"gold_loss":0}],"is_beta":false,"boss_relics":[{"not_picked":["halation:HeavySnake","Honey Jar"],"picked":"Ectoplasm"},{"not_picked":["construct:ClawGrip","aspiration:FutureDiary"],"picked":"Sozu"},{"not_picked":["energizedSpire:EnergizedDie","hubris:CrackedHourglass","Replay:Wanted Poster"]}],"items_purged_floors":[6,23,43],"is_endless":true,"potions_floor_spawned":[2,12,15,16,18,24,30,33,35,37,39,40],"killed_by":"2 Louse","ascension_level":5}}