{"host":"2461dio7vetlq1z3","time":1609527042,"event":{"mods":["2.2 Compatiblity","AchievementEnabler","BaseMod","Better Third Choice","Friendly Minions","Infinite Spire","Minty Spire (QoL Compilation)","Relic Stats","Spicy Shops","StSLib","Waifu the Spire"],"gold_per_floor":[117,134,0,0,0,0,17,49,95,121,86,118,118,18,18,96,96,109,124,136,152,152,152],"floor_reached":22,"playtime":1011,"items_purged":["Strike_R","Strike_R"],"score":408,"play_id":"29b19c9e-2443-4f88-a674-a3126d333862","local_time":"20210101195042","is_ascension_mode":true,"campfire_choices":[{"data":"Bash","floor":6,"key":"SMITH"},{"floor":13,"key":"REST"},{"data":"Armaments","floor":15,"key":"SMITH"}],"circlet_count":0,"master_deck":["AscendersBane","Strike_R","Strike_R","Strike_R","Defend_R","Defend_R","Defend_R+1","Defend_R","Bash+1","Clothesline","Headbutt","Clothesline+1","Whirlwind","Armaments+1","Anger","Feed","Inflame","infinitespire:OneForAll","Spot Weakness"],"relics":["infinitespire:DarkRift","infinitespire:Cubic Diamond","Oddly Smooth Stone","Bag of Marbles","infinitespire:CheckeredPen","infinitespire:PuzzleCube","Coffee Dripper"],"acts_visited":["Exordium","TheCity"],"potions_floor_usage":[8,10,16],"damage_taken":[{"damage":6,"enemies":"2 Louse","floor":1,"turns":4},{"damage":16,"enemies":"Jaw Worm","floor":2,"turns":4},{"damage":0,"enemies":"Small Slimes","floor":7,"turns":2},{"damage":20,"enemies":"Gremlin Nob","floor":8,"turns":4},{"damage":30,"enemies":"3 Sentries","floor":10,"turns":8},{"damage":24,"enemies":"Lagavulin","floor":12,"turns":9},{"damage":12,"enemies":"Slime Boss","floor":16,"turns":6},{"damage":3,"enemies":"Chosen","floor":18,"turns":5},{"damage":23,"enemies":"Shell Parasite","floor":19,"turns":5},{"damage":18,"enemies":"Snake Plant","floor":20,"turns":4},{"damage":14,"enemies":"Snecko","floor":21,"turns":4},{"damage":20,"enemies":"Chosen and Byrds","floor":22,"turns":3}],"seed_played":"-2261551042082543508","potions_obtained":[{"floor":2,"key":"EssenceOfSteel"},{"floor":7,"key":"BloodPotion"},{"floor":10,"key":"Explosive Potion"},{"floor":18,"key":"ElixirPotion"}],"is_trial":false,"path_per_floor":["M","M","$","?","?","R","M","E","T","E","?","E","R","$","R","B",null,"M","M","M","M","M"],"character_chosen":"IRONCLAD","items_purchased":["Clothesline"],"campfire_rested":1,"item_purchase_floors":[3],"current_hp_per_floor":[75,65,65,40,40,40,40,20,20,6,26,2,26,26,26,14,65,65,46,31,17,0,0],"gold":152,"neow_bonus":"TEN_PERCENT_HP_BONUS","is_daily":false,"chose_seed":false,"campfire_upgraded":2,"win_rate":0.0,"timestamp":1609527042,"path_taken":["M","M","$","?","?","R","M","E","T","E","?","E","R","$","R","BOSS","M","M","M","M","M"],"items_purchased_type":["Card"],"build_version":"2020-12-22","purchased_purges":2,"victory":false,"max_hp_per_floor":[82,82,82,82,82,82,82,82,82,82,82,82,82,82,82,82,82,85,89,92,92,92,92],"relic_stats":{"counters":[12,58],"obtain_stats":[{"infinitespire:DarkRift":5,"Oddly Smooth Stone":8,"infinitespire:Cubic Diamond":5,"Bag of Marbles":9,"Coffee Dripper":17,"infinitespire:CheckeredPen":10,"Burning Blood":0,"infinitespire:PuzzleCube":12},{"infinitespire:DarkRift":2,"Oddly Smooth Stone":4,"infinitespire:Cubic Diamond":2,"Bag of Marbles":4,"Coffee Dripper":7,"infinitespire:CheckeredPen":5,"Burning Blood":0,"infinitespire:PuzzleCube":6},{"infinitespire:DarkRift":8,"Oddly Smooth Stone":14,"infinitespire:Cubic Diamond":8,"Bag of Marbles":14,"Coffee Dripper":37,"infinitespire:CheckeredPen":22,"Burning Blood":0,"infinitespire:PuzzleCube":31}]},"card_choices":[{"not_picked":["Shrug It Off","Flex"],"picked":"Clothesline","floor":1},{"not_picked":["Bloodletting","Rupture"],"picked":"Headbutt","floor":2},{"not_picked":["Pummel","Sword Boomerang"],"picked":"Whirlwind","floor":7},{"not_picked":["Sword Boomerang","Blood for Blood"],"picked":"Armaments","floor":8},{"not_picked":["Whirlwind","Iron Wave","Pummel"],"picked":"SKIP","floor":10},{"not_picked":["True Grit","Iron Wave"],"picked":"Anger","floor":12},{"not_picked":["Bludgeon","Immolate"],"picked":"Feed","floor":16},{"not_picked":["Flex","Clash"],"picked":"Inflame","floor":18},{"not_picked":["Flex","Reckless Charge"],"picked":"infinitespire:OneForAll","floor":19},{"not_picked":["Twin Strike","Berserk","Thunderclap"],"picked":"SKIP","floor":20},{"not_picked":["Clash+1","Headbutt"],"picked":"Spot Weakness","floor":21}],"player_experience":986635,"relics_obtained":[{"floor":8,"key":"Oddly Smooth Stone"},{"floor":9,"key":"Bag of Marbles"},{"floor":10,"key":"infinitespire:CheckeredPen"},{"floor":12,"key":"infinitespire:PuzzleCube"}],"event_choices":[{"damage_healed":65,"gold_gain":0,"player_choice":"Upgrade","damage_taken":25,"max_hp_gain":0,"max_hp_loss":82,"event_name":"betterThird:BetterShining","floor":4,"gold_loss":0,"cards_upgraded":["Clothesline","Defend_R"]},{"damage_healed":20,"gold_gain":0,"player_choice":"Healed","damage_taken":0,"max_hp_gain":0,"max_hp_loss":0,"event_name":"The Cleric","floor":11,"gold_loss":35}],"is_beta":false,"boss_relics":[{"not_picked":["Velvet Choker","Astrolabe"],"picked":"Coffee Dripper"}],"items_purged_floors":[3,14],"is_endless":false,"potions_floor_spawned":[2,7,10,18],"killed_by":"Chosen and Byrds","ascension_level":20}}