{"host":"73d8rifeuddaa4ev","time":1609531561,"event":{"mods":["Act Like it!","Ascension Reborn","Aspiration","BaseMod","BetterRewards","Challenge The Spire","Colored Map","Colored Powertips","Conspire","Downfall","Jedi Mod","Lobotomy","LobotomyExtend","Minty Spire (QoL Compilation)","Quarter Circle Forward PUNCH!","Quick Restart","Relic Stats","Replay The Spire","RumiaBox-露米娅的神秘盒子","Shop Mod","StSLib","TestMod","[IsaacMod]以撒尖塔","vexMod","【功能Mod】混沌之环修复补丁","【功能Mod】聪明的最终Boss"],"gold_per_floor":[118,64,64,56,56,84,84,103,103,113,113,125,55,68,68,173,173,186,161,173,60,60,60],"floor_reached":22,"playtime":1903,"items_purged":[],"score":188,"play_id":"6b992fae-3d99-4fe6-a5a6-db2c41162d7a","local_time":"20210102040601","is_ascension_mode":true,"campfire_choices":[{"data":"jedi:fear","floor":7,"key":"SMITH"},{"floor":11,"key":"REST"},{"floor":15,"key":"REST"}],"circlet_count":0,"master_deck":["Strike_R","Strike_R","Strike_R","Strike_R","Strike_R","Defend_R","Defend_R","Defend_R","Defend_R","Bash","DoctorFetus","Life Link","Warcry","Warcry","Iron Wave","jedi:fear+1","Shrug It Off","Battle Trance","ReplayTheSpireMod:Stacked","Feel No Pain","Flex","Shockwave","conspire:Charge","jedi:suffering"],"relics":["Burning Blood","testmod-TestBox","HushsDoor","CogitoBucket","testmod-InfectionSource","YumHeart","AddBug","SecretRecord","Baka2","SecretRecord","SecretRecord","SecretRecord"],"acts_visited":["Exordium","TheCity"],"potions_floor_usage":[22,22],"damage_taken":[{"damage":10,"enemies":"2 Louse","floor":1,"turns":3},{"damage":20,"enemies":"Jaw Worm","floor":3,"turns":4},{"damage":2,"enemies":"conspire:RoseBush","floor":4,"turns":3},{"damage":22,"enemies":"Lagavulin","floor":6,"turns":6},{"damage":4,"enemies":"2 Fungi Beasts","floor":8,"turns":2},{"damage":50,"enemies":"3 Louse","floor":10,"turns":5},{"damage":6,"enemies":"Looter","floor":12,"turns":2},{"damage":10,"enemies":"Lots of Slimes","floor":14,"turns":2},{"damage":37,"enemies":"The Guardian","floor":16,"turns":5},{"damage":41,"enemies":"Shell Parasite","floor":18,"turns":3},{"damage":57,"enemies":"2 Thieves","floor":20,"turns":7},{"damage":45,"enemies":"Cultist and Chosen","floor":22,"turns":5}],"seed_played":"7697919308744646049","potions_obtained":[{"floor":3,"key":"SteroidPotion"},{"floor":4,"key":"Regen Potion"},{"floor":10,"key":"Energy Potion"}],"is_trial":false,"path_per_floor":["M","$","M","M","?","E","R","M","T","M","R","M","$","M","R","B",null,"M","?","M","$","M"],"character_chosen":"IRONCLAD","items_purchased":["Warcry","Feel No Pain","conspire:Charge","jedi:suffering"],"campfire_rested":2,"item_purchase_floors":[2,13,21,21],"current_hp_per_floor":[76,76,62,80,80,77,77,77,77,33,56,56,56,58,77,46,77,42,42,16,16,0,0],"gold":60,"neow_bonus":"","is_daily":false,"chose_seed":false,"campfire_upgraded":1,"win_rate":0.0,"timestamp":1609531561,"path_taken":["M","$","M","M","?","E","R","M","T","M","R","M","$","M","R","BOSS","M","?","M","$","?"],"items_purchased_type":["Card","Card","Card","Card"],"build_version":"2020-12-22","purchased_purges":0,"victory":false,"max_hp_per_floor":[80,80,80,80,80,77,77,77,77,77,77,77,77,77,77,77,77,77,77,77,77,77,77],"relic_stats":{"counters":[14,49],"obtain_stats":[{"KeepersGift":0,"CogitoBucket":0,"YumHeart":0,"Baka2":3,"testmod-TestBox":0,"AddBug":1,"SecretRecord":1,"Baka":1,"testmod-InfectionSource":0,"HushsDoor":0,"Burning Blood":0},{"KeepersGift":0,"CogitoBucket":0,"YumHeart":0,"Baka2":2,"testmod-TestBox":0,"AddBug":1,"SecretRecord":1,"Baka":1,"testmod-InfectionSource":0,"HushsDoor":0,"Burning Blood":0},{"KeepersGift":0,"CogitoBucket":0,"YumHeart":0,"Baka2":7,"testmod-TestBox":0,"AddBug":3,"SecretRecord":3,"Baka":3,"testmod-InfectionSource":0,"HushsDoor":0,"Burning Blood":0}],"Burning Blood":56},"card_choices":[{"not_picked":[],"picked":"DoctorFetus","floor":0},{"not_picked":["ReplayTheSpireMod:Strike From Hell","Twin Strike"],"picked":"Life Link","floor":1},{"not_picked":["Clash","Anger"],"picked":"Iron Wave","floor":3},{"not_picked":["Iron Wave","Battle Trance"],"picked":"jedi:fear","floor":4},{"not_picked":["Scorched","VoidDream"],"picked":"OSAHOGD","floor":4},{"not_picked":["True Grit","ReplayTheSpireMod:Strike From Hell","Barricade"],"picked":"SKIP","floor":6},{"not_picked":["Abandon","Body Slam"],"picked":"jedi:fear","floor":8},{"not_picked":["ReplayTheSpireMod:Strike From Hell","Blood for Blood"],"picked":"Battle Trance","floor":10},{"not_picked":["Bomb","Perfected Strike"],"picked":"ReplayTheSpireMod:Stacked","floor":12},{"not_picked":["True Grit","Sword Boomerang","Clothesline"],"picked":"SKIP","floor":14},{"not_picked":["Demonic Infusion","Barricade"],"picked":"jedi:unlimitedpower","floor":16},{"not_picked":["Clash","Abandon"],"picked":"Flex","floor":18},{"not_picked":["Warcry","Replay:Undeath\u0027s Touch"],"picked":"Shockwave","floor":20}],"player_experience":0,"relics_obtained":[{"floor":1,"key":"AddBug"},{"floor":1,"key":"Baka"},{"floor":1,"key":"LetterFromLob"},{"floor":3,"key":"Baka2"},{"floor":3,"key":"LetterFromLob"},{"floor":4,"key":"SecretRecord"},{"floor":4,"key":"LetterFromLob"},{"floor":6,"key":"Frozen Egg 2"},{"floor":6,"key":"LetterFromLob"},{"floor":8,"key":"LetterFromLob"},{"floor":9,"key":"TheBible"},{"floor":10,"key":"LetterFromLob"},{"floor":12,"key":"SecretRecord"},{"floor":12,"key":"LetterFromLob"},{"floor":14,"key":"LetterFromLob"},{"floor":16,"key":"LetterFromLob"},{"floor":18,"key":"LetterFromLob"},{"floor":20,"key":"SecretRecord"},{"floor":20,"key":"LetterFromLob"}],"event_choices":[{"damage_healed":0,"gold_gain":0,"cards_transformed":["OSAHOGD"],"player_choice":"Transformed","damage_taken":0,"max_hp_gain":0,"max_hp_loss":0,"event_name":"Transmorgrifier","floor":5,"gold_loss":0,"cards_obtained":["Shrug It Off"]}],"is_beta":false,"boss_relics":[{"not_picked":["testmod-TimeTraveler","conspire:SeveredTorchhead"],"picked":"EasyGame_NEW"},{"not_picked":[]}],"items_purged_floors":[],"is_endless":false,"potions_floor_spawned":[3,4,10,14],"killed_by":"Cultist and Chosen","ascension_level":0}}