{"host":"fjaupvxe7fzqrf4j","time":1609523589,"event":{"mods":["ATMod(°¢èªMod)","BaseMod","Minty Spire (QoL Compilation)","StSLib"],"gold_per_floor":[114,28,45,45,45,75,102,130,157,183,209,244,244,277,277,348,348,368,384,659,424,458,493,125,158,158,184,184,184,211,211,211,285,285,302,133,83,83,83,117,150,181,181,215,215,241,273,273,273,273,273,273,273,55,89,89],"floor_reached":57,"playtime":1447,"items_purged":["Regret","Hemokinesis"],"score":4375,"play_id":"da88b337-d736-44b8-b1ea-aa9f727de47a","local_time":"20210102015309","daily_mods":["SealedDeck","Heirloom","Time Dilation","Flight","Elite Swarm"],"is_ascension_mode":true,"campfire_choices":[{"floor":13.0,"key":"REST"},{"data":"Inflame","floor":15.0,"key":"SMITH"},{"data":"Pommel Strike","floor":29,"key":"SMITH"},{"data":"Pommel Strike","floor":32,"key":"SMITH"},{"floor":49,"key":"RECALL"},{"data":"Exhume","floor":53,"key":"SMITH"}],"circlet_count":0,"master_deck":["AscendersBane","Pommel Strike+1","Flex","Second Wind","Pommel Strike+1","Rage","Inflame+1","Limit Break+1","Feed","Offering","Limit Break","Reaper+1","CurseOfTheBell","Exhume+1","Reaper+1","Feed+1"],"relics":["Burning Blood","AT_ATBox","Champion Belt","AT_SpeedBoots","Ancient Tea Set","AT_SunfireAegis","AT_BellDemon","Bronze Scales","Shuriken","Juzu Bracelet","AT_Manta","Bottled Lightning","AT_LudenTempest","Meat on the Bone","Mark of Pain","AT_EbonyIvory","Red Mask","Bottled Tornado","Bird Faced Urn","Thread and Needle","Bag of Marbles","Calling Bell","Boot","AT_TimeSand","Lizard Tail","AT_ChloranthyRing","AT_RabadonDeathcap","Potion Belt","Pantograph","Molten Egg 2","Ornamental Fan","White Beast Statue","Regal Pillow","Toolbox","Du-Vu Doll"],"acts_visited":["Exordium","TheCity","TheBeyond","TheEnding"],"potions_floor_usage":[56,56,56,56],"damage_taken":[{"damage":0.0,"enemies":"Small Slimes","floor":1.0,"turns":2.0},{"damage":0.0,"enemies":"Cultist","floor":3.0,"turns":2.0},{"damage":12.0,"enemies":"Lagavulin","floor":6.0,"turns":4.0},{"damage":12.0,"enemies":"Gremlin Nob","floor":7.0,"turns":3.0},{"damage":2.0,"enemies":"Lagavulin","floor":8.0,"turns":3.0},{"damage":10.0,"enemies":"Gremlin Nob","floor":10.0,"turns":2.0},{"damage":18.0,"enemies":"3 Sentries","floor":11.0,"turns":4.0},{"damage":12.0,"enemies":"Gremlin Nob","floor":12.0,"turns":1.0},{"damage":12.0,"enemies":"3 Sentries","floor":14.0,"turns":1.0},{"damage":12.0,"enemies":"The Guardian","floor":16.0,"turns":1.0},{"damage":12,"enemies":"Shell Parasite","floor":18,"turns":1},{"damage":12,"enemies":"3 Byrds","floor":19,"turns":1},{"damage":12,"enemies":"Masked Bandits","floor":22,"turns":1},{"damage":12,"enemies":"Slavers","floor":23,"turns":1},{"damage":12,"enemies":"Gremlin Leader","floor":25,"turns":1},{"damage":12,"enemies":"Slavers","floor":27,"turns":1},{"damage":12,"enemies":"Gremlin Leader","floor":30,"turns":1},{"damage":0,"enemies":"Collector","floor":33,"turns":3},{"damage":12,"enemies":"Orb Walker","floor":35,"turns":1},{"damage":12,"enemies":"Reptomancer","floor":40,"turns":1},{"damage":12,"enemies":"Giant Head","floor":41,"turns":1},{"damage":12,"enemies":"Reptomancer","floor":42,"turns":1},{"damage":12,"enemies":"Giant Head","floor":44,"turns":1},{"damage":0,"enemies":"Nemesis","floor":46,"turns":1},{"damage":12,"enemies":"Reptomancer","floor":47,"turns":1},{"damage":12,"enemies":"Awakened One","floor":50,"turns":2},{"damage":12,"enemies":"Donu and Deca","floor":51,"turns":1},{"damage":0,"enemies":"Shield and Spear","floor":55,"turns":1},{"damage":119,"enemies":"The Heart","floor":56,"turns":4}],"seed_played":"5091821088564087183","potions_obtained":[{"floor":1.0,"key":"DuplicationPotion"},{"floor":6.0,"key":"AttackPotion"},{"floor":10.0,"key":"ElixirPotion"},{"floor":16.0,"key":"Ancient Potion"},{"floor":27,"key":"PowerPotion"},{"floor":46,"key":"GamblersBrew"},{"floor":55,"key":"GamblersBrew"}],"is_trial":true,"path_per_floor":["M","?","M","?","?","E","E","E","T","E","E","E","R","E","R","B",null,"M","M","?","$","?","E","$","E","T","E","?","R","E","?","R","B",null,"M","$","?","$","$","E","E","E","T","E","?","E","E","?","R","B","B",null,"R","$","E","B",null],"character_chosen":"IRONCLAD","items_purchased":["AT_EbonyIvory","Bottled Tornado","AT_ChloranthyRing","Strength Potion","Toolbox"],"campfire_rested":1,"item_purchase_floors":[21,24,36,54,54],"current_hp_per_floor":[74,74,75,64,57,51,45,52,52,48,39,33,57,54,54,51,78,75,72,72,72,69,66,66,63,63,62,62,62,61,61,61,111,111,108,108,108,108,108,114,117,117,117,120,120,123,120,125,125,137,138,143,143,143,147,147],"gold":89,"neow_bonus":"","is_daily":false,"chose_seed":false,"campfire_upgraded":4,"win_rate":0.0,"timestamp":1609523589,"path_taken":["M","?","?","?","?","E","E","E","T","E","E","E","R","E","R","BOSS","BOSS","M","M","?","$","?","E","$","E","T","E","?","R","E","?","R","BOSS","M","$","?","?","$","E","E","E","T","E","?","E","E","?","R","BOSS","BOSS","R","$","E","BOSS"],"items_purchased_type":["Relic","Relic","Relic","Potion","Relic"],"build_version":"2020-12-22","purchased_purges":2,"victory":true,"max_hp_per_floor":[75,75,75,75,75,75,75,78,78,78,81,81,81,84,84,87,87,90,93,93,93,96,99,99,102,102,105,105,105,108,108,108,111,111,114,114,114,114,114,114,117,117,117,120,120,123,126,126,126,137,144,144,144,144,147,147],"card_choices":[{"not_picked":["Anger","Clothesline","Thunderclap"],"picked":"SKIP","floor":1.0},{"not_picked":["Heavy Blade","Feel No Pain","Perfected Strike"],"picked":"SKIP","floor":3.0},{"not_picked":["AT_Dispersion","Berserk"],"picked":"Limit Break","floor":6.0},{"not_picked":["Berserk","Impervious"],"picked":"Feed","floor":7.0},{"not_picked":["Brutality","Double Tap","Impervious"],"picked":"SKIP","floor":8.0},{"not_picked":["Exhume","Berserk","Juggernaut"],"picked":"SKIP","floor":10.0},{"not_picked":["Berserk","Corruption"],"picked":"Offering","floor":11.0},{"not_picked":["Offering","Impervious","Immolate"],"picked":"SKIP","floor":12.0},{"not_picked":["Bludgeon","Fiend Fire"],"picked":"Limit Break","floor":14.0},{"not_picked":["Fire Breathing","Warcry+1","Perfected Strike"],"picked":"SKIP","floor":18},{"not_picked":["Ghostly Armor","Pummel","AT_DrawKnifeCut"],"picked":"SKIP","floor":19},{"not_picked":["Bludgeon","Berserk","Offering"],"picked":"SKIP","floor":23},{"not_picked":["Exhume","Limit Break","Offering"],"picked":"SKIP","floor":25},{"not_picked":["Offering","Exhume"],"picked":"Reaper","floor":27},{"not_picked":["Brutality","Corruption","Barricade"],"picked":"SKIP","floor":30},{"not_picked":["Clash","AT_GerminateFire+1","Reckless Charge"],"picked":"SKIP","floor":35},{"not_picked":["Impervious","Brutality","Feed"],"picked":"SKIP","floor":40},{"not_picked":["Corruption","AT_Dispersion","Exhume"],"picked":"SKIP","floor":41},{"not_picked":["Offering","Barricade","Exhume"],"picked":"SKIP","floor":42},{"not_picked":["Bludgeon+1","Fiend Fire+1","Exhume"],"picked":"SKIP","floor":44},{"not_picked":["Bludgeon+1","Fiend Fire+1"],"picked":"Exhume","floor":44},{"not_picked":["Impervious","Feed+1"],"picked":"Reaper+1","floor":46},{"not_picked":["Double Tap","Immolate+1"],"picked":"Feed+1","floor":47},{"not_picked":["AT_Dispersion","Feed+1","Juggernaut"],"picked":"SKIP","floor":55}],"player_experience":316993,"relics_obtained":[{"floor":6.0,"key":"AT_SunfireAegis"},{"floor":7.0,"key":"AT_BellDemon"},{"floor":8.0,"key":"Bronze Scales"},{"floor":8.0,"key":"Shuriken"},{"floor":9.0,"key":"Juzu Bracelet"},{"floor":10.0,"key":"AT_Manta"},{"floor":11.0,"key":"Bottled Lightning"},{"floor":12.0,"key":"AT_LudenTempest"},{"floor":14.0,"key":"Meat on the Bone"},{"floor":22,"key":"Red Mask"},{"floor":25,"key":"Bird Faced Urn"},{"floor":27,"key":"Thread and Needle"},{"floor":30,"key":"Bag of Marbles"},{"floor":34,"key":"Boot"},{"floor":34,"key":"AT_TimeSand"},{"floor":34,"key":"Lizard Tail"},{"floor":40,"key":"AT_RabadonDeathcap"},{"floor":41,"key":"Potion Belt"},{"floor":42,"key":"Pantograph"},{"floor":43,"key":"Molten Egg 2"},{"floor":44,"key":"Ornamental Fan"},{"floor":46,"key":"White Beast Statue"},{"floor":47,"key":"Regal Pillow"},{"floor":55,"key":"Du-Vu Doll"}],"event_choices":[{"damage_healed":0.0,"max_hp_gain":0.0,"max_hp_loss":0.0,"gold_gain":0.0,"event_name":"WeMeetAgain","player_choice":"Paid Gold","floor":2.0,"gold_loss":86.0,"damage_taken":0.0,"relics_obtained":["AT_SpeedBoots"]},{"damage_healed":0.0,"max_hp_gain":0.0,"max_hp_loss":0.0,"gold_gain":0.0,"event_name":"Scrap Ooze","player_choice":"Success","floor":4.0,"gold_loss":0.0,"damage_taken":11.0,"relics_obtained":["Ancient Tea Set"]},{"cards_removed":["Headbutt"],"damage_healed":0.0,"max_hp_gain":0.0,"max_hp_loss":0.0,"gold_gain":0.0,"event_name":"Golden Wing","player_choice":"Card Removal","floor":5.0,"gold_loss":0.0,"damage_taken":7.0},{"damage_healed":0,"gold_gain":275,"player_choice":"Desecrate","damage_taken":0,"max_hp_gain":0,"max_hp_loss":0,"event_name":"Golden Shrine","floor":20,"gold_loss":0,"cards_obtained":["Regret"]},{"damage_healed":0,"gold_gain":0,"player_choice":"Fought Bandits","damage_taken":0,"max_hp_gain":0,"max_hp_loss":0,"event_name":"Masked Bandits","floor":22,"gold_loss":0},{"damage_healed":0,"gold_gain":0,"player_choice":"Ignored","damage_taken":0,"max_hp_gain":0,"max_hp_loss":0,"event_name":"The Mausoleum","floor":28,"gold_loss":0},{"cards_removed":["Shrug It Off"],"damage_healed":0,"gold_gain":0,"player_choice":"Elegance","damage_taken":0,"max_hp_gain":0,"max_hp_loss":0,"event_name":"Back to Basics","floor":31,"gold_loss":0},{"damage_healed":0,"gold_gain":0,"player_choice":"Upgraded Two","damage_taken":0,"max_hp_gain":0,"max_hp_loss":0,"event_name":"Designer","floor":37,"gold_loss":50,"cards_upgraded":["Reaper","Limit Break"]},{"damage_healed":0,"gold_gain":0,"player_choice":"Ignored","damage_taken":0,"max_hp_gain":0,"max_hp_loss":0,"event_name":"Purifier","floor":45,"gold_loss":0},{"cards_removed":["Sword Boomerang"],"damage_healed":5,"gold_gain":0,"player_choice":"Offered Common","damage_taken":0,"max_hp_gain":0,"max_hp_loss":0,"event_name":"Bonfire Elementals","floor":48,"gold_loss":0},{"cards_removed":["Sword Boomerang"],"damage_healed":5,"gold_gain":0,"player_choice":"Offered Special","damage_taken":0,"max_hp_gain":0,"max_hp_loss":0,"event_name":"Bonfire Elementals","floor":48,"gold_loss":0}],"is_beta":false,"boss_relics":[{"not_picked":["Tiny House","Astrolabe"],"picked":"Mark of Pain"},{"not_picked":["Philosopher\u0027s Stone","SlaversCollar"],"picked":"Calling Bell"}],"items_purged_floors":[21,24],"is_endless":false,"potions_floor_spawned":[1,6,10,11,16,18,27,33,40,41,46,47,55],"ascension_level":20}}