{"host":"ordk2y2ebcetabk6","time":1609471109,"event":{"mods":["Astrologer","Bard","BaseMod","Colored Map","Colored Powertips","Downfall","Highlight Path","Minty Spire (QoL Compilation)","Rare Cards Sparkle","StSLib","TheArtist","thorton"],"gold_per_floor":[99,116,116,135,45,45,45,56,56,84,94,94,94,119,136,136,136],"floor_reached":16,"playtime":651,"items_purged":["downfall:Malfunctioning"],"score":110,"play_id":"34382460-c305-4c45-852b-6f32d3236efe","local_time":"20201231201829","is_ascension_mode":false,"campfire_choices":[{"floor":1,"key":"RECALL"},{"data":"bronze:SearingBeam","floor":6,"key":"SMITH"},{"data":"bronze:BuggyMess","floor":9,"key":"SMITH"},{"data":"bronze:SpaghettiCode","floor":13,"key":"SMITH"}],"circlet_count":0,"master_deck":["bronze:Strike+1","bronze:Strike","bronze:Strike","bronze:Strike","bronze:Defend","bronze:Defend","bronze:Defend+1","bronze:Defend","bronze:Replicate+1","bronze:Goto","bronze:BuggyMess+1","bronze:SearingBeam+1","bronze:Flail","bronze:Assembly","bronze:SpaghettiCode+1","bronze:ItsAFeature"],"relics":["bronze:BronzeCore","InkBottle","CaptainsWheel"],"acts_visited":["Exordium"],"potions_floor_usage":[5,16,16],"damage_taken":[{"damage":0,"enemies":"Small Slimes","floor":2,"turns":5},{"damage":6,"enemies":"Jaw Worm","floor":4,"turns":3},{"damage":6,"enemies":"downfall:FleeingMerchant","floor":5,"turns":4},{"damage":0,"enemies":"2 Louse","floor":8,"turns":2},{"damage":24,"enemies":"3 Sentries","floor":10,"turns":7},{"damage":18,"enemies":"Exordium Wildlife","floor":11,"turns":4},{"damage":18,"enemies":"Lagavulin","floor":14,"turns":4},{"damage":2,"enemies":"Blue Slaver","floor":15,"turns":4},{"damage":15,"enemies":"downfall:Defect","floor":16,"turns":4}],"seed_played":"765983565384538234","potions_obtained":[{"floor":2,"key":"EssenceOfSteel"},{"floor":14,"key":"Energy Potion"},{"floor":15,"key":"ColorlessPotion"}],"is_trial":false,"path_per_floor":["R","M","?","M","$","R","T","M","R","E","M","?","R","E","M","B"],"character_chosen":"THE_AUTOMATON","items_purchased":[],"campfire_rested":0,"item_purchase_floors":[],"current_hp_per_floor":[77,77,77,71,65,65,65,65,65,41,23,28,28,10,8,0,0],"gold":136,"neow_bonus":"TEN_PERCENT_HP_BONUS","is_daily":false,"chose_seed":false,"campfire_upgraded":3,"win_rate":0.0,"timestamp":1609471109,"path_taken":["R","M","?","M","$","R","T","M","R","E","M","?","R","E","M","BOSS"],"items_purchased_type":[],"build_version":"2020-12-22","purchased_purges":1,"victory":false,"max_hp_per_floor":[77,77,77,77,77,77,77,77,77,77,77,82,82,82,82,82,82],"card_choices":[{"not_picked":["bronze:ForceShield","bronze:DelayedSlice"],"picked":"bronze:BuggyMess","floor":2},{"not_picked":["bronze:CutThrough","bronze:ForceShield"],"picked":"bronze:SearingBeam","floor":4},{"not_picked":["bronze:FineTuning","bronze:DelayedGuard"],"picked":"bronze:Flail","floor":5},{"not_picked":["bronze:WhirlingStrike","bronze:Branch"],"picked":"bronze:Assembly","floor":8},{"not_picked":["bronze:Invalidate","bronze:BronzeOrb"],"picked":"bronze:SpaghettiCode","floor":10},{"not_picked":["bronze:SearingBeam","bronze:NullPointer","bronze:Invalidate"],"picked":"SKIP","floor":11},{"not_picked":["bronze:Invalidate","bronze:Turbo","bronze:BugBarrage"],"picked":"SKIP","floor":14},{"not_picked":["bronze:Frontload","bronze:Invalidate"],"picked":"bronze:ItsAFeature","floor":15}],"player_experience":1165969,"relics_obtained":[{"floor":10,"key":"InkBottle"},{"floor":14,"key":"CaptainsWheel"}],"event_choices":[{"damage_healed":0,"gold_gain":0,"player_choice":"Donut","damage_taken":0,"max_hp_gain":5,"max_hp_loss":0,"event_name":"Big Fish","floor":12,"gold_loss":0}],"is_beta":false,"boss_relics":[],"items_purged_floors":[5],"is_endless":false,"potions_floor_spawned":[2,14,15],"killed_by":"downfall:Defect","ascension_level":0}}