{"host":"lg1piimdyocafd6j","time":1609505504,"event":{"mods":["AchievementEnabler","BaseMod","Better Third Choice","BetterRewards","Colored Map","Colored Powertips","Downfall","Minty Spire (QoL Compilation)","Quick Restart","Rare Cards Sparkle","StSLib","SuperFastMode"],"gold_per_floor":[115,37,52,52,72,98,128,59,82,82,100,118,150,150,150,255,255,265,280,130,130,130],"floor_reached":21,"playtime":1023,"items_purged":["Strike_G","Strike_G","Defend_G","Neutralize"],"score":214,"play_id":"2e95fe37-83f2-4cba-811d-5fdb6f9d8fe0","local_time":"20210101135144","is_ascension_mode":false,"campfire_choices":[{"floor":10,"key":"RECALL"},{"data":"Catalyst","floor":15,"key":"SMITH"}],"circlet_count":0,"master_deck":["Survivor","Bouncing Flask","Bane","Poisoned Stab","Good Instincts","Catalyst+1","Blade Dance","Cloak And Dagger","Bane","Deflect","Deflect","Deadly Poison","All Out Attack","Cloak And Dagger","Bane","Footwork","Deadly Poison","Deflect","Flying Knee","Deadly Poison","Bouncing Flask"],"relics":["Ring of the Snake","PreservedInsect","Boot","Centennial Puzzle","Orichalcum","Art of War","Pandora\u0027s Box"],"acts_visited":["Exordium","TheCity"],"potions_floor_usage":[16,18],"damage_taken":[{"damage":0,"enemies":"Jaw Worm","floor":1,"turns":3},{"damage":0,"enemies":"Cultist","floor":3,"turns":3},{"damage":0,"enemies":"2 Louse","floor":5,"turns":2},{"damage":0,"enemies":"Gremlin Nob","floor":6,"turns":2},{"damage":0,"enemies":"Looter","floor":11,"turns":3},{"damage":0,"enemies":"Red Slaver","floor":12,"turns":2},{"damage":8,"enemies":"Lagavulin","floor":13,"turns":3},{"damage":21,"enemies":"Hexaghost","floor":16,"turns":7},{"damage":26,"enemies":"2 Thieves","floor":18,"turns":3},{"damage":23,"enemies":"Spheric Guardian","floor":19,"turns":5},{"damage":6,"enemies":"3 Cultists","floor":21,"turns":3}],"seed_played":"-8214061186743884586","potions_obtained":[{"floor":1,"key":"FairyPotion"},{"floor":6,"key":"Explosive Potion"},{"floor":11,"key":"EssenceOfSteel"},{"floor":18,"key":"PowerPotion"}],"is_trial":false,"path_per_floor":["M","$","M","?","M","E","?","$","T","R","M","M","E","?","R","B",null,"M","M","$","M"],"character_chosen":"THE_SILENT","items_purchased":["Bouncing Flask","Bane","PreservedInsect","Poisoned Stab","Good Instincts","Catalyst","Bane","Deflect"],"campfire_rested":0,"item_purchase_floors":[0,0,0,0,0,2,8,8],"current_hp_per_floor":[70,70,70,70,70,70,70,70,70,70,70,70,62,62,62,41,70,44,21,21,15,15],"gold":130,"neow_bonus":"","is_daily":false,"chose_seed":false,"campfire_upgraded":1,"win_rate":0.0,"timestamp":1609505504,"path_taken":["M","$","M","?","?","E","?","$","T","R","M","M","E","?","R","BOSS","M","M","$","M"],"items_purchased_type":["Card","Card","Relic","Card","Card","Card","Card","Card"],"build_version":"2020-12-22","purchased_purges":4,"victory":false,"max_hp_per_floor":[70,70,70,70,70,70,70,70,70,70,70,70,70,70,70,70,70,70,70,70,70,70],"card_choices":[{"not_picked":["Deflect","Underhanded Strike","Flying Knee"],"picked":"SKIP","floor":1},{"not_picked":["Quick Slash","Prepared","Cloak And Dagger"],"picked":"SKIP","floor":3},{"not_picked":["Burst","Heel Hook"],"picked":"Blade Dance","floor":5},{"not_picked":["Terror","Dagger Throw"],"picked":"Cloak And Dagger","floor":6},{"not_picked":["PiercingWail","Tactician"],"picked":"Deflect","floor":11},{"not_picked":["Leg Sweep","Storm of Steel"],"picked":"Deadly Poison","floor":12},{"not_picked":["Tools of the Trade","Underhanded Strike"],"picked":"All Out Attack","floor":13},{"not_picked":["Distraction","Sucker Punch"],"picked":"Deadly Poison","floor":18},{"not_picked":["Prepared","Heel Hook+1"],"picked":"Bouncing Flask","floor":19}],"player_experience":172684,"relics_obtained":[{"floor":6,"key":"Boot"},{"floor":9,"key":"Orichalcum"},{"floor":13,"key":"Art of War"}],"event_choices":[{"cards_removed":["Defend_G"],"damage_healed":0,"gold_gain":0,"player_choice":"Offered Basic","damage_taken":0,"max_hp_gain":0,"max_hp_loss":0,"event_name":"Bonfire Elementals","floor":4,"gold_loss":0},{"damage_healed":0,"gold_gain":30,"player_choice":"Searched \u00273\u0027 times","damage_taken":0,"relics_obtained":["Centennial Puzzle"],"max_hp_gain":0,"max_hp_loss":0,"event_name":"Dead Adventurer","floor":7,"gold_loss":0},{"damage_healed":0,"gold_gain":0,"cards_transformed":["Strike_G"],"player_choice":"Transformed","damage_taken":0,"max_hp_gain":0,"max_hp_loss":0,"event_name":"Transmorgrifier","floor":14,"gold_loss":0,"cards_obtained":["Cloak And Dagger"]}],"is_beta":false,"boss_relics":[{"not_picked":["SlaversCollar","Cursed Key"],"picked":"Pandora\u0027s Box"}],"items_purged_floors":[0,0,0,20],"is_endless":false,"potions_floor_spawned":[1,6,11,18],"killed_by":"3 Cultists","ascension_level":0}}