{"host":"ei424ha2zqt1xblg","time":1609502459,"event":{"mods":["BaseMod","Downfall-Rebalance","Minty Spire (QoL Compilation)","MostiFishMod","StSLib","TestMod","Waifu the Spire","Yakumo Yukari mod"],"gold_per_floor":[384,398,398,420,420,456,456,473,497,541,541,582,603,630,630,767,767,791,824,824,845,845,845,889,912,912,957,504,504,541,561,561,705,705,719,719,745,845,869,914,929,678,729,770,388,423,435,510,522,536,548,560,36,81,96],"floor_reached":56,"playtime":2417,"items_purged":["Defend_purpleEX","Defend_purpleEX","AT_purpleEX","AT_purpleEX"],"score":1957,"play_id":"b0943982-ed21-4aef-9a16-68eb9b4f2b9d","local_time":"20210101200059","is_ascension_mode":true,"campfire_choices":[{"data":"Bait_HighSpeedFlying_purple","floor":7.0,"key":"SMITH"},{"data":"DimensionStaggered_purple","floor":11.0,"key":"SMITH"},{"data":"MeetDecomposer_purple","floor":15.0,"key":"SMITH"},{"data":"DimensionStaggered_purple","floor":23,"key":"SMITH"},{"data":"MeetDecomposer_purple","floor":29,"key":"SMITH"},{"floor":32,"key":"RECALL"},{"data":"Observe_purple_2","floor":47,"key":"SMITH"},{"data":"WasteWire_Metro_purple","floor":49,"key":"SMITH"},{"data":"Boundary_DynamicStaticEquilibrium_purple","floor":52,"key":"SMITH"}],"circlet_count":0,"master_deck":["AT_purpleEX+1","Observe_purple_1+1","Observe_purple_2+1","Boundary_DynamicStaticEquilibrium_purple+1","DimensionStaggered_purple+1","MeetDecomposer_purple+1","WasteWire_Metro_purple+1","Bait_HighSpeedFlying_purple+1","UniverseChoice_purple","Boundary_LightAndDark_purple","DimensionStaggered_purple+1","ContainerChange_purple+1","Monsters_DoubleDeathButterfly_purple+1","Boundary_LightAndDark_purple","MeetDecomposer_purple+1","Boundary_LifeAndDeath_purple","MostiFishMod:FrostNova","MostiFishMod:WinterMarkForm+1","RuleDissolution_purple+1","Photoelasticity_Doppler_Effect_purple+1","Mirror_FourBoundary_purple+1","MeetDecomposer_purple+1","StateErode_purple+1"],"relics":["Boundary_crack","Memoryfragments_purpleEX","testmod-TestBox","DaveBox","testmod-TheFather","RhineSuit","SynthV:TestCard","Golden Idol","testmod-OneHitWonder","Orichalcum","Frozen Egg 2","JellyFishMachine","StrikeDummy","testmod-Hope","Question Card","Mango","Molten Egg 2","FrostBlade","PreservedInsect","BrkXgEgg","Strawberry","Whetstone","Pear","MawBank","BionicSphere","Bottled Flame"],"acts_visited":["Exordium","TheCity","TheBeyond","TheEnding"],"potions_floor_usage":[25,27,28,37,46,55,55],"damage_taken":[{"damage":0.0,"enemies":"Jaw Worm","floor":1.0,"turns":4.0},{"damage":0.0,"enemies":"Cultist","floor":2.0,"turns":2.0},{"damage":0.0,"enemies":"Small Slimes","floor":4.0,"turns":3.0},{"damage":15.0,"enemies":"Gremlin Nob","floor":6.0,"turns":3.0},{"damage":0.0,"enemies":"3 Louse","floor":8.0,"turns":1.0},{"damage":18.0,"enemies":"Lagavulin","floor":10.0,"turns":5.0},{"damage":6.0,"enemies":"Gremlin Nob","floor":12.0,"turns":3.0},{"damage":0.0,"enemies":"Lots of Slimes","floor":13.0,"turns":1.0},{"damage":0.0,"enemies":"Exordium Thugs","floor":14.0,"turns":1.0},{"damage":0,"enemies":"Hexaghost","floor":16,"turns":7},{"damage":0,"enemies":"Spheric Guardian","floor":18,"turns":4},{"damage":11,"enemies":"3 Byrds","floor":19,"turns":3},{"damage":0,"enemies":"Centurion and Healer","floor":21,"turns":3},{"damage":19,"enemies":"Gremlin Leader","floor":24,"turns":4},{"damage":15,"enemies":"Shelled Parasite and Fungi","floor":25,"turns":3},{"damage":0,"enemies":"Slavers","floor":27,"turns":1},{"damage":7,"enemies":"Book of Stabbing","floor":30,"turns":5},{"damage":0,"enemies":"Chosen and Byrds","floor":31,"turns":5},{"damage":0,"enemies":"Collector","floor":33,"turns":4},{"damage":0,"enemies":"3 Shapes","floor":35,"turns":2},{"damage":8,"enemies":"Orb Walker","floor":37,"turns":3},{"damage":0,"enemies":"4 Shapes","floor":39,"turns":2},{"damage":0,"enemies":"Giant Head","floor":40,"turns":5},{"damage":15,"enemies":"Spire Growth","floor":41,"turns":4},{"damage":0,"enemies":"Reptomancer","floor":44,"turns":3},{"damage":0,"enemies":"Nemesis","floor":46,"turns":4},{"damage":0,"enemies":"Mind Bloom Boss Battle","floor":48,"turns":4},{"damage":0,"enemies":"Time Eater","floor":50,"turns":5},{"damage":0,"enemies":"Shield and Spear","floor":54,"turns":3},{"damage":0,"enemies":"The Heart","floor":55,"turns":4}],"seed_played":"6745709149202390033","potions_obtained":[{"floor":1.0,"key":"Energy Potion"},{"floor":6.0,"key":"Energy Potion"},{"floor":13.0,"key":"SpeedPotion"},{"floor":16,"key":"AttackPotion"},{"floor":25,"key":"DistilledChaos"},{"floor":27,"key":"SkillPotion"},{"floor":33,"key":"testmod-TestPotion"},{"floor":37,"key":"Dexterity Potion"},{"floor":39,"key":"BlessingOfTheForge"},{"floor":44,"key":"LiquidMemories"},{"floor":48,"key":"PowerPotion"}],"is_trial":false,"path_per_floor":["M","M","?","M","?","E","R","M","T","E","R","E","M","M","R","B",null,"M","M","?","M","?","R","E","M","T","E","$","R","E","M","R","B",null,"M","?","M","?","M","E","M","$","T","E","$","E","R","?","R","B",null,"R","$","E","B",null],"character_chosen":"Youkari","items_purchased":["Mango","testmod-SpacePotion","BrkXgEgg","Pear","BionicSphere","GamblersBrew"],"campfire_rested":0,"item_purchase_floors":[28,28,42,45,53,53],"current_hp_per_floor":[63,63,63,63,48,36,36,36,36,21,21,20,20,20,20,25,63,63,57,57,62,62,62,46,34,34,34,48,48,49,56,56,62,77,77,73,72,72,73,73,63,63,70,78,88,90,90,90,90,90,90,90,90,90,90],"gold":96,"neow_bonus":"TWO_FIFTY_GOLD","is_daily":false,"chose_seed":false,"campfire_upgraded":8,"win_rate":0.0,"timestamp":1609502459,"path_taken":["M","M","?","?","?","E","R","M","T","E","R","E","M","M","R","BOSS","M","M","?","?","?","R","E","M","T","E","$","R","E","M","R","BOSS","M","?","M","?","?","E","M","$","T","E","?","E","R","?","R","BOSS","R","$","E","BOSS"],"items_purchased_type":["Relic","Potion","Relic","Relic","Relic","Potion"],"build_version":"2020-12-22","purchased_purges":4,"victory":true,"max_hp_per_floor":[63,63,63,63,63,63,63,63,63,63,63,63,63,63,63,63,63,63,63,63,63,63,63,63,63,63,63,77,77,77,77,77,77,77,77,73,73,73,73,73,73,73,80,80,90,90,90,90,90,90,90,90,90,90,90],"card_choices":[{"not_picked":["WatchEChange_purple","StateDuplicate_purple"],"picked":"Boundary_DynamicStaticEquilibrium_purple","floor":1.0},{"not_picked":["SharpContractionReality_purple","PositiveMatter_Antimatter_Universe_purple","Charmbait_purple","RuptureOfTimeAndSpace_purple"],"picked":"DimensionStaggered_purple","floor":2.0},{"not_picked":["Boundary_ObjectiveBoundary_purple","Yakumo_Ran_purple","Line_surface_state_purple","Charmbait_purple"],"picked":"Bait_HighSpeedFlying_purple","floor":4.0},{"not_picked":["MeetDecomposer_purple","Human_Monster_Realm_purple","StateErode_purple","RuleDissolution_purple"],"picked":"UniverseChoice_purple","floor":6.0},{"not_picked":["Charmbait_purple","OpenedBox_purple","RuleDissolution_purple","DimensionStaggered_purple"],"picked":"Boundary_LightAndDark_purple","floor":8.0},{"not_picked":["Worldmountain_purple","MetroBOOM_purple","Photoelasticity_Doppler_Effect_purple","AdvanceAttack_purple"],"picked":"DimensionStaggered_purple","floor":10.0},{"not_picked":["StateDuplicate_purple","D_absorption_purple","ExistenceContinue_purple","Realm_recovery_purpleEX","RuleDissolution_purple"],"picked":"SKIP","floor":12.0},{"not_picked":["Photoelasticity_Doppler_Effect_purple","AdvanceAttack_purple","Umbrella_purple","DimensionStaggered_purple"],"picked":"ContainerChange_purple+1","floor":13.0},{"not_picked":["AdvanceAttack_purple","RuleDissolution_purple","MNeedle_purple","DimensionStaggered_purple","OmniscientAndOmnipotent_Monster_purple"],"picked":"SKIP","floor":14.0},{"not_picked":["Worldmountain_purple+1","Realm_recovery_purpleEX","MetroBOOM_purple","SfantasyHide_purple+1","ExistenceContinue_purple"],"picked":"SKIP","floor":18},{"not_picked":["OmniscientAndOmnipotent_Monster_purple","RuleDissolution_purple","RuptureOfTimeAndSpace_purple","Bait_Toxicbait_purple","Boundary_LightAndDark_purple"],"picked":"SKIP","floor":19},{"not_picked":["Mirror_FormAndEmptin_purple","OmniscientAndOmnipotent_Monster_purple","ExistenceContinue_purple","StateDuplicate_purple+1","MagicEyes_LaplaceDemon_purple"],"picked":"SKIP","floor":21},{"not_picked":["Boundary_ObjectiveBoundary_purple","MNeedle_purple","Umbrella_purple","ButterflyHabitatTemple_purple","ExternalForce_HighSpeedFlying_purple"],"picked":"SKIP","floor":24},{"not_picked":["Mirror_Drifter_purple","Realm_recovery_purpleEX","DimensionStaggered_purple","Line_surface_state_purple","OmniscientAndOmnipotent_Monster_purple"],"picked":"SKIP","floor":25},{"not_picked":["Boundary_DreamRealityDamnation_purple","Shallow_ocean_purpleEX","ContainerChange_purple+1","Fantasy_PerpetualMotionMachine_purple+1"],"picked":"MeetDecomposer_purple","floor":27},{"not_picked":["Photoelasticity_Doppler_Effect_purple+1","Mirror_FormAndEmptin_purple+1","Umbrella_purple+1","Yakumo_Ran_purple","StateErode_purple+1","Line_surface_state_purple+1"],"picked":"SKIP","floor":30},{"not_picked":["Boundary_of_Extermination_purpleEX+1","MNeedle_purple+1","PositiveMatter_Antimatter_Universe_purple","DimensionStaggered_purple","Mirror_FormAndEmptin_purple","Umbrella_purple+1"],"picked":"SKIP","floor":31},{"not_picked":["ProofOfUnderstanding_purple+1","Mirror_TwoAndThreeElementRealm_purple","Fancifulhole_purple+1","Human_Monster_Realm_purple","GluttonyofRealm_purpleEX+1"],"picked":"Boundary_LifeAndDeath_purple","floor":33},{"not_picked":["StateErode_purple+1","CommonSense_AntiCommonSense_purple+1","Line_surface_state_purple+1","Boundary_DynamicStaticEquilibrium_purple+1","OmniscientAndOmnipotent_Monster_purple+1","RealityDreamConfluencek_purple"],"picked":"SKIP","floor":35},{"not_picked":["Umbrella_purple+1","Bait_Toxicbait_purple","Charmbait_purple+1","RuleDissolution_purple+1","Mirror_FormAndEmptin_purple+1","MNeedle_purple+1"],"picked":"SKIP","floor":37},{"not_picked":["AdvanceAttack_purple+1","SfantasyHide_purple+1","Realm_recovery_purpleEX+1","MetroBOOM_purple+1","DimensionStaggered_purple","Shallow_ocean_purpleEX+1"],"picked":"SKIP","floor":39},{"not_picked":["Monsters_DoubleDeathButterfly_purple+1","Nest_LightFlightworm_purple+1","AdvanceAttack_purple+1","DimensionStaggered_purple","EighthInstrument_OneDividesIntoTwo_purple+1"],"picked":"RuleDissolution_purple+1","floor":40},{"not_picked":["DimensionStaggered_purple+1","WorldDissolvedintheRealm_purple+1","StretchesForeverDream_purple+1","WingOfChimera_purple+1","RealityDreamConfluencek_purple"],"picked":"Photoelasticity_Doppler_Effect_purple+1","floor":41},{"not_picked":["WangLiang_OokamiKakushi_purple+1","Boundary_LightAndDark_purple+1","Charmbait_purple+1","RuleDissolution_purple+1","StateErode_purple+1"],"picked":"Mirror_FourBoundary_purple+1","floor":44},{"not_picked":["AdvanceAttack_purple+1","Realm_recovery_purpleEX+1","SfantasyHide_purple","Charmbait_purple+1","SharpContractionReality_purple+1"],"picked":"MeetDecomposer_purple+1","floor":46},{"not_picked":["Boundary_DynamicStaticEquilibrium_purple+1","Worldmountain_purple+1","Price_of_realm_purpleEX+1","LoveAcrossDimensions_purple+1","ExistenceContinue_purple+1"],"picked":"StateErode_purple+1","floor":54}],"player_experience":475505,"relics_obtained":[{"floor":1.0,"key":"SynthV:TestCard"},{"floor":6.0,"key":"testmod-OneHitWonder"},{"floor":10.0,"key":"Orichalcum"},{"floor":12.0,"key":"Frozen Egg 2"},{"floor":24,"key":"StrikeDummy"},{"floor":26,"key":"testmod-Hope"},{"floor":27,"key":"Question Card"},{"floor":30,"key":"Molten Egg 2"},{"floor":40,"key":"PreservedInsect"},{"floor":43,"key":"Strawberry"},{"floor":44,"key":"Whetstone"},{"floor":46,"key":"MawBank"},{"floor":54,"key":"Bottled Flame"}],"event_choices":[{"damage_healed":0.0,"max_hp_gain":0.0,"max_hp_loss":0.0,"gold_gain":0.0,"event_name":"Match and Keep!","player_choice":"2 cards matched","floor":3.0,"gold_loss":0.0,"damage_taken":0.0,"cards_obtained":["MeetDecomposer_purple","WasteWire_Metro_purple"]},{"damage_healed":0.0,"max_hp_gain":0.0,"max_hp_loss":0.0,"gold_gain":0.0,"event_name":"Golden Idol","player_choice":"Take Damage","floor":5.0,"gold_loss":0.0,"damage_taken":15.0,"relics_obtained":["Golden Idol"]},{"cards_removed":["Defend_purpleEX"],"damage_healed":0,"gold_gain":0,"player_choice":"Purged","damage_taken":0,"max_hp_gain":0,"max_hp_loss":0,"event_name":"Purifier","floor":20,"gold_loss":0},{"damage_healed":0,"gold_gain":0,"cards_transformed":["AT_purpleEX","Defend_purpleEX"],"player_choice":"Became Test Subject","damage_taken":0,"max_hp_gain":0,"max_hp_loss":0,"event_name":"Drug Dealer","floor":22,"gold_loss":0,"cards_obtained":["Monsters_DoubleDeathButterfly_purple","Boundary_LightAndDark_purple"]},{"damage_healed":0,"gold_gain":0,"player_choice":"Max HP","damage_taken":0,"max_hp_gain":0,"max_hp_loss":4,"event_name":"Winding Halls","floor":36,"gold_loss":0},{"damage_healed":0,"gold_gain":100,"player_choice":"Pray","damage_taken":0,"max_hp_gain":0,"max_hp_loss":0,"event_name":"Golden Shrine","floor":38,"gold_loss":0},{"damage_healed":0,"gold_gain":0,"player_choice":"Fight","damage_taken":0,"max_hp_gain":0,"max_hp_loss":0,"event_name":"MindBloom","floor":48,"gold_loss":0}],"is_beta":false,"boss_relics":[{"not_picked":["Tiny House","testmod-StringDisintegrator"],"picked":"JellyFishMachine"},{"not_picked":["EE1DDrone","Snecko Eye"],"picked":"FrostBlade"}],"items_purged_floors":[28,42,45,53],"is_endless":false,"potions_floor_spawned":[1,6,13,16,21,25,27,33,37,39,44,48],"ascension_level":2}}