{"host":"stk82ot58bnorhun","time":1609466651,"event":{"mods":["BaseMod","Colored Powertips","Downfall","Minty Spire (QoL Compilation)","StSLib","SuperFastMode"],"gold_per_floor":[99,110,175,189,189,201,201,214,244,169,196,214,214,232,248,343,343,343,354,371,381,381,381,381,381,399,399,17,17,48,66,81,181,181,31,41,41,55,74,91,114,140,151,166,184,184,210,210,224,224],"floor_reached":51,"playtime":3113,"items_purged":["Guardian:Defend_Guardian"],"score":954,"play_id":"a7cc7549-4c98-4f9b-bc5f-893de9588a09","local_time":"20210101100411","is_ascension_mode":true,"campfire_choices":[{"floor":1.0,"key":"RECALL"},{"floor":10.0,"key":"REST"},{"floor":23.0,"key":"REST"},{"floor":46.0,"key":"REST"}],"circlet_count":0,"master_deck":["Guardian:Strike_Guardian","Guardian:Strike_Guardian","Guardian:Strike_Guardian","Guardian:Defend_Guardian","Guardian:Defend_Guardian","Guardian:Defend_Guardian","Guardian:CurlUp","Guardian:TwinSlam","Guardian:Recover","Guardian:PrismaticBeam","Guardian:PiercingHide","Guardian:FuturePlans","Guardian:StasisEngine","Guardian:Suspension","Guardian:TimeCapacitor","Guardian:Suspension","Guardian:TemporalStrike+1","Guardian:PrismaticBarrier","Guardian:AncientConstruct","Guardian:PrismaticBarrier","Guardian:Gem_Red","Guardian:DecasProtection+1","Guardian:Repulse","Guardian:PiercingHide+1","Guardian:Gem_Blue","Guardian:Gem_Fragmented","Guardian:Planning","Guardian:ChargeUp+1","Guardian:TimeSifter","Guardian:Repulse+1","Guardian:VentSteam","Guardian:Gem_Yellow"],"relics":["Runic Dome","Gremlin Horn","Blue Candle","Guardian:DefensiveModeMoreBlock","downfall:HeartBlessingRed","Guardian:PickAxe","Black Star","Nilry\u0027s Codex","Oddly Smooth Stone","Unceasing Top","Prayer Wheel","Guardian:StasisSlotReductionRelic","downfall:HeartBlessingGreen","downfall:HeartBlessingBlue","Ancient Tea Set","Boot","TungstenRod","Ice Cream","Dream Catcher"],"acts_visited":["Exordium","TheCity","TheBeyond"],"potions_floor_usage":[],"damage_taken":[{"damage":0.0,"enemies":"Small Slimes","floor":2.0,"turns":3.0},{"damage":33.0,"enemies":"Gremlin Nob","floor":3.0,"turns":6.0},{"damage":2.0,"enemies":"Jaw Worm","floor":4.0,"turns":4.0},{"damage":0.0,"enemies":"Cultist","floor":6.0,"turns":3.0},{"damage":5.0,"enemies":"2 Fungi Beasts","floor":8.0,"turns":3.0},{"damage":22.0,"enemies":"Lagavulin","floor":9.0,"turns":7.0},{"damage":0.0,"enemies":"Gremlin Nob","floor":11.0,"turns":3.0},{"damage":0.0,"enemies":"Large Slime","floor":12.0,"turns":4.0},{"damage":3.0,"enemies":"Blue Slaver","floor":14.0,"turns":2.0},{"damage":0.0,"enemies":"3 Louse","floor":15.0,"turns":1.0},{"damage":18.0,"enemies":"downfall:Defect","floor":16.0,"turns":6.0},{"damage":7.0,"enemies":"3 Byrds","floor":19.0,"turns":2.0},{"damage":24.0,"enemies":"Chosen","floor":20.0,"turns":5.0},{"damage":40.0,"enemies":"3 Cultists","floor":21.0,"turns":8.0},{"damage":1.0,"enemies":"Snake Plant","floor":26.0,"turns":3.0},{"damage":0.0,"enemies":"downfall:FleeingMerchant","floor":28.0,"turns":4.0},{"damage":15.0,"enemies":"Slavers","floor":30.0,"turns":6.0},{"damage":0.0,"enemies":"Cultist and Chosen","floor":31.0,"turns":6.0},{"damage":7.0,"enemies":"Centurion and Healer","floor":32.0,"turns":4.0},{"damage":17.0,"enemies":"downfall:Ironclad","floor":33.0,"turns":6.0},{"damage":27.0,"enemies":"3 Shapes","floor":36.0,"turns":8.0},{"damage":27.0,"enemies":"3 Darklings","floor":38.0,"turns":5.0},{"damage":9.0,"enemies":"Sphere and 2 Shapes","floor":39.0,"turns":5.0},{"damage":4.0,"enemies":"Maw","floor":40.0,"turns":7.0},{"damage":4.0,"enemies":"Nemesis","floor":42.0,"turns":5.0},{"damage":13.0,"enemies":"Transient","floor":43.0,"turns":5.0},{"damage":10.0,"enemies":"3 Darklings","floor":44.0,"turns":5.0},{"damage":0.0,"enemies":"Writhing Mass","floor":45.0,"turns":4.0},{"damage":0.0,"enemies":"Giant Head","floor":47.0,"turns":5.0},{"damage":16.0,"enemies":"Jaw Worm Horde","floor":49.0,"turns":4.0},{"damage":17,"enemies":"downfall:Silent","floor":50,"turns":9}],"seed_played":"307652756774901741","potions_obtained":[{"floor":3.0,"key":"Energy Potion"},{"floor":8.0,"key":"Swift Potion"},{"floor":9.0,"key":"DistilledChaos"},{"floor":11.0,"key":"DuplicationPotion"},{"floor":19.0,"key":"champ:CounterPotion"},{"floor":21.0,"key":"Slimebound:ThreeZeroPotion"},{"floor":32.0,"key":"FairyPotion"},{"floor":37.0,"key":"Fruit Juice"},{"floor":37.0,"key":"Dexterity Potion"},{"floor":37.0,"key":"Energy Potion"}],"is_trial":false,"path_per_floor":["R","M","?","M","?","M","T","M","E","R","E","M","?","M","M","B",null,"R","M","M","M","?","R","T","?","M","?","$","R","E","M","M","B",null,"R","M","?","M","M","M","T","E","M","M","M","R","E","?","M","B",null],"character_chosen":"GUARDIAN","items_purchased":["Oddly Smooth Stone","Guardian:Gem_Synthetic"],"campfire_rested":3,"item_purchase_floors":[28,28],"current_hp_per_floor":[80,80,47,45,45,45,45,40,18,42,42,42,42,39,39,21,80,80,73,49,9,9,33,33,17,16,42,42,42,27,27,20,3,80,90,63,68,41,32,28,28,24,11,1,1,29,29,95,79,62],"gold":224,"neow_bonus":"BOSS_RELIC","is_daily":false,"chose_seed":false,"campfire_upgraded":0,"win_rate":0.0,"timestamp":1609466651,"path_taken":["R","M","?","M","?","M","T","M","E","R","E","?","?","M","M","BOSS","R","M","M","M","?","R","T","?","M","?","?","R","E","M","M","BOSS","R","M","?","M","?","M","T","E","M","M","M","R","E","?","M","BOSS"],"items_purchased_type":["Relic","Card"],"build_version":"2020-12-22","purchased_purges":1,"victory":true,"max_hp_per_floor":[80,80,80,80,80,80,80,80,80,80,80,80,80,80,80,80,80,80,80,80,80,80,80,80,80,80,80,80,80,80,80,80,80,80,90,90,95,95,95,95,95,95,95,95,95,95,95,95,95,95],"card_choices":[{"not_picked":["Guardian:VentSteam","Guardian:Gem_Cyan"],"picked":"Guardian:Recover","floor":2.0},{"not_picked":["Guardian:Gem_Red","Guardian:Suspension"],"picked":"Guardian:PrismaticBeam","floor":3.0},{"not_picked":["Guardian:RevengeProtocol","Guardian:VentSteam"],"picked":"Guardian:Gem_Crimson","floor":4.0},{"not_picked":["Guardian:Gem_Yellow","Guardian:Gem_Red"],"picked":"Guardian:PiercingHide","floor":6.0},{"not_picked":["Guardian:FloatingOrbs","Guardian:CrystalBeam"],"picked":"Guardian:Gem_Red","floor":8.0},{"not_picked":["Guardian:CrystalBeam","Guardian:ShieldCharger"],"picked":"Guardian:Gem_Red","floor":9.0},{"not_picked":["Guardian:StasisField","Guardian:DonusPower"],"picked":"Guardian:Gem_Red","floor":11.0},{"not_picked":["Guardian:PolyBeam","Guardian:ShieldSpikes"],"picked":"Guardian:FuturePlans","floor":12.0},{"not_picked":["Guardian:Gem_Lightblue","Guardian:PrimingBeam"],"picked":"Guardian:Gem_Green","floor":14.0},{"not_picked":["Guardian:ChargeCore","Guardian:WalkerClaw","Guardian:Gem_Green"],"picked":"SKIP","floor":15.0},{"not_picked":["Guardian:Gem_Orange","Guardian:HyperBeam_Guardian"],"picked":"Guardian:StasisEngine","floor":16.0},{"not_picked":["Guardian:Preprogram+1","Guardian:PrimingBeam+1","Guardian:Gem_Green"],"picked":"SKIP","floor":19.0},{"not_picked":["Guardian:Gem_Fragmented","Guardian:ShieldSpikes"],"picked":"Guardian:Suspension","floor":20.0},{"not_picked":["Guardian:Suspension","Guardian:ChargeUp"],"picked":"Guardian:Orbwalk","floor":21.0},{"not_picked":["Guardian:Suspension","Guardian:Gem_Crimson"],"picked":"Guardian:TimeCapacitor","floor":26.0},{"not_picked":["Guardian:Gem_Red","Guardian:WalkerClaw+1"],"picked":"Guardian:Suspension","floor":28.0},{"not_picked":["Guardian:Gem_Red","Guardian:TemporalShield+1"],"picked":"Guardian:Gem_Orange","floor":30.0},{"not_picked":["Guardian:TemporalShield+1","Guardian:Gem_Cyan"],"picked":"Guardian:TemporalStrike+1","floor":31.0},{"not_picked":["Guardian:Reroute","Guardian:Gem_Red","Guardian:RollAttack"],"picked":"SKIP","floor":31.0},{"not_picked":["Guardian:RollAttack","Guardian:Gem_Purple"],"picked":"Guardian:Gem_Cyan","floor":32.0},{"not_picked":["Guardian:TemporalStrike","Guardian:WalkerClaw+1"],"picked":"Guardian:PrismaticBarrier","floor":32.0},{"not_picked":["Guardian:HyperBeam_Guardian","Guardian:GatlingBeam"],"picked":"Guardian:AncientConstruct","floor":33.0},{"not_picked":["Guardian:SentryBeam","Guardian:BronzeOrb+1"],"picked":"Guardian:PrismaticBarrier","floor":36.0},{"not_picked":["Guardian:Recover+1","Guardian:ShieldCharger"],"picked":"Guardian:Gem_Red","floor":36.0},{"not_picked":["Guardian:TemporalShield+1","Guardian:Gem_Lightblue"],"picked":"Guardian:DecasProtection+1","floor":38.0},{"not_picked":["Guardian:ShieldSpikes","Guardian:BronzeOrb"],"picked":"Guardian:Gem_Cyan","floor":38.0},{"not_picked":["Guardian:CrystalBeam","Guardian:GuardianWhirl"],"picked":"Guardian:Repulse","floor":39.0},{"not_picked":["Guardian:FierceBash","Guardian:ChargeUp"],"picked":"Guardian:PiercingHide+1","floor":39.0},{"not_picked":["Guardian:Incinerate+1","Guardian:Gem_Cyan"],"picked":"Guardian:Gem_Blue","floor":40.0},{"not_picked":["Guardian:Suspension","Guardian:Gem_Green"],"picked":"Guardian:Gem_Blue","floor":40.0},{"not_picked":["Guardian:TemporalStrike+1","Guardian:Recover"],"picked":"Guardian:Gem_Fragmented","floor":42.0},{"not_picked":["Guardian:SentryBeam+1","Guardian:PiercingHide+1"],"picked":"Guardian:Planning","floor":43.0},{"not_picked":["Guardian:BronzeOrb","Guardian:ShieldSpikes","Guardian:SpikerProtocol"],"picked":"SKIP","floor":43.0},{"not_picked":["Guardian:Preprogram+1","Guardian:WalkerClaw+1"],"picked":"Guardian:ChargeUp+1","floor":44.0},{"not_picked":["Guardian:GuardianWhirl","Guardian:Preprogram","Guardian:PiercingHide+1"],"picked":"SKIP","floor":44.0},{"not_picked":["Guardian:TemporalShield+1","Guardian:WalkerClaw"],"picked":"Guardian:TimeSifter","floor":45.0},{"not_picked":["Guardian:WalkerClaw+1","Guardian:RefractedBeam+1","Guardian:Gem_Red"],"picked":"SKIP","floor":45.0},{"not_picked":["Guardian:SentryBeam+1","Guardian:PiercingHide+1"],"picked":"Guardian:Repulse+1","floor":47.0},{"not_picked":["Guardian:PrimingBeam+1","Guardian:Gem_Lightblue"],"picked":"Guardian:VentSteam","floor":49.0},{"not_picked":["Guardian:Incinerate+1","Guardian:Recover"],"picked":"Guardian:Gem_Yellow","floor":49.0}],"player_experience":73502,"relics_obtained":[{"floor":7.0,"key":"Blue Candle"},{"floor":9.0,"key":"Guardian:DefensiveModeMoreBlock"},{"floor":11.0,"key":"Guardian:PickAxe"},{"floor":25.0,"key":"Nilry\u0027s Codex"},{"floor":30.0,"key":"Unceasing Top"},{"floor":30.0,"key":"Prayer Wheel"},{"floor":41.0,"key":"Ancient Tea Set"},{"floor":42.0,"key":"Boot"},{"floor":42.0,"key":"TungstenRod"},{"floor":47.0,"key":"Ice Cream"},{"floor":47.0,"key":"Dream Catcher"}],"event_choices":[{"cards_removed":["Guardian:Strike_Guardian"],"damage_healed":0.0,"max_hp_gain":0.0,"max_hp_loss":0.0,"gold_gain":0.0,"event_name":"The Cleric","player_choice":"Card Removal","floor":13.0,"gold_loss":0.0,"damage_taken":0.0},{"damage_healed":26.0,"max_hp_gain":0.0,"max_hp_loss":0.0,"gold_gain":0.0,"event_name":"The Library","player_choice":"Heal","floor":27.0,"gold_loss":0.0,"damage_taken":0.0},{"damage_healed":0.0,"max_hp_gain":0.0,"max_hp_loss":0.0,"gold_gain":0.0,"event_name":"Lab","player_choice":"Got Potions","floor":37.0,"gold_loss":0.0,"damage_taken":0.0},{"cards_removed":["Guardian:Gem_Purple"],"damage_healed":66.0,"max_hp_gain":0.0,"max_hp_loss":0.0,"gold_gain":0.0,"event_name":"Bonfire Elementals","player_choice":"Offered Uncommon","floor":48.0,"gold_loss":0.0,"damage_taken":0.0}],"is_beta":false,"boss_relics":[{"not_picked":["SlaversCollar","Coffee Dripper"],"picked":"Black Star"},{"not_picked":["Cursed Key","Astrolabe"],"picked":"Guardian:StasisSlotReductionRelic"}],"items_purged_floors":[28],"is_endless":false,"potions_floor_spawned":[3,8,9,11,12,19,21,32,38,39,43,47],"ascension_level":2}}