{"host":"r7lw16gtaifltel5","time":1609490055,"event":{"mods":["Arknights The Spire","BaseMod","Hermit","Koishi","Minty Spire (QoL Compilation)","Replay The Spire","StSLib","The Bug Knight","The Cursed","The Gatherer","The Hierophant","The Jungle"],"gold_per_floor":[119,136,156,13,32,32,45,45,45,45,45,56,56,76,76,171,171,181,198,215,86,99,99,134,134,134,149,149,149,149,164,164,264,264,282,133,146,157,157,157],"floor_reached":39,"playtime":3925,"items_purged":["HollowMod:FocusHealStart"],"score":397,"play_id":"9677ceaa-d6d5-4947-a275-0335332887e9","local_time":"20210101173415","is_ascension_mode":false,"campfire_choices":[{"data":"HollowMod:DescendingDark","floor":6,"key":"SMITH"},{"data":"HollowMod:DescendingDark","floor":10,"key":"SMITH"},{"data":"HollowMod:DescendingDark","floor":15,"key":"SMITH"},{"data":"HollowMod:ShadowDash","floor":23,"key":"SMITH"},{"data":"HollowMod:ShadowDash","floor":25,"key":"SMITH"},{"data":"HollowMod:VoidDash","floor":29,"key":"SMITH"},{"floor":32,"key":"REST"}],"circlet_count":0,"master_deck":["HollowMod:NailStrikeStart","HollowMod:NailStrikeStart","HollowMod:NailStrikeStart","HollowMod:NailStrikeStart","HollowMod:QuickDashStart","HollowMod:QuickDashStart","HollowMod:QuickDashStart","HollowMod:QuickDashStart","HollowMod:DescendingDark+1","HollowMod:DescendingDark+1","HollowMod:VengefulVoid","HollowMod:DescendingDark+1","HollowMod:VoidDash+1","HollowMod:SharpenedShadows+1","HollowMod:ShadowDash+1","HollowMod:ShadowDash+1","HollowMod:VoidDash+1","HollowMod:CloakDash+1","HollowMod:SiblingsSouls+1","HollowMod:CloakDash+1","HollowMod:VengefulVoid"],"relics":["HollowMod:VesselMask","Orichalcum","InkBottle","ats:Originium","Juzu Bracelet","Lizard Tail","Lantern"],"acts_visited":["Exordium","TheCity","TheBeyond"],"potions_floor_usage":[5,20,24,24,33],"damage_taken":[{"damage":1,"enemies":"Cultist","floor":1,"turns":3},{"damage":0,"enemies":"Small Slimes","floor":2,"turns":2},{"damage":1,"enemies":"Jaw Worm","floor":3,"turns":3},{"damage":0,"enemies":"Looter","floor":5,"turns":1},{"damage":6,"enemies":"2 Fungi Beasts","floor":7,"turns":2},{"damage":10,"enemies":"Blue Slaver","floor":12,"turns":2},{"damage":3,"enemies":"Looter","floor":14,"turns":3},{"damage":49,"enemies":"The Guardian","floor":16,"turns":11},{"damage":6,"enemies":"2 Thieves","floor":18,"turns":2},{"damage":0,"enemies":"Chosen","floor":19,"turns":3},{"damage":0,"enemies":"Snake Plant","floor":20,"turns":4},{"damage":6,"enemies":"3 Cultists","floor":22,"turns":3},{"damage":21,"enemies":"Gremlin Leader","floor":24,"turns":6},{"damage":12,"enemies":"Centurion and Healer","floor":27,"turns":5},{"damage":24,"enemies":"Snake Plant","floor":31,"turns":3},{"damage":64,"enemies":"Collector","floor":33,"turns":8},{"damage":3,"enemies":"3 Shapes","floor":35,"turns":2},{"damage":14,"enemies":"3 Darklings","floor":37,"turns":3},{"damage":46,"enemies":"Maw","floor":38,"turns":10},{"damage":10,"enemies":"HollowMod:SlobberingHusk","floor":39,"turns":2}],"seed_played":"-3886161182702841245","potions_obtained":[{"floor":3,"key":"Explosive Potion"},{"floor":16,"key":"Explosive Potion"},{"floor":19,"key":"LifebloodPotion"},{"floor":22,"key":"ColorlessPotion"},{"floor":24,"key":"CultistPotion"},{"floor":35,"key":"Strength Potion"},{"floor":38,"key":"Dexterity Potion"}],"is_trial":false,"path_per_floor":["M","M","M","$","M","R","M","?","T","R","$","M","?","M","R","B",null,"M","M","M","$","M","R","E","R","T","M","?","R","?","M","R","B",null,"M","$","M","M","M"],"character_chosen":"THE_BUGKNIGHT","items_purchased":["Orichalcum","HollowMod:ShadowDash","Lantern"],"campfire_rested":1,"item_purchase_floors":[4,21,36],"current_hp_per_floor":[81,81,80,80,80,80,74,74,74,74,74,64,64,61,61,12,82,76,76,76,76,70,70,49,49,49,37,37,37,37,13,37,41,82,79,79,65,19,9,9],"gold":157,"neow_bonus":"TEN_PERCENT_HP_BONUS","is_daily":false,"chose_seed":false,"campfire_upgraded":6,"win_rate":0.0,"timestamp":1609490055,"path_taken":["M","M","?","$","M","R","M","?","T","R","$","M","?","M","R","BOSS","M","M","?","$","M","R","E","R","T","M","?","R","?","M","R","BOSS","M","$","M","M","M"],"items_purchased_type":["Relic","Card","Relic"],"build_version":"2020-12-22","purchased_purges":1,"victory":false,"max_hp_per_floor":[82,82,82,82,82,82,82,82,82,82,82,82,82,82,82,82,82,82,82,82,82,82,82,82,82,82,82,82,82,82,82,82,82,82,82,82,82,82,82,82],"card_choices":[{"not_picked":["HollowMod:HeavyBlow","HollowMod:FallenFury"],"picked":"HollowMod:DescendingDark","floor":1},{"not_picked":["HollowMod:AbyssShriek","HollowMod:Weaversong"],"picked":"HollowMod:DescendingDark","floor":2},{"not_picked":["HollowMod:PureNailStrike","HollowMod:HowlingWraiths"],"picked":"HollowMod:VengefulVoid","floor":3},{"not_picked":["HollowMod:SharpenedNail","HollowMod:LifebloodCocoon"],"picked":"HollowMod:DescendingDark","floor":5},{"not_picked":["HollowMod:SoulStrike","HollowMod:GrimmsGift","HollowMod:NewLittleFool"],"picked":"SKIP","floor":7},{"not_picked":["HollowMod:SiblingsShadow","HollowMod:ChannelNail"],"picked":"HollowMod:VoidDash","floor":12},{"not_picked":["HollowMod:GoodIntentions","HollowMod:ChannelNail","HollowMod:NewGlowingWomb"],"picked":"SKIP","floor":14},{"not_picked":["HollowMod:SoulStrike","HollowMod:GrimmsGift+1"],"picked":"HollowMod:SharpenedShadows+1","floor":18},{"not_picked":["HollowMod:BaldurShell","HollowMod:InfectedCysts"],"picked":"HollowMod:ShadowDash","floor":19},{"not_picked":["HollowMod:SoulSplash+1","HollowMod:NewJinnsSoul+1","HollowMod:HeavyBlow"],"picked":"SKIP","floor":20},{"not_picked":["HollowMod:HowlingWraiths","HollowMod:HeavyBlow","HollowMod:NewLittleFool"],"picked":"SKIP","floor":22},{"not_picked":["HollowMod:NewJinnsSoul","HollowMod:GoodIntentions"],"picked":"HollowMod:VoidDash","floor":24},{"not_picked":["HollowMod:TaintedHusks","HollowMod:HowlingWraiths+1"],"picked":"HollowMod:CloakDash+1","floor":27},{"not_picked":["HollowMod:PerfectDash","HollowMod:MawleksShell+1","HollowMod:HowlingWraiths"],"picked":"SKIP","floor":31},{"not_picked":["HollowMod:SharpenedNail","HollowMod:PureNailStrike"],"picked":"HollowMod:SiblingsSouls+1","floor":35},{"not_picked":["HollowMod:HowlingWraiths+1","HollowMod:MonarchWings"],"picked":"HollowMod:CloakDash+1","floor":37},{"not_picked":["HollowMod:MonarchWings+1","HollowMod:CornifersMapStart+1"],"picked":"HollowMod:VengefulVoid","floor":38}],"player_experience":30789,"relics_obtained":[{"floor":9,"key":"InkBottle"},{"floor":24,"key":"ats:Originium"},{"floor":24,"key":"Juzu Bracelet"},{"floor":26,"key":"Lizard Tail"}],"event_choices":[{"damage_healed":0,"gold_gain":0,"player_choice":"Leave","damage_taken":0,"max_hp_gain":0,"max_hp_loss":0,"event_name":"The Cleric","floor":8,"gold_loss":0},{"damage_healed":0,"gold_gain":0,"player_choice":"Upgraded","damage_taken":0,"max_hp_gain":0,"max_hp_loss":0,"event_name":"Upgrade Shrine","floor":13,"gold_loss":0,"cards_upgraded":["HollowMod:VoidDash"]},{"cards_removed":["HollowMod:PogoStrike"],"damage_healed":0,"gold_gain":0,"player_choice":"Offered Basic","damage_taken":0,"max_hp_gain":0,"max_hp_loss":0,"event_name":"Bonfire Elementals","floor":28,"gold_loss":0},{"damage_healed":0,"gold_gain":0,"player_choice":"Ignored","damage_taken":0,"max_hp_gain":0,"max_hp_loss":0,"event_name":"Beggar","floor":30,"gold_loss":0}],"is_beta":false,"boss_relics":[{"not_picked":["Replay:Ancient Bell","Replay:Wanted Poster","Replay:Drink Me"]},{"not_picked":["Snecko Eye","ReplayTheSpireMod:DimensionalGlitch","ReplayTheSpireMod:Onyx Gauntlets"]}],"items_purged_floors":[21],"is_endless":false,"potions_floor_spawned":[3,16,19,22,24,35,38],"killed_by":"HollowMod:SlobberingHusk","ascension_level":0}}