{"host":"slngz8sobihb8iwl","time":1609542447,"event":{"mods":["2.2 Compatiblity","Act Like it!","BaseMod","Colored Powertips","Elementarium","Friendly Minions","Gensokyo","GifTheSpireLib","Hallownest","Hermit","Marisa????????","Menagerie","Minty Spire (QoL Compilation)","Permanent Neow","Random Character Button","Rare Cards Sparkle","Relic Filter","Robot Space Explorer","StSLib","SuperFastMode","Td1madao Mod","The Bug Knight","The Cursed","The Disciple","The Gatherer","The Hierophant","The Judge","The Marked","The Runesmith","The Servant 0.9.4","TheVelvet","Unceasing Turn Reminder"],"gold_per_floor":[116,131,131,231,15,50,50,50,118,152,152,312,312,357,357,456,456,470,524,524,537,177,212,137,166,166,203,81,81,103,128,128,251,251,274,274,303,323,40,40,79,88,88,122,137,148,148,172,172,172],"floor_reached":51,"playtime":3961,"items_purged":["Strike_MRS","Strike_MRS"],"score":1052,"play_id":"66d5be8f-3c32-4faa-ac52-d5d7009411a2","local_time":"20210101180727","is_ascension_mode":true,"campfire_choices":[{"floor":8.0,"key":"REST"},{"data":"Gensokyo:MissMary","floor":11.0,"key":"SMITH"},{"data":"ManaRampage","floor":15.0,"key":"SMITH"},{"floor":32.0,"key":"REST"},{"floor":40,"key":"REST"},{"floor":47,"key":"REST"},{"data":"Gensokyo:UnlikelyAid","floor":49,"key":"SMITH"}],"circlet_count":0,"master_deck":["Strike_MRS+1","Defend_MRS","Defend_MRS","MasterSpark","UpSweep+1","GalacticHalo","MagicAbsorber","Gensokyo:MissMary+1","ManaRampage+1","DoubleSpark","BlazeAway","TreasureHunter","EnergyFlow","ChargingUp","ChargingUp","GalacticHalo","GasGiant","OrrerysSun+1","AsteroidBelt","Dark Shackles","MilkyWay+1","6A","Gensokyo:SummonFieryMouse","CollectingQuirk","MysteriousBeam+1","FairyDestructionRay+1","Magnetism+1","DeepEcoloBomb+1","Gensokyo:UnlikelyAid+1","AsteroidBelt"],"relics":["MiniHakkero","Matryoshka","Mango","AmplifyWand","Gremlin Horn","Vajra","Happy Flower","Juzu Bracelet","Sozu","Whetstone","SimpleLauncher","ClockworkSouvenir","CeramicFish","Nunchaku","Ornamental Fan","Bronze Scales","Frozen Egg 2","Runesmith:UraniumAnvil","Gensokyo:Companionship","Ice Cream","Singing Bowl","InkBottle"],"acts_visited":["Exordium","Gensokyo:Gensokyo","Gensokyo:Gensokyoer"],"potions_floor_usage":[],"damage_taken":[{"damage":3.0,"enemies":"Gensokyo:3_Fairies","floor":1.0,"turns":5.0},{"damage":0.0,"enemies":"Gensokyo:2_Kodama","floor":2.0,"turns":4.0},{"damage":25.0,"enemies":"Gensokyo:Aya","floor":6.0,"turns":4.0},{"damage":3.0,"enemies":"Gensokyo:Cirno","floor":10.0,"turns":5.0},{"damage":0.0,"enemies":"Gensokyo:Gryphon","floor":12.0,"turns":2.0},{"damage":30.0,"enemies":"Gensokyo:Yukari","floor":16.0,"turns":7.0},{"damage":0.0,"enemies":"Gensokyo:AngelMirror","floor":18.0,"turns":3.0},{"damage":3.0,"enemies":"Gensokyo:CosmicMonolith","floor":21.0,"turns":3.0},{"damage":17.0,"enemies":"Gensokyo:Reisen","floor":23.0,"turns":7.0},{"damage":14.0,"enemies":"Gensokyo:Slime_Group","floor":25.0,"turns":4.0},{"damage":33.0,"enemies":"Gensokyo:Tenshi","floor":27.0,"turns":4.0},{"damage":0.0,"enemies":"Gensokyo:Swordslinger","floor":30.0,"turns":3.0},{"damage":0.0,"enemies":"Gensokyo:Mirror_and_Dog","floor":31.0,"turns":4.0},{"damage":34.0,"enemies":"Gensokyo:Eternal_Rivals","floor":33.0,"turns":7.0},{"damage":10.0,"enemies":"Gensokyo:AncientGuardian","floor":35.0,"turns":4.0},{"damage":0.0,"enemies":"Gensokyo:3_Boulders","floor":37.0,"turns":3.0},{"damage":6.0,"enemies":"Gensokyo:Dusk_and_Dawn","floor":38.0,"turns":2.0},{"damage":5,"enemies":"Gensokyo:Marisa","floor":41,"turns":4},{"damage":26,"enemies":"Gensokyo:Marisa","floor":42,"turns":5},{"damage":6,"enemies":"Gensokyo:Doremy","floor":44,"turns":3},{"damage":10,"enemies":"Gensokyo:4_Bats","floor":45,"turns":2},{"damage":0,"enemies":"Gensokyo:AtlasGolem","floor":46,"turns":2},{"damage":0,"enemies":"Gensokyo:Dusk_and_Dawn","floor":48,"turns":2},{"damage":8,"enemies":"Gensokyo:Scarlet_Devils","floor":50,"turns":6}],"seed_played":"2108425951553561044","potions_obtained":[{"floor":12.0,"key":"BlessingOfTheForge"}],"is_trial":false,"path_per_floor":["M","M","$","?","COS","E","?","R","T","E","R","M","?","T","R","B",null,"M","T","?","M","COS","E","$","M","T","E","$","?","M","M","R","B",null,"M","?","M","M","$","R","E","?","T","E","M","M","R","M","R","B",null],"character_chosen":"MARISA","items_purchased":["AsteroidBelt","Dark Shackles","Magnetism+1"],"campfire_rested":4,"item_purchase_floors":[28,28,39],"current_hp_per_floor":[65,65,65,65,65,40,33,59,59,56,56,56,56,56,56,26,73,73,73,73,70,70,53,53,39,39,6,6,11,11,11,39,5,72,62,62,62,56,56,84,79,79,79,75,67,69,99,99,99,91],"gold":172,"neow_bonus":"REMOVE_CARD","is_daily":false,"chose_seed":false,"campfire_upgraded":3,"win_rate":0.0,"timestamp":1609542447,"path_taken":["M","M","$","?","COS","E","?","R","T","E","R","M","?","?","R","BOSS","M","?","?","M","COS","E","?","M","T","E","$","?","M","M","R","BOSS","M","?","M","M","$","R","E","?","T","E","M","M","R","M","R","BOSS"],"items_purchased_type":["Card","Card","Card"],"build_version":"2020-12-22","purchased_purges":2,"victory":true,"max_hp_per_floor":[75,75,75,75,75,75,89,89,89,89,89,89,89,89,89,89,89,89,89,89,89,89,89,89,89,89,89,89,94,94,94,94,94,94,94,94,94,94,94,94,94,94,94,96,98,100,100,100,100,100],"card_choices":[{"not_picked":["AsteroidBelt","MilkyWay"],"picked":"GalacticHalo","floor":1.0},{"not_picked":["DC","ManaConvection"],"picked":"MagicAbsorber","floor":2.0},{"not_picked":["GalacticHalo","DarkSpark"],"picked":"ManaRampage","floor":6.0},{"not_picked":["GrandCross","6A"],"picked":"DoubleSpark","floor":10.0},{"not_picked":["GravityBeat","MysteriousBeam"],"picked":"BlazeAway","floor":12.0},{"not_picked":["SuperNova","AbsoluteMagnitude"],"picked":"TreasureHunter","floor":16.0},{"not_picked":["DC","MilkyWay+1"],"picked":"EnergyFlow","floor":18.0},{"not_picked":["6A","GravityBeat"],"picked":"ChargingUp","floor":21.0},{"not_picked":["AsteroidBelt","JA"],"picked":"GalacticHalo","floor":23.0},{"not_picked":["WitchOfGreed+1","MysteriousBeam"],"picked":"GasGiant","floor":25.0},{"not_picked":["SprinkleStarSeal","MagicChant+1"],"picked":"OrrerysSun+1","floor":27.0},{"not_picked":["LuminesStrike","SprinkleStarSeal"],"picked":"MilkyWay+1","floor":30.0},{"not_picked":["UnstableBomb+1","GrandCross+1"],"picked":"6A","floor":31.0},{"not_picked":["BlazingStar","SuperNova+1"],"picked":"CollectingQuirk","floor":33.0},{"not_picked":["6A","GravityBeat"],"picked":"MysteriousBeam+1","floor":35.0},{"not_picked":["WitchOfGreed+1","IllusionStar"],"picked":"FairyDestructionRay+1","floor":37.0},{"not_picked":["MysteriousBeam+1","EnergyRecoil+1"],"picked":"ChargingUp","floor":38.0},{"not_picked":["ShootTheMoon","LuminesStrike"],"picked":"DeepEcoloBomb+1","floor":41},{"not_picked":["Gensokyo:RainbowDanmaku","Gensokyo:HouraiInAPot"],"picked":"Gensokyo:UnlikelyAid","floor":42},{"not_picked":["GrandCross","ShootTheMoon+1","BlazeAway+1"],"picked":"Singing Bowl","floor":44},{"not_picked":["StarBarrage+1","SporeBomb+1","IllusionStar+1"],"picked":"Singing Bowl","floor":45},{"not_picked":["SatelliteIllusion+1","EnergyRecoil","DarkSpark"],"picked":"Singing Bowl","floor":46},{"not_picked":["Occultation","WitchOfGreed+1"],"picked":"AsteroidBelt","floor":48}],"player_experience":404433,"relics_obtained":[{"floor":6.0,"key":"Matryoshka"},{"floor":9.0,"key":"AmplifyWand"},{"floor":9.0,"key":"Gremlin Horn"},{"floor":10.0,"key":"Vajra"},{"floor":14.0,"key":"Happy Flower"},{"floor":14.0,"key":"Juzu Bracelet"},{"floor":19.0,"key":"Whetstone"},{"floor":23.0,"key":"CeramicFish"},{"floor":23.0,"key":"Nunchaku"},{"floor":26.0,"key":"Ornamental Fan"},{"floor":27.0,"key":"Bronze Scales"},{"floor":27.0,"key":"Frozen Egg 2"},{"floor":41,"key":"Ice Cream"},{"floor":43,"key":"Singing Bowl"},{"floor":44,"key":"InkBottle"}],"event_choices":[],"is_beta":false,"boss_relics":[{"not_picked":["SacredBark","Coffee Dripper"],"picked":"Sozu"},{"not_picked":["Runic Pyramid","Runic Dome"],"picked":"Runesmith:UraniumAnvil"}],"items_purged_floors":[24,39],"is_endless":false,"potions_floor_spawned":[12,30,31,33,35,44],"ascension_level":9}}