{"host":"lg1piimdyocafd6j","time":1609507558,"event":{"mods":["AchievementEnabler","BaseMod","Better Third Choice","BetterRewards","Colored Map","Colored Powertips","Downfall","Minty Spire (QoL Compilation)","Quick Restart","Rare Cards Sparkle","StSLib","SuperFastMode"],"gold_per_floor":[111,72,85,85,62,92,92,124,148,37,50,63,81,98,98,201,201,211,192,267,143,68,68,86,100,100,100,100],"floor_reached":27,"playtime":1542,"items_purged":["Strike_G","Strike_G","Strike_G","Strike_G","Strike_G"],"score":250,"play_id":"ddad5105-4e28-4093-9a97-f1758aba6f4d","local_time":"20210101142558","is_ascension_mode":false,"campfire_choices":[{"data":"Noxious Fumes","floor":7,"key":"SMITH"},{"floor":15,"key":"REST"},{"floor":23,"key":"REST"}],"circlet_count":0,"master_deck":["Defend_G","Defend_G","Defend_G","Defend_G","Defend_G","Survivor","Noxious Fumes","Noxious Fumes","Slice+1","Footwork","Deflect","Backflip","Slice+1","Noxious Fumes+1","Quick Slash+1","Catalyst","Slice+1","A Thousand Cuts","Catalyst"],"relics":["Ring of the Snake","Membership Card","Molten Egg 2","Boot","Pen Nib","Runic Pyramid","TungstenRod"],"acts_visited":["Exordium","TheCity"],"potions_floor_usage":[8,8,18],"damage_taken":[{"damage":2,"enemies":"Small Slimes","floor":1,"turns":6},{"damage":0,"enemies":"Cultist","floor":3,"turns":5},{"damage":0,"enemies":"Lagavulin","floor":6,"turns":7},{"damage":8,"enemies":"Gremlin Nob","floor":8,"turns":4},{"damage":0,"enemies":"Jaw Worm","floor":11,"turns":3},{"damage":2,"enemies":"Looter","floor":12,"turns":4},{"damage":0,"enemies":"Red Slaver","floor":13,"turns":4},{"damage":5,"enemies":"3 Louse","floor":14,"turns":4},{"damage":5,"enemies":"The Guardian","floor":16,"turns":8},{"damage":5,"enemies":"3 Byrds","floor":18,"turns":5},{"damage":21,"enemies":"2 Thieves","floor":19,"turns":4},{"damage":13,"enemies":"3 Cultists","floor":24,"turns":5},{"damage":12,"enemies":"Shelled Parasite and Fungi","floor":25,"turns":5},{"damage":1,"enemies":"Centurion and Healer","floor":27,"turns":2}],"seed_played":"-3395004004578198200","potions_obtained":[{"floor":1,"key":"Explosive Potion"},{"floor":3,"key":"ColorlessPotion"},{"floor":8,"key":"Block Potion"},{"floor":24,"key":"LiquidBronze"}],"is_trial":false,"path_per_floor":["M","$","M","?","$","E","R","E","T","$","M","M","M","M","R","B",null,"M","M","?","$","?","R","M","M","T","M"],"character_chosen":"THE_SILENT","items_purchased":["Noxious Fumes","Membership Card","Noxious Fumes","Molten Egg 2","Footwork","Slice+1","Catalyst","Catalyst"],"campfire_rested":2,"item_purchase_floors":[0,0,0,0,2,5,10,21],"current_hp_per_floor":[68,68,68,68,68,68,68,60,60,60,60,58,58,53,70,65,70,65,44,37,37,37,58,45,33,33,32,32],"gold":100,"neow_bonus":"","is_daily":false,"chose_seed":false,"campfire_upgraded":1,"win_rate":0.0,"timestamp":1609507558,"path_taken":["M","$","M","?","$","E","R","E","T","?","?","M","M","M","R","BOSS","M","M","?","?","?","R","?","M","T","M"],"items_purchased_type":["Card","Relic","Card","Relic","Card","Card","Card","Card"],"build_version":"2020-12-22","purchased_purges":5,"victory":false,"max_hp_per_floor":[70,70,70,70,70,70,70,70,70,70,70,70,70,70,70,70,70,70,70,70,70,70,70,70,70,70,70,70],"card_choices":[{"not_picked":["Dodge and Roll","Flying Knee+1"],"picked":"Slice+1","floor":1},{"not_picked":["Flying Knee+1","Flechettes+1"],"picked":"Deflect","floor":3},{"not_picked":["PiercingWail","Catalyst"],"picked":"Noxious Fumes","floor":6},{"not_picked":["Accuracy","Underhanded Strike+1"],"picked":"Quick Slash+1","floor":8},{"not_picked":["Poisoned Stab+1","Backflip","Dodge and Roll"],"picked":"SKIP","floor":11},{"not_picked":["Die Die Die+1","Prepared","Dagger Throw+1"],"picked":"SKIP","floor":12},{"not_picked":["Blade Dance","Endless Agony+1","Quick Slash+1"],"picked":"SKIP","floor":13},{"not_picked":["Flying Knee+1","Backflip"],"picked":"Slice+1","floor":14},{"not_picked":["Wraith Form v2","Storm of Steel"],"picked":"A Thousand Cuts","floor":16},{"not_picked":["Blade Dance","Dash+1","Underhanded Strike+1"],"picked":"SKIP","floor":18},{"not_picked":["Dash+1","Accuracy","Leg Sweep+1"],"picked":"SKIP","floor":19},{"not_picked":["Backflip","Prepared","Blur+1"],"picked":"SKIP","floor":24},{"not_picked":["Dagger Spray+1","Reflex","Cloak And Dagger+1"],"picked":"SKIP","floor":25}],"player_experience":172684,"relics_obtained":[{"floor":6,"key":"Boot"},{"floor":8,"key":"Pen Nib"},{"floor":26,"key":"TungstenRod"}],"event_choices":[{"damage_healed":0,"gold_gain":0,"player_choice":"1 cards matched","damage_taken":0,"max_hp_gain":0,"max_hp_loss":0,"event_name":"Match and Keep!","floor":4,"gold_loss":0,"cards_obtained":["Backflip"]},{"damage_healed":0,"gold_gain":75,"player_choice":"Touch","damage_taken":7,"max_hp_gain":0,"max_hp_loss":0,"event_name":"FaceTrader","floor":20,"gold_loss":0},{"cards_removed":["Neutralize"],"damage_healed":0,"gold_gain":0,"player_choice":"Gave Gold","damage_taken":0,"max_hp_gain":0,"max_hp_loss":0,"event_name":"Beggar","floor":22,"gold_loss":75}],"is_beta":false,"boss_relics":[{"not_picked":["Calling Bell","Sozu"],"picked":"Runic Pyramid"}],"items_purged_floors":[0,0,0,10,21],"is_endless":false,"potions_floor_spawned":[1,3,8,24],"killed_by":"Centurion and Healer","ascension_level":0}}