{"host":"963ykkbusvcbqwtq","time":1609487142,"event":{"mods":["2.2 Compatiblity","AchievementEnabler","Arknights The Spire","BaseMod","Colored Map","GifTheSpireLib","GungeonMod","Lobotomy","Luminous","Minty Spire (QoL Compilation)","StSLib","SuperFastMode","The Bug Knight"],"gold_per_floor":[113,9381,9331,9351,9351,9351,9409,9409,9409,9422,9441,9475,9489,9519,9519,9640,9640,9660,8941,8953,8953,8967,8967,8998,8998,8998,8998,9021,9032,9047,9058,9070,9070,9070,9171,9171,9189,9239,8960,8960,8972,9008,9027,9039,9039,8287,8312,8325,8339,8357,8357,8357],"floor_reached":53,"playtime":3563,"items_purged":["DemoMod:Strike_Huntress","DemoMod:Strike_Huntress","DemoMod:Defend_Huntress","Pain"],"score":937,"play_id":"37dc4751-4649-406a-8e14-46af3315b41c","local_time":"20210101164542","is_ascension_mode":true,"campfire_choices":[{"data":"DemoMod:AWP","floor":6.0,"key":"SMITH"},{"data":"DemoMod:ManualReload","floor":8,"key":"SMITH"},{"data":"DemoMod:Casey","floor":15,"key":"SMITH"},{"data":"DemoMod:BlankBullets","floor":23,"key":"SMITH"},{"data":"DemoMod:ShadowBullets","floor":25,"key":"SMITH"},{"data":"DemoMod:Slinger","floor":27,"key":"SMITH"},{"data":"DemoMod:CombinedRifle","floor":33,"key":"SMITH"},{"data":"DemoMod:GunslingerForm","floor":51,"key":"SMITH"}],"circlet_count":0,"master_deck":["DemoMod:Defend_Huntress","DemoMod:Defend_Huntress","DemoMod:Defend_Huntress","DemoMod:Roll","DemoMod:ManualReload+1","DemoMod:RustySidearm","DemoMod:CrossBow","DemoMod:FastSwitch","VoidDream","DemoMod:AWP+1","Murderer","UniverseFragment","DemoMod:ShadowBullets+1","DemoMod:Slinger+1","DemoMod:Casey+1","DemoMod:FullFirepower+1","DemoMod:StrategicReserve+1","DemoMod:BlankBullets+1","DemoMod:TripleGun","DemoMod:CombinedRifle+1","DemoMod:PotionOfGunFriendShip+1","DemoMod:BattleInHaste+1","DemoMod:GunslingerForm+1","DemoMod:SpreadAmmo+1","DemoMod:ProbeStrike+1","VoidDream","DemoMod:MegaHand+1","DemoMod:RadGun+1","BlackSwan"],"relics":["DemoMod:Dog","CogitoBucket","RabbitCall","Toxic Egg 2","DemoMod:RedGuonStone","Toolbox","Calipers","DemoMod:MemoryAlloy","TreeSap","ats:Originium","Art of War","DemoMod:RiddleOfLead","DemoMod:PortableTableDevice","DemoMod:CrisisStone","WarpedTongs","AspirationHeart","DemoMod:PinkGuonStone","LuminousBracelet","DemoMod:RatBoots","DemoMod:ResourcefulSack","DemoMod:PartiallyEatenCheese","Sozu","Cursed Key","Pocketwatch","HollowMod:JonisBlessing","DemoMod:GlassGuonStoneRelic","DemoMod:HoleyGrail","DemoMod:MeatBun","Oddly Smooth Stone","Thread and Needle","DemoMod:Metronome"],"acts_visited":["Exordium","TheCity","DemoMod:Maze","TheBeyond"],"potions_floor_usage":[31],"damage_taken":[{"damage":20.0,"enemies":"2 Louse","floor":1.0,"turns":3.0},{"damage":0.0,"enemies":"Jaw Worm","floor":4.0,"turns":3.0},{"damage":7.0,"enemies":"3 Sentries","floor":7.0,"turns":10.0},{"damage":0,"enemies":"Cultist","floor":10,"turns":2},{"damage":0,"enemies":"Blue Slaver","floor":11,"turns":2},{"damage":15,"enemies":"Lagavulin","floor":12,"turns":9},{"damage":35,"enemies":"Exordium Thugs","floor":13,"turns":15},{"damage":15,"enemies":"3 Sentries","floor":14,"turns":13},{"damage":18,"enemies":"Slime Boss","floor":16,"turns":15},{"damage":9,"enemies":"Chosen","floor":18,"turns":4},{"damage":0,"enemies":"Shell Parasite","floor":20,"turns":3},{"damage":61,"enemies":"Snake Plant","floor":22,"turns":14},{"damage":2,"enemies":"Book of Stabbing","floor":24,"turns":3},{"damage":1,"enemies":"DemoMod:Veteran_shot_gun_kin_and_bullet_kin","floor":28,"turns":3},{"damage":6,"enemies":"DemoMod:2_Veteran_bullet_kins_and_red_shotgun_kin","floor":29,"turns":3},{"damage":27,"enemies":"DemoMod:Veteran_shot_gun_kin_and_blue_shotgun_kin","floor":30,"turns":2},{"damage":106,"enemies":"DemoMod:Red_and_blue_shotgun_kin_with_gunsinger","floor":31,"turns":15},{"damage":16,"enemies":"DemoMod:Veteran_shot_gun_kin_and_blue_shotgun_kin_with_gunsinger","floor":32,"turns":3},{"damage":31,"enemies":"DemoMod:ResourcefulRat","floor":35,"turns":12},{"damage":7,"enemies":"3 Shapes","floor":37,"turns":4},{"damage":4,"enemies":"Mind Bloom Boss Battle","floor":38,"turns":7},{"damage":0,"enemies":"3 Darklings","floor":41,"turns":5},{"damage":3,"enemies":"Giant Head","floor":42,"turns":8},{"damage":0,"enemies":"Jaw Worm Horde","floor":43,"turns":2},{"damage":0,"enemies":"Sphere and 2 Shapes","floor":44,"turns":6},{"damage":0,"enemies":"Reptomancer","floor":47,"turns":4},{"damage":0,"enemies":"Spire Growth","floor":48,"turns":1},{"damage":0,"enemies":"Transient","floor":49,"turns":5},{"damage":0,"enemies":"Maw","floor":50,"turns":4},{"damage":0,"enemies":"FixerMidnight","floor":52,"turns":15}],"seed_played":"-7117729945548161443","potions_obtained":[{"floor":1.0,"key":"Weak Potion"},{"floor":5.0,"key":"FairyPotion"},{"floor":5.0,"key":"SmokeBomb"},{"floor":10,"key":"DemoMod:LeadSkinPotion"},{"floor":29,"key":"Ancient Potion"},{"floor":32,"key":"Dexterity Potion"}],"is_trial":false,"path_per_floor":["M","$","?","M","?","R","E","R","T","M","M","E","M","E","R","B",null,"M","$","M","?","M","R","E","R","T","R","M","M","M","M","M","R","B","B",null,"M","?","$","?","M","E","M","M","T","$","E","M","M","M","R","B",null],"character_chosen":"HUNTRESS","items_purchased":["DemoMod:GnawedKey","Toxic Egg 2","DemoMod:RedGuonStone","Toolbox","DemoMod:PortableTableDevice","DemoMod:CrisisStone","DemoMod:BlankBullets","DemoMod:TripleGun","DemoMod:CombinedRifle","HollowMod:JonisBlessing","DemoMod:MeatBun","DemoMod:WeirdEgg","Thread and Needle"],"campfire_rested":0,"item_purchase_floors":[2,2,2,2,19,19,19,19,19,39,46,46,46],"current_hp_per_floor":[50,50,50,50,50,50,43,43,43,43,43,28,21,64,64,46,80,71,71,71,71,69,69,74,74,97,97,96,90,63,97,83,83,26,82,82,82,72,72,72,62,49,49,42,42,42,42,42,32,22,22,2],"gold":8357,"neow_bonus":"","is_daily":false,"chose_seed":false,"campfire_upgraded":8,"win_rate":0.0,"timestamp":1609487142,"path_taken":["M","$","?","M","?","R","E","R","T","M","M","E","?","E","R","BOSS","M","$","M","?","?","R","E","R","T","R","M","M","M","M","M","R","BOSS","BOSS","M","?","$","?","?","E","?","M","T","$","E","M","M","M","R","BOSS"],"items_purchased_type":["Relic","Relic","Relic","Relic","Relic","Relic","Card","Card","Card","Relic","Relic","Relic","Relic"],"build_version":"2020-12-22","purchased_purges":4,"victory":true,"max_hp_per_floor":[70,70,70,70,70,70,70,70,70,70,70,70,70,70,70,70,80,80,80,80,80,90,90,97,97,97,97,97,97,97,97,97,97,97,82,82,82,72,72,72,62,52,52,42,42,42,42,42,32,22,22,2],"card_choices":[{"not_picked":["DemoMod:JK47","DemoMod:SAA"],"picked":"DemoMod:FastSwitch","floor":1.0},{"not_picked":["PunishingBird","SnowQueen"],"picked":"VoidDream","floor":4.0},{"not_picked":["DemoMod:Replace+1","DemoMod:HuntsMan"],"picked":"DemoMod:AWP","floor":4.0},{"not_picked":["DemoMod:ZorGun","DemoMod:AbyssalTentacle","DemoMod:Casey"],"picked":"SKIP","floor":7},{"not_picked":["DemoMod:DoubleSwitch+1","DemoMod:JK47","DemoMod:TeaPot"],"picked":"SKIP","floor":10},{"not_picked":["DemoMod:DoubleSwitch+1","DemoMod:JK47","DemoMod:TeaPot"],"picked":"SKIP","floor":10},{"not_picked":["BeautyBeast","OSAHOGD"],"picked":"Murderer","floor":11},{"not_picked":["DemoMod:JK47","DemoMod:Ejector+1","DemoMod:BoxingGlove"],"picked":"SKIP","floor":11},{"not_picked":["Freischutz","FairyFestival"],"picked":"UniverseFragment","floor":12},{"not_picked":["DemoMod:DoubleSwitch+1","DemoMod:MachoBrace+1"],"picked":"DemoMod:ShadowBullets","floor":12},{"not_picked":["DemoMod:Casey","DemoMod:SAA"],"picked":"DemoMod:Slinger","floor":13},{"not_picked":["DemoMod:HuntsMan","DemoMod:ChanceBullets"],"picked":"DemoMod:Casey","floor":14},{"not_picked":["DemoMod:ThirdPartyController","DemoMod:DarkMarker"],"picked":"DemoMod:FullFirepower+1","floor":16},{"not_picked":["DemoMod:GunstockTap+1","DemoMod:DoubleSwitch+1"],"picked":"DemoMod:StrategicReserve+1","floor":18},{"not_picked":["DemoMod:BattleInHaste+1","DemoMod:Ejector+1"],"picked":"DemoMod:PotionOfGunFriendShip+1","floor":20},{"not_picked":["DemoMod:DoubleSwitch+1","DemoMod:CursedBullets","DemoMod:MachoBrace+1"],"picked":"SKIP","floor":22},{"not_picked":["DemoMod:Casey","DemoMod:JK47+1","DemoMod:TripleGun+1"],"picked":"SKIP","floor":22},{"not_picked":["DemoMod:Casey","DemoMod:Ejector+1","DemoMod:Unmoved+1"],"picked":"SKIP","floor":24},{"not_picked":["DemoMod:DirectionalPad","DemoMod:AC15","DemoMod:Ejector+1"],"picked":"SKIP","floor":28},{"not_picked":["DemoMod:Camera+1","DemoMod:TeaPot","DemoMod:FastSwitch+1"],"picked":"SKIP","floor":29},{"not_picked":["DemoMod:MachoBrace+1","DemoMod:Unity","DemoMod:HardPowerCard+1"],"picked":"SKIP","floor":30},{"not_picked":["DemoMod:SAA+1","DemoMod:StickyCrossBow"],"picked":"DemoMod:BattleInHaste+1","floor":31},{"not_picked":["DemoMod:DoubleSwitch+1","DemoMod:PotionOfGunFriendShip+1","DemoMod:SAA+1"],"picked":"SKIP","floor":32},{"not_picked":["DemoMod:FullFirepower+1","DemoMod:Behold!+1"],"picked":"DemoMod:GunslingerForm","floor":35},{"not_picked":["DemoMod:ConditionalReflex+1","DemoMod:PotionOfGunFriendShip+1"],"picked":"DemoMod:SpreadAmmo+1","floor":37},{"not_picked":["DemoMod:BoxingGlove","DemoMod:Replace+1"],"picked":"DemoMod:ProbeStrike+1","floor":38},{"not_picked":["DemoMod:PotionOfGunFriendShip+1","DemoMod:TripleGun+1","DemoMod:Ejector+1"],"picked":"SKIP","floor":41},{"not_picked":["DemoMod:GunstockTap+1","DemoMod:PracticeMakesPerfect+1"],"picked":"DemoMod:MegaHand+1","floor":42},{"not_picked":["DemoMod:HardPowerCard+1","DemoMod:Casey"],"picked":"DemoMod:RadGun+1","floor":43},{"not_picked":["Bloodbath","SnowQueen"],"picked":"BlackSwan","floor":44},{"not_picked":["DemoMod:FeignSurrender+1","DemoMod:MegaHand+1","DemoMod:TableSutra+1"],"picked":"SKIP","floor":44},{"not_picked":["DemoMod:FeignSurrender+1","DemoMod:MegaHand+1","DemoMod:TableSutra+1"],"picked":"SKIP","floor":44},{"not_picked":["DemoMod:CombinedRifle","DemoMod:TripleGun+1","DemoMod:AC15+1"],"picked":"SKIP","floor":47},{"not_picked":["DemoMod:SAA+1","DemoMod:GunstockTap","DemoMod:MegaHand"],"picked":"SKIP","floor":48},{"not_picked":["DemoMod:BattleInHaste+1","DemoMod:SkilledReload+1","DemoMod:HuntsMan"],"picked":"SKIP","floor":49},{"not_picked":["DemoMod:Camera+1","DemoMod:JK47","DemoMod:StickyCrossBow+1"],"picked":"SKIP","floor":50}],"player_experience":235386,"relics_obtained":[{"floor":7,"key":"Calipers"},{"floor":12,"key":"DemoMod:MemoryAlloy"},{"floor":14,"key":"ats:Originium"},{"floor":14,"key":"Art of War"},{"floor":24,"key":"DemoMod:PinkGuonStone"},{"floor":36,"key":"DemoMod:RatBoots"},{"floor":36,"key":"DemoMod:ResourcefulSack"},{"floor":36,"key":"DemoMod:PartiallyEatenCheese"},{"floor":36,"key":"Sozu"},{"floor":36,"key":"Cursed Key"},{"floor":38,"key":"Pocketwatch"},{"floor":42,"key":"DemoMod:HoleyGrail"},{"floor":47,"key":"DemoMod:Metronome"},{"floor":47,"key":"ats:Originium"}],"event_choices":[{"cards_removed":["DemoMod:Strike_Huntress"],"damage_healed":0.0,"max_hp_gain":0.0,"max_hp_loss":0.0,"gold_gain":0.0,"event_name":"The Cleric","player_choice":"Card Removal","floor":3.0,"gold_loss":50.0,"damage_taken":0.0},{"damage_healed":0.0,"max_hp_gain":0.0,"max_hp_loss":0.0,"gold_gain":0.0,"event_name":"Lab","player_choice":"Got Potions","floor":5.0,"gold_loss":0.0,"damage_taken":0.0},{"damage_healed":0,"gold_gain":0,"player_choice":"Rummage","damage_taken":0,"relics_obtained":["WarpedTongs"],"max_hp_gain":0,"max_hp_loss":0,"event_name":"Accursed Blacksmith","floor":21,"gold_loss":0,"cards_obtained":["Pain"]},{"damage_healed":0,"gold_gain":0,"player_choice":"Fight","damage_taken":0,"max_hp_gain":0,"max_hp_loss":0,"event_name":"MindBloom","floor":38,"gold_loss":0},{"damage_healed":0,"gold_gain":0,"player_choice":"Copied","damage_taken":0,"max_hp_gain":0,"max_hp_loss":0,"event_name":"Duplicator","floor":40,"gold_loss":0,"cards_obtained":["VoidDream"]}],"is_beta":false,"boss_relics":[{"not_picked":["SlaversCollar","DemoMod:ElasticCartridgeClip"],"picked":"DemoMod:RiddleOfLead"},{"not_picked":[]}],"items_purged_floors":[2,19,39,46],"is_endless":false,"potions_floor_spawned":[1,10,29,32,35,37,43,48,49,50],"ascension_level":2}}