{"host":"u3jctbsl7uavviuy","time":1609537142,"event":{"mods":["BaseMod","BetterRewards","GungeonMod","HololiveMod","Luminous","Marisa（F雨　魔理沙）","Minty Spire (QoL Compilation)","Relic Stats","Replay The Spire","Shop Mod","Spicy Shops","StSLib","TestMod","The Animator","The Cursed","The Gatherer","The Servant 0.9.4","WarShipGirlsR/战舰少女R mod","vexMod","篝火指南"],"gold_per_floor":[109,119,36,62,62,129,129,54,54,54,88,88,121,161,161,254,254,282,321,241,291,337,384,130,209,209,81,81,143,188,238,238,338,338,400,429,472,472,519,288,688,759,759,801,858,909,925,971,654,690,716,716,18,18,46,46],"floor_reached":57,"playtime":2937,"items_purged":["Strike_R","Defend_R","Defend_R","Doubt","Doubt","TheCursedMod:Dregs","Strike_R","Barricade","Strike_R","Strike_R"],"score":4499,"play_id":"ec8e59c9-5501-4d1d-a6e5-b9ab92956890","local_time":"20210102063902","is_ascension_mode":true,"campfire_choices":[{"data":"Body Slam","floor":7,"key":"SMITH"},{"floor":12,"key":"RECALL"},{"data":"Pot Of Greed","floor":15,"key":"SMITH"},{"data":"Pot Of Greed","floor":28,"key":"SMITH"},{"data":"Entrench","floor":32,"key":"SMITH"}],"circlet_count":0,"master_deck":["AscendersBane","Defend_R","Defend_R","Bash","Pot Of Greed+1","Discovery","Pot Of Greed+1","Dark Embrace","Whirlwind","Body Slam+1","True Grit","testmod-Arrangement","Metallicize","Secret Technique","Power Through","Power Through","Rage","Battle Trance","Feel No Pain","Pot Of Greed+1","Disarm","Sword Boomerang+1","Burning Pact","Entrench+1","ReplayReversal","Fiend Fire+1","Bloodletting","Sentinel+1","Pot Of Greed+1","ReplayTheSpireMod:Private Reserves","ReplayTheSpireMod:Private Reserves","Body Slam+1","Seeing Red","Sentinel+1","Pot Of Greed+1","Replay:BasicMightCard"],"relics":["Burning Blood","testmod-CrystalShield","MerchantsRug","Membership Card","HornCleat","Toy Ornithopter","Chemical X","Replay:Baseball","Quantum Egg","Molten Egg 2","CaptainsWheel","Replay:Rubber Ducky","Singing Bowl","testmod-Nyarlathotep","testmod-Justice","DemoMod:SerJunkan","DemoMod:Junk","DemoMod:GlassGuonStoneRelic","Replay:Bottled Steam","Art of War","testmod-Hope","Bag of Preparation","vexMod:PaidLearning","OrangePellets","Pear","vexMod:FocusSash","Onion Ring"],"acts_visited":["Exordium","TheCity","TheBeyond","TheEnding"],"potions_floor_usage":[47,56,56],"damage_taken":[{"damage":0,"enemies":"Cultist","floor":1,"turns":4},{"damage":0,"enemies":"Small Slimes","floor":2,"turns":1},{"damage":0,"enemies":"2 Louse","floor":4,"turns":2},{"damage":0,"enemies":"3 Sentries","floor":6,"turns":3},{"damage":0,"enemies":"Gremlin Nob","floor":11,"turns":4},{"damage":0,"enemies":"Exordium Thugs","floor":13,"turns":4},{"damage":0,"enemies":"Large Slime","floor":14,"turns":3},{"damage":0,"enemies":"Hexaghost","floor":16,"turns":7},{"damage":0,"enemies":"Chosen","floor":18,"turns":6},{"damage":0,"enemies":"Spheric Guardian","floor":19,"turns":3},{"damage":5,"enemies":"Shelled Parasite and Fungi","floor":22,"turns":6},{"damage":0,"enemies":"Book of Stabbing","floor":23,"turns":6},{"damage":0,"enemies":"Slavers","floor":25,"turns":6},{"damage":0,"enemies":"3 Cultists","floor":29,"turns":3},{"damage":0,"enemies":"Gremlin Leader","floor":30,"turns":4},{"damage":1,"enemies":"Centurion and Healer","floor":31,"turns":2},{"damage":0,"enemies":"Automaton","floor":33,"turns":3},{"damage":0,"enemies":"3 Darklings","floor":35,"turns":3},{"damage":0,"enemies":"Orb Walker","floor":36,"turns":3},{"damage":3,"enemies":"Sphere and 2 Shapes","floor":37,"turns":4},{"damage":0,"enemies":"Mind Bloom Boss Battle","floor":39,"turns":6},{"damage":0,"enemies":"R_Hoarder","floor":42,"turns":3},{"damage":3,"enemies":"Writhing Mass","floor":44,"turns":2},{"damage":3,"enemies":"Transient","floor":45,"turns":4},{"damage":0,"enemies":"Giant Head","floor":46,"turns":2},{"damage":0,"enemies":"4 Shapes","floor":47,"turns":2},{"damage":0,"enemies":"R_Hoarder","floor":48,"turns":5},{"damage":0,"enemies":"Awakened One","floor":50,"turns":4},{"damage":0,"enemies":"Donu and Deca","floor":51,"turns":3},{"damage":0,"enemies":"Shield and Spear","floor":55,"turns":2},{"damage":7,"enemies":"The Heart","floor":56,"turns":5}],"seed_played":"1100673820463160100","potions_obtained":[{"floor":2,"key":"DemoMod:LeadSkinPotion"},{"floor":4,"key":"Explosive Potion"},{"floor":13,"key":"Elixir"},{"floor":23,"key":"Adrenaline Potion"},{"floor":39,"key":"DistilledChaos"}],"is_trial":false,"path_per_floor":["M","M","$","M","?","E","R","?","T","?","E","R","M","M","R","B",null,"M","M","?","?","M","E","$","E","T","$","R","M","E","M","R","B",null,"M","M","M","?","?","R","?","E","T","M","M","E","M","E","R","B","B",null,"R","$","E","B",null],"character_chosen":"IRONCLAD","items_purchased":["MerchantsRug","Membership Card","Grinning Jar","HornCleat","Toy Ornithopter","BargainBundle","Chemical X","Replay:Baseball","Discovery","Potion Belt","LiquidMemories","LiquidMemories","Dark Embrace","Quantum Egg","Whirlwind","Body Slam","True Grit","testmod-Arrangement","Molten Egg 2","Metallicize","Secret Technique","Power Through","Feel No Pain","Replay:Bandana","DemoMod:SerJunkan","Entrench","ReplayReversal","Replay:Bottled Steam","DollysMirror","Bag of Preparation","vexMod:PaidLearning","DuplicationPotion","Replay:BasicMightCard","OrangePellets","Pear","vexMod:FocusSash","Onion Ring"],"campfire_rested":0,"item_purchase_floors":[0,0,0,0,0,0,0,0,0,0,0,0,0,0,0,0,0,0,0,0,0,0,3,3,24,24,27,40,49,53,53,53,53,53,53,53,53],"current_hp_per_floor":[26,32,32,38,38,44,44,44,44,44,50,50,56,62,62,68,73,77,79,79,79,79,81,81,83,83,83,83,85,87,89,89,89,89,91,91,91,83,89,89,89,95,95,97,99,99,101,101,101,101,101,101,111,111,113,113],"gold":46,"neow_bonus":"","is_daily":false,"chose_seed":false,"campfire_upgraded":4,"win_rate":0.0,"timestamp":1609537142,"path_taken":["M","M","$","?","?","E","R","?","T","?","E","R","M","M","R","BOSS","M","M","?","?","M","E","$","E","T","$","R","M","E","?","R","BOSS","M","M","M","?","?","R","?","E","T","?","M","E","M","E","R","BOSS","BOSS","R","$","E","BOSS"],"items_purchased_type":["Relic","Relic","Relic","Relic","Relic","Relic","Relic","Relic","Card","Relic","Potion","Potion","Card","Relic","Card","Card","Card","Card","Relic","Card","Card","Card","Card","Relic","Relic","Card","Card","Relic","Relic","Relic","Relic","Potion","Card","Relic","Relic","Relic","Relic"],"build_version":"2020-12-22","purchased_purges":10,"victory":true,"max_hp_per_floor":[75,75,75,75,75,75,75,75,75,75,75,75,75,75,75,75,75,77,79,79,79,79,81,81,83,83,83,83,85,87,89,89,89,89,91,91,91,93,93,93,93,95,95,97,99,99,101,101,101,101,101,101,111,111,113,113],"relic_stats":{"OrangePellets":[3],"Singing Bowl":28,"counters":[252,1050],"Art of War":[30],"Bag of Preparation":[68],"Chemical X":[80],"obtain_stats":[{"Replay:Accelerometer":9,"testmod-HeartOfStrike":43,"vexMod:MemoryStick":12,"DemoMod:AgedBell":10,"Whetstone":49,"Sling":0,"Blood Vial":29,"vexMod:InvisibilityCloak":9,"testmod-Prudence":17,"vexMod:CardConverter":17,"Sundial":28,"vexMod:EndlessSickness":34,"DemoMod:LamentConfigurum":0,"DemoMod:MeltedRock":28,"Fusion Hammer":34,"Replay:Bottled Steam":40,"MerchantsRug":0,"testmod-TestBox":0,"Pear":45,"Blue Candle":0,"Counterbalance":54,"Eternal Feather":0,"Pen Nib":25,"Replay:Ancient Bell":17,"vexMod:GhostlyGear":0,"DemoMod:GundromedaStrain":42,"DemoMod:MeatBun":53,"Ooze Armor":17,"MutagenicStrength":22,"DemoMod:SerJunkan":26,"Mark of Pain":17,"Lantern":29,"Regal Pillow":7,"Singing Bowl":0,"testmod-Temperance":17,"DemoMod:BigBoy":24,"Magic Flower":0,"testmod-EqualTreatment":27,"Blue Doll":31,"King of Hearts":0,"Bag of Preparation":0,"Burning Blood":0,"testmod-CasingShield":32,"Pet Ghost":40,"Replay:Rubber Ducky":19,"Matryoshka":27,"Toolbox":37,"testmod-ObsoleteBoomerang":3,"testmod-DeterminationOfClimber":34,"Chemical X":0,"Replay:Bottled Eggs":21,"Potion Belt":40,"Lee\u0027s Waffle":31,"Golden Idol":5,"DemoMod:Antibody":17,"DemoMod:PinkGuonStone":49,"The Courier":10,"Omamori":0,"Frozen Egg 2":0,"testmod-ConstraintPeriapt":6,"MawBank":40,"testmod-Hope":43,"Orrery":20,"Garlic":30,"Art of War":19,"Durian":39,"Bottled Lightning":8,"testmod-BalancedPeriapt":26,"ReplayTheSpireMod:Lightbulb":11,"Toy Ornithopter":27,"DemoMod:GreenGuonStone":28,"Ice Cream":38,"Divine Protection":23,"Tiny House":34,"Calipers":13,"Vajra":23,"testmod-BatchProcessingSystem":8,"testmod-IWantAll":0,"DemoMod:GlassGuonStoneRelic":8,"Sozu":17,"Centennial Puzzle":44,"HornCleat":43,"DollysMirror":0,"Strawberry":10,"Honey Jar":17,"Prayer Wheel":10,"Philosopher\u0027s Stone":17,"Iron Hammer":14,"DemoMod:ClearGuonStone":17,"Toxic Egg 2":0,"testmod-ChristmasGift":0,"Happy Flower":40,"vexMod:ScavengeHelm":17,"Replay:Grab Bag":17,"Oddly Smooth Stone":53,"Charon\u0027s Ashes":26,"vexMod:PaidLearning":20,"War Paint":26,"testmod-SaigiyounoYou":17,"testmod-RealStoneCalender":47,"OrangePellets":53,"Replay:Baseball":32,"ReplayTheSpireMod:Spearhead":43,"ReplayTheSpireMod:Shallot":8,"Shuriken":0,"testmod-Acrobat":8,"Onion Ring":6,"Molten Egg 2":0,"Simple Rune":14,"DemoMod:NanoMachines":44,"ReplayTheSpireMod:TigerMarble":17,"Grinning Jar":53,"Mirror":9,"Meat on the Bone":0,"Incense Burner":25,"Juzu Bracelet":44,"testmod-Nyarlathotep":47,"Replay:Mystery Machine":6,"DemoMod:WhiteGuonStone":27,"Empty Cage":31,"testmod-BouquetWithThorns":46,"PrismaticShard":45,"testmod-Charity":39,"ClockworkSouvenir":39,"Replay:Bandana":11,"testmod-CrystalShield":3,"Nunchaku":8,"testmod-Alchemist":14,"testmod-Motorcycle":0,"Gambling Chip":46,"Tiny Chest":0,"testmod-ArcanaOfDestiny":30,"Red Skull":19,"DemoMod:Junk":31,"DemoMod:Armor":44,"BargainBundle":0,"ReplayTheSpireMod:Ninjato":42,"Quantum Egg":42,"Replay:WaspNest":24,"vexMod:FocusSash":42,"testmod-Justice":0,"Odd Mushroom":11,"testmod-IndustrialRevolution":0,"Medical Kit":0,"White Beast Statue":49,"Mercury Hourglass":9,"vexMod:Dragonfruit":25,"Calling Bell":17,"testmod-Antiphasic":13,"Anchor":0,"Pondfish Scales":10,"CaptainsWheel":11,"vexMod:BarristanHead":6,"testmod-AssaultLearning":47,"vexMod:HeadHunter":40,"Another Sword":0,"Bag of Marbles":12,"Snack Pack":23,"Membership Card":32,"DemoMod:RingOfEthereal":10},{"Replay:Accelerometer":91,"testmod-HeartOfStrike":134,"vexMod:MemoryStick":6,"DemoMod:AgedBell":119,"Whetstone":23,"Sling":56,"Blood Vial":177,"vexMod:InvisibilityCloak":144,"testmod-Prudence":65,"vexMod:CardConverter":158,"Sundial":72,"vexMod:EndlessSickness":43,"DemoMod:LamentConfigurum":56,"DemoMod:MeltedRock":208,"Fusion Hammer":75,"Replay:Bottled Steam":242,"MerchantsRug":113,"testmod-TestBox":0,"Pear":50,"Blue Candle":86,"Counterbalance":220,"Eternal Feather":56,"Pen Nib":13,"Replay:Ancient Bell":122,"vexMod:GhostlyGear":56,"DemoMod:GundromedaStrain":185,"DemoMod:MeatBun":54,"Ooze Armor":149,"MutagenicStrength":68,"DemoMod:SerJunkan":71,"Mark of Pain":171,"Lantern":42,"Regal Pillow":60,"Singing Bowl":113,"testmod-Temperance":201,"DemoMod:BigBoy":205,"Magic Flower":86,"testmod-EqualTreatment":126,"Blue Doll":16,"King of Hearts":56,"Bag of Preparation":113,"Burning Blood":0,"testmod-CasingShield":16,"Pet Ghost":108,"Replay:Rubber Ducky":10,"Matryoshka":176,"Toolbox":105,"testmod-ObsoleteBoomerang":163,"testmod-DeterminationOfClimber":103,"Chemical X":0,"Replay:Bottled Eggs":68,"Potion Belt":215,"Lee\u0027s Waffle":128,"Golden Idol":142,"DemoMod:Antibody":122,"DemoMod:PinkGuonStone":83,"The Courier":196,"Omamori":56,"Frozen Egg 2":0,"testmod-ConstraintPeriapt":28,"MawBank":19,"testmod-Hope":20,"Orrery":35,"Garlic":42,"Art of War":123,"Durian":182,"Bottled Lightning":5,"testmod-BalancedPeriapt":175,"ReplayTheSpireMod:Lightbulb":92,"Toy Ornithopter":40,"DemoMod:GreenGuonStone":72,"Ice Cream":106,"Divine Protection":69,"Tiny House":17,"Calipers":63,"Vajra":12,"testmod-BatchProcessingSystem":144,"testmod-IWantAll":0,"DemoMod:GlassGuonStoneRelic":5,"Sozu":171,"Centennial Puzzle":110,"HornCleat":216,"DollysMirror":86,"Strawberry":155,"Honey Jar":33,"Prayer Wheel":91,"Philosopher\u0027s Stone":171,"Iron Hammer":121,"DemoMod:ClearGuonStone":122,"Toxic Egg 2":189,"testmod-ChristmasGift":86,"Happy Flower":46,"vexMod:ScavengeHelm":158,"Replay:Grab Bag":171,"Oddly Smooth Stone":54,"Charon\u0027s Ashes":13,"vexMod:PaidLearning":202,"War Paint":100,"testmod-SaigiyounoYou":171,"testmod-RealStoneCalender":22,"OrangePellets":250,"Replay:Baseball":16,"ReplayTheSpireMod:Spearhead":109,"ReplayTheSpireMod:Shallot":118,"Shuriken":86,"testmod-Acrobat":29,"Onion Ring":4,"Molten Egg 2":24,"Simple Rune":157,"DemoMod:NanoMachines":186,"ReplayTheSpireMod:TigerMarble":158,"Grinning Jar":84,"Mirror":60,"Meat on the Bone":139,"Incense Burner":71,"Juzu Bracelet":216,"testmod-Nyarlathotep":83,"Replay:Mystery Machine":90,"DemoMod:WhiteGuonStone":101,"Empty Cage":42,"testmod-BouquetWithThorns":83,"PrismaticShard":186,"testmod-Charity":18,"ClockworkSouvenir":18,"Replay:Bandana":62,"testmod-CrystalShield":152,"Nunchaku":166,"testmod-Alchemist":93,"testmod-Motorcycle":0,"Gambling Chip":136,"Tiny Chest":113,"testmod-ArcanaOfDestiny":101,"Red Skull":202,"DemoMod:Junk":74,"DemoMod:Armor":186,"BargainBundle":221,"ReplayTheSpireMod:Ninjato":20,"Quantum Egg":134,"Replay:WaspNest":38,"vexMod:FocusSash":134,"testmod-Justice":86,"Odd Mushroom":197,"testmod-IndustrialRevolution":86,"Medical Kit":86,"White Beast Statue":23,"Mercury Hourglass":166,"vexMod:Dragonfruit":100,"Calling Bell":158,"testmod-Antiphasic":157,"Anchor":24,"Pondfish Scales":145,"CaptainsWheel":226,"vexMod:BarristanHead":28,"testmod-AssaultLearning":52,"vexMod:HeadHunter":133,"Another Sword":0,"Bag of Marbles":32,"Snack Pack":98,"Membership Card":16,"DemoMod:RingOfEthereal":61},{"Replay:Accelerometer":385,"testmod-HeartOfStrike":530,"vexMod:MemoryStick":25,"DemoMod:AgedBell":472,"Whetstone":96,"Sling":232,"Blood Vial":760,"vexMod:InvisibilityCloak":571,"testmod-Prudence":270,"vexMod:CardConverter":695,"Sundial":308,"vexMod:EndlessSickness":180,"DemoMod:LamentConfigurum":232,"DemoMod:MeltedRock":862,"Fusion Hammer":323,"Replay:Bottled Steam":1018,"MerchantsRug":448,"testmod-TestBox":0,"Pear":207,"Blue Candle":366,"Counterbalance":929,"Eternal Feather":232,"Pen Nib":56,"Replay:Ancient Bell":486,"vexMod:GhostlyGear":232,"DemoMod:GundromedaStrain":777,"DemoMod:MeatBun":222,"Ooze Armor":600,"MutagenicStrength":292,"DemoMod:SerJunkan":305,"Mark of Pain":747,"Lantern":173,"Regal Pillow":244,"Singing Bowl":448,"testmod-Temperance":837,"DemoMod:BigBoy":853,"Magic Flower":366,"testmod-EqualTreatment":502,"Blue Doll":65,"King of Hearts":232,"Bag of Preparation":448,"Burning Blood":0,"testmod-CasingShield":65,"Pet Ghost":434,"Replay:Rubber Ducky":40,"Matryoshka":758,"Toolbox":428,"testmod-ObsoleteBoomerang":727,"testmod-DeterminationOfClimber":425,"Chemical X":0,"Replay:Bottled Eggs":292,"Potion Belt":897,"Lee\u0027s Waffle":509,"Golden Idol":560,"DemoMod:Antibody":486,"DemoMod:PinkGuonStone":352,"The Courier":815,"Omamori":232,"Frozen Egg 2":0,"testmod-ConstraintPeriapt":107,"MawBank":82,"testmod-Hope":86,"Orrery":139,"Garlic":173,"Art of War":488,"Durian":770,"Bottled Lightning":22,"testmod-BalancedPeriapt":755,"ReplayTheSpireMod:Lightbulb":390,"Toy Ornithopter":164,"DemoMod:GreenGuonStone":306,"Ice Cream":430,"Divine Protection":295,"Tiny House":71,"Calipers":258,"Vajra":51,"testmod-BatchProcessingSystem":566,"testmod-IWantAll":0,"DemoMod:GlassGuonStoneRelic":22,"Sozu":747,"Centennial Puzzle":438,"HornCleat":903,"DollysMirror":366,"Strawberry":654,"Honey Jar":132,"Prayer Wheel":385,"Philosopher\u0027s Stone":747,"Iron Hammer":479,"DemoMod:ClearGuonStone":486,"Toxic Egg 2":786,"testmod-ChristmasGift":366,"Happy Flower":190,"vexMod:ScavengeHelm":695,"Replay:Grab Bag":747,"Oddly Smooth Stone":222,"Charon\u0027s Ashes":56,"vexMod:PaidLearning":841,"War Paint":418,"testmod-SaigiyounoYou":747,"testmod-RealStoneCalender":91,"OrangePellets":1043,"Replay:Baseball":65,"ReplayTheSpireMod:Spearhead":437,"ReplayTheSpireMod:Shallot":468,"Shuriken":366,"testmod-Acrobat":113,"Onion Ring":17,"Molten Egg 2":98,"Simple Rune":669,"DemoMod:NanoMachines":778,"ReplayTheSpireMod:TigerMarble":695,"Grinning Jar":358,"Mirror":244,"Meat on the Bone":548,"Incense Burner":305,"Juzu Bracelet":903,"testmod-Nyarlathotep":352,"Replay:Mystery Machine":379,"DemoMod:WhiteGuonStone":421,"Empty Cage":173,"testmod-BouquetWithThorns":352,"PrismaticShard":778,"testmod-Charity":78,"ClockworkSouvenir":78,"Replay:Bandana":255,"testmod-CrystalShield":613,"Nunchaku":735,"testmod-Alchemist":392,"testmod-Motorcycle":0,"Gambling Chip":537,"Tiny Chest":448,"testmod-ArcanaOfDestiny":421,"Red Skull":841,"DemoMod:Junk":315,"DemoMod:Armor":778,"BargainBundle":935,"ReplayTheSpireMod:Ninjato":86,"Quantum Egg":530,"Replay:WaspNest":151,"vexMod:FocusSash":530,"testmod-Justice":366,"Odd Mushroom":816,"testmod-IndustrialRevolution":366,"Medical Kit":366,"White Beast Statue":96,"Mercury Hourglass":735,"vexMod:Dragonfruit":418,"Calling Bell":695,"testmod-Antiphasic":669,"Anchor":98,"Pondfish Scales":578,"CaptainsWheel":949,"vexMod:BarristanHead":109,"testmod-AssaultLearning":214,"vexMod:HeadHunter":527,"Another Sword":0,"Bag of Marbles":125,"Snack Pack":411,"Membership Card":65,"DemoMod:RingOfEthereal":249}],"Burning Blood":1059,"Toy Ornithopter":4},"card_choices":[{"not_picked":["Uppercut+1","Anger+1"],"picked":"Rage","floor":1},{"not_picked":["Twin Strike+1","Dark Embrace"],"picked":"Battle Trance","floor":2},{"not_picked":["Abandon","Life Link"],"picked":"Disarm","floor":4},{"not_picked":["Twin Strike+1","Spot Weakness","Warcry"],"picked":"SKIP","floor":6},{"not_picked":["Carnage+1","Whirlwind+1","Headbutt+1"],"picked":"SKIP","floor":11},{"not_picked":["Twin Strike+1","Thunderclap+1","Iron Wave+1"],"picked":"SKIP","floor":13},{"not_picked":["Heavy Blade+1","Dark Embrace","Hemokinesis+1"],"picked":"SKIP","floor":14},{"not_picked":["Juggernaut","Exhume"],"picked":"Barricade","floor":16},{"not_picked":["Looming Evil","Amnesia"],"picked":"Doubt","floor":17},{"not_picked":["Sickly","ReplayTheSpireMod:Splinters"],"picked":"Doubt","floor":17},{"not_picked":["Regret","Hallucinations"],"picked":"TheCursedMod:Dregs","floor":17},{"not_picked":["Shrug It Off","Havoc","Uppercut+1"],"picked":"Singing Bowl","floor":18},{"not_picked":["DemoMod:BlackBlade+1","Sword Boomerang+1","Uppercut+1"],"picked":"Singing Bowl","floor":19},{"not_picked":["Cleave+1","Headbutt+1"],"picked":"Burning Pact","floor":22},{"not_picked":["Barricade","Warcry","Run Through+1"],"picked":"Singing Bowl","floor":23},{"not_picked":["Spot Weakness","Cleave+1","Clash+1"],"picked":"Singing Bowl","floor":25},{"not_picked":["Wild Strike+1","Rage+1","Replay:Undeath\u0027s Touch+1"],"picked":"Singing Bowl","floor":29},{"not_picked":["Sword Boomerang+1","Immolate+1","Armaments"],"picked":"Singing Bowl","floor":30},{"not_picked":["Pommel Strike+1","ReplayTheSpireMod:Strike From Hell+1","Dropkick+1"],"picked":"Singing Bowl","floor":31},{"not_picked":["Replay:Many Hands","Corruption"],"picked":"Fiend Fire+1","floor":33},{"not_picked":["Ghostly Armor","ReplayTheSpireMod:Strike From Hell+1","Flame Barrier"],"picked":"Singing Bowl","floor":35},{"not_picked":["Armaments","Clothesline+1"],"picked":"Bloodletting","floor":36},{"not_picked":["Wild Strike+1","Reckless Charge+1"],"picked":"Sentinel+1","floor":37},{"not_picked":["Blind","Survey Options","DemoMod:Invincible"],"picked":"Singing Bowl","floor":38},{"not_picked":["testmod-RepeatForm","Madness"],"picked":"ReplayTheSpireMod:Private Reserves","floor":38},{"not_picked":["testmod-LimitFlipper","testmod-BloodBlade"],"picked":"ReplayTheSpireMod:Private Reserves","floor":38},{"not_picked":["Evolve","Twin Strike+1"],"picked":"Body Slam+1","floor":39},{"not_picked":["Sword Boomerang+1","Rupture","Thunderclap+1"],"picked":"Singing Bowl","floor":42},{"not_picked":["DemoMod:WhiteBlade+1","Wild Strike+1","ReplayReversal"],"picked":"Singing Bowl","floor":44},{"not_picked":["Headbutt+1","Battle Trance","Havoc+1"],"picked":"Singing Bowl","floor":45},{"not_picked":["Wild Strike+1","True Grit"],"picked":"Seeing Red","floor":46},{"not_picked":["Havoc","Demon Form","Sword Boomerang+1"],"picked":"Singing Bowl","floor":47},{"not_picked":["Massacre+1","Dropkick+1"],"picked":"Sentinel+1","floor":48},{"not_picked":["Thunderclap+1","Wild Strike+1","Uppercut+1"],"picked":"Singing Bowl","floor":55}],"player_experience":411703,"relics_obtained":[{"floor":6,"key":"White Beast Statue"},{"floor":11,"key":"CaptainsWheel"},{"floor":23,"key":"testmod-Justice"},{"floor":25,"key":"DemoMod:Junk"},{"floor":26,"key":"DemoMod:Junk"},{"floor":30,"key":"DemoMod:Junk"},{"floor":39,"key":"DemoMod:Junk"},{"floor":42,"key":"DemoMod:Junk"},{"floor":43,"key":"DemoMod:Junk"},{"floor":46,"key":"Art of War"},{"floor":48,"key":"testmod-Hope"},{"floor":55,"key":"DemoMod:Junk"}],"event_choices":[{"cards_removed":["Strike_R"],"damage_healed":0,"gold_gain":0,"player_choice":"Card Removal","damage_taken":0,"max_hp_gain":0,"max_hp_loss":0,"event_name":"The Cleric","floor":8,"gold_loss":75},{"damage_healed":0,"gold_gain":0,"player_choice":"1 cards matched","damage_taken":0,"max_hp_gain":0,"max_hp_loss":0,"event_name":"Match and Keep!","floor":10,"gold_loss":0,"cards_obtained":["Sword Boomerang"]},{"damage_healed":0,"gold_gain":100,"player_choice":"Bet on Murderer","damage_taken":0,"max_hp_gain":0,"max_hp_loss":0,"event_name":"The Joust","floor":21,"gold_loss":50},{"damage_healed":0,"gold_gain":0,"player_choice":"Memory 3","damage_taken":10,"max_hp_gain":0,"max_hp_loss":0,"event_name":"SensoryStone","floor":38,"gold_loss":0},{"damage_healed":0,"gold_gain":0,"player_choice":"Fight","damage_taken":0,"max_hp_gain":0,"max_hp_loss":0,"event_name":"MindBloom","floor":39,"gold_loss":0},{"damage_healed":0,"gold_gain":400,"player_choice":"Sell","damage_taken":0,"max_hp_gain":0,"max_hp_loss":0,"event_name":"恩洛斯的盘子","floor":41,"relics_lost":["testmod-TestBox"],"gold_loss":0}],"is_beta":false,"boss_relics":[{"not_picked":["vexMod:FluxCapacitor","Snecko Eye"],"picked":"Replay:Ancient Bell"},{"not_picked":["DemoMod:MonsterBlood","ReplayTheSpireMod:Spearhead"],"picked":"Replay:Rubber Ducky"},{"not_picked":["Replay:Accelerometer","Kunai"],"picked":"Singing Bowl"},{"not_picked":["Ginger","DemoMod:VorpalBullet"],"picked":"testmod-Nyarlathotep"},{"not_picked":["Electric Blood","Kintsugi","Painkiller Herb"]}],"items_purged_floors":[0,0,0,24,27,40,49,49,53,53],"is_endless":false,"potions_floor_spawned":[2,4,11,13,14,16,18,19,22,23,25,29,31,33,35,36,37,39,42,44,45,46,47,48],"ascension_level":20}}