{"host":"p4zclu0beiy6gkiq","time":1609509760,"event":{"mods":["AchievementEnabler","BaseMod","Bestiary","Colored Map","Colored Powertips","DeckTracker","Minty Spire (QoL Compilation)","Quick Restart","Slay-I","StSLib","SuperFastMode","The Cursed"],"gold_per_floor":[362,48,64,80,12,43,43,75,75,75,92,62,78,91,91,91,91],"floor_reached":16,"playtime":2983,"items_purged":["Strike_R"],"score":118,"play_id":"5321e8a2-e032-42c7-9e7a-781494947700","local_time":"20210101230240","is_ascension_mode":true,"campfire_choices":[{"data":"Bloodletting","floor":7.0,"key":"SMITH"},{"data":"Dual Wield","floor":10.0,"key":"SMITH"},{"data":"Pommel Strike","floor":15,"key":"SMITH"}],"circlet_count":0,"master_deck":["Strike_R","Strike_R","Strike_R","Strike_R","Defend_R","Defend_R","Defend_R","Defend_R","Bash","Battle Trance","Dual Wield+1","Pommel Strike+1","Inflame+1","Bloodletting+1","Feel No Pain+1","Combust+1","Dark Embrace+1","Second Wind"],"relics":["Burning Blood","Frozen Egg 2","Self Forming Clay","Eternal Feather","Question Card"],"acts_visited":[],"potions_floor_usage":[14,16,16],"damage_taken":[{"damage":8.0,"enemies":"2 Louse","floor":1.0,"turns":4.0},{"damage":4.0,"enemies":"Cultist","floor":3.0,"turns":4.0},{"damage":2.0,"enemies":"Small Slimes","floor":4.0,"turns":4.0},{"damage":28.0,"enemies":"Gremlin Nob","floor":6.0,"turns":5.0},{"damage":17.0,"enemies":"3 Sentries","floor":8.0,"turns":7.0},{"damage":11.0,"enemies":"Exordium Thugs","floor":11.0,"turns":5.0},{"damage":7,"enemies":"3 Louse","floor":13,"turns":6},{"damage":8,"enemies":"Blue Slaver","floor":14,"turns":2},{"damage":39,"enemies":"Hexaghost","floor":16,"turns":7}],"seed_played":"7330693000003463653","potions_obtained":[{"floor":1.0,"key":"DistilledChaos"},{"floor":4.0,"key":"SkillPotion"},{"floor":11,"key":"ElixirPotion"},{"floor":12,"key":"Ancient Potion"},{"floor":12,"key":"GamblersBrew"},{"floor":13,"key":"Fire Potion"},{"floor":14,"key":"LiquidBronze"}],"is_trial":false,"path_per_floor":["M","$","M","M","$","E","R","E","T","R","M","?","M","M","R","B"],"character_chosen":"IRONCLAD","items_purchased":["Frozen Egg 2","Inflame+1"],"campfire_rested":0,"item_purchase_floors":[2,5],"current_hp_per_floor":[54,54,56,60,60,38,38,27,27,36,31,31,30,28,37,0,0],"gold":91,"neow_bonus":"TWO_FIFTY_GOLD","is_daily":false,"chose_seed":false,"campfire_upgraded":3,"win_rate":0.0,"timestamp":1609509760,"path_taken":["M","$","M","M","$","E","R","E","T","R","M","?","M","?","R","BOSS"],"items_purchased_type":["Relic","Card"],"build_version":"2020-12-22","purchased_purges":1,"victory":false,"max_hp_per_floor":[80,80,80,80,80,80,80,80,80,80,80,80,80,80,80,80,80],"card_choices":[{"not_picked":["Reckless Charge","Shrug It Off"],"picked":"Battle Trance","floor":1.0},{"not_picked":["Ghostly Armor","Clothesline"],"picked":"Dual Wield","floor":3.0},{"not_picked":["True Grit","Sword Boomerang"],"picked":"Pommel Strike","floor":4.0},{"not_picked":["Corruption+1","Barricade+1"],"picked":"Bloodletting","floor":6.0},{"not_picked":["Second Wind","Iron Wave"],"picked":"Feel No Pain+1","floor":8.0},{"not_picked":["Uppercut","Thunderclap","Sword Boomerang"],"picked":"Combust+1","floor":11},{"not_picked":["Flex","True Grit","Anger"],"picked":"Dark Embrace+1","floor":13},{"not_picked":["Cleave","Thunderclap","Armaments"],"picked":"Second Wind","floor":14}],"player_experience":61345,"relics_obtained":[{"floor":6.0,"key":"Self Forming Clay"},{"floor":8.0,"key":"Eternal Feather"},{"floor":9.0,"key":"Question Card"}],"event_choices":[{"damage_healed":0,"gold_gain":0,"player_choice":"Bought 2 Potions","damage_taken":0,"max_hp_gain":0,"max_hp_loss":0,"event_name":"The Woman in Blue","floor":12,"gold_loss":0}],"is_beta":false,"boss_relics":[],"items_purged_floors":[2],"is_endless":false,"potions_floor_spawned":[1,4,11,13,14],"killed_by":"Hexaghost","ascension_level":1}}