{"host":"yp2ga117svxnbcen","time":1609534745,"event":{"mods":["Act Like it!","Aspiration","BaseMod","BetterRewards","ChefMod","Colored Map","Conspire","Custom Start","Downfall","Elementarium","Gensokyo","GifTheSpireLib","Gold Saver","GungeonMod","Halation","Hallownest","Hermit","HornydragonMod","Hubris","Menagerie","Minty Spire (QoL Compilation)","Quick Restart","Remove Card Discount Mod","Replay The Spire","Shop Mod","Spicy Shops","StSLib","Stuff the Spire","The Blue Laboratory","The IronCluck","egg","slay the spire mod where everything is the same but ironclad has a cowboy hat","vexMod","??????REMEMod"],"gold_per_floor":[609,624,636,636,647,647,647,647,658,658,9,9,9,39,50,215,215,65,81,81,81,111,111,137,150,75,60,60,60,45,57,75,174,174,174,184,184,184,204,224,224,224,243,289,389,389,389,405,422,422,422,422],"floor_reached":50,"playtime":2038,"items_purged":["Looming Evil","champ:Defend","champ:HeavySlash"],"score":515,"play_id":"85c748e7-8b52-4d82-ac32-df836f4bc7e7","local_time":"20210101125905","is_ascension_mode":false,"campfire_choices":[{"floor":1.0,"key":"RECALL"},{"data":"expansioncontent:QuickStudy","floor":8.0,"key":"SMITH"},{"data":"champ:Encircle","floor":13.0,"key":"SMITH"},{"floor":18,"key":"DIG"},{"data":"champ:GutPunch","floor":26,"key":"SMITH"},{"data":"champ:Lariat","floor":28,"key":"SMITH"},{"data":"champ:PerfectedStrike","floor":29,"key":"SMITH"},{"data":"StuffTheSpire:CopiaOfFamine","floor":35,"key":"SMITH"}],"circlet_count":0,"master_deck":["champ:Strike","champ:Strike","champ:Strike","champ:Strike","champ:Defend","champ:Defend","champ:Defend","champ:Execute","champ:Taunt","expansioncontent:QuickStudy+1","champ:PerfectedStrike+1","champ:EndlessRage+1","champ:GutPunch+1","champ:EndlessRage+1","champ:FanOfKnives","champ:Encircle+1","champ:Lariat+1","champ:HoldFirm","champ:AdrenalArmor+1","StuffTheSpire:CopiaOfFamine+1","champ:Backstep+1","champ:BringItOn","champ:EndlessRage+1","StuffTheSpire:CopiaOfFamine+1","champ:FocusedBerserking+1","champ:FanOfKnives","champ:Shatter+1","champ:SteelEdge","champ:CrookedStrike","champ:HeartStrike+1","champ:Devastate"],"relics":["champ:ChampionCrown","REME_ComplimentaryCards","DemoMod:Metronome","ReplayTheSpireMod:Ring of Collecting","ReplayTheSpireMod:Ring of Addiction","Potion Belt","SacredBark","halation:EternalFortune","Ring of Misfortune","ReplayTheSpireMod:Ring of Challenge","WingedGreaves","vexMod:PaidLearning","hubris:CuriousFeather","halation:Prosthetics","downfall:HeartBlessingRed","downfall:HeartBlessingGreen","Pantograph","conspire:Boomerang","Nloth\u0027s Gift","Ring of Peace","Centennial Puzzle","downfall:HeartBlessingBlue","conspire:RunicOctahedron","DemoMod:MonsterBlood","Ring of Fangs","halation:PinkSoulGem","halation:Thesaurus","DemoMod:Antibody"],"acts_visited":["Exordium","TheCity","TheBeyond"],"potions_floor_usage":[16,16,27,30,33,33,36,44,50],"damage_taken":[{"damage":13.0,"enemies":"conspire:RoseBush","floor":2.0,"turns":3.0},{"damage":5.0,"enemies":"2 Louse","floor":3.0,"turns":2.0},{"damage":5.0,"enemies":"Small Slimes","floor":5.0,"turns":3.0},{"damage":6.0,"enemies":"Exordium Thugs","floor":9.0,"turns":2.0},{"damage":14.0,"enemies":"downfall:FleeingMerchant","floor":11.0,"turns":4.0},{"damage":30.0,"enemies":"Lagavulin","floor":14.0,"turns":5.0},{"damage":4.0,"enemies":"3 Louse","floor":15.0,"turns":2.0},{"damage":106,"enemies":"downfall:Defect","floor":16,"turns":7},{"damage":25,"enemies":"3 Byrds","floor":19,"turns":4},{"damage":4,"enemies":"conspire:MimicChest","floor":22,"turns":4},{"damage":11,"enemies":"Chosen","floor":25,"turns":3},{"damage":9,"enemies":"downfall:FleeingMerchant","floor":27,"turns":4},{"damage":0,"enemies":"downfall:FleeingMerchant","floor":30,"turns":4},{"damage":15,"enemies":"Shelled Parasite and Fungi","floor":31,"turns":5},{"damage":17,"enemies":"Cultist and Chosen","floor":32,"turns":4},{"damage":17,"enemies":"downfall:Watcher","floor":33,"turns":6},{"damage":20,"enemies":"3 Darklings","floor":36,"turns":5},{"damage":4,"enemies":"Orb Walker","floor":39,"turns":2},{"damage":9,"enemies":"Spire Growth","floor":40,"turns":4},{"damage":17,"enemies":"Maw","floor":43,"turns":7},{"damage":6,"enemies":"2 Orb Walkers","floor":44,"turns":5},{"damage":7,"enemies":"downfall:FleeingMerchant","floor":45,"turns":1},{"damage":20,"enemies":"3 Darklings","floor":48,"turns":3},{"damage":29,"enemies":"Writhing Mass","floor":49,"turns":4},{"damage":66,"enemies":"downfall:Ironclad","floor":50,"turns":8}],"seed_played":"2063637526629361985","potions_obtained":[{"floor":4.0,"key":"champ:OpenerPotion"},{"floor":4.0,"key":"blueLaboratory:Moonshine"},{"floor":4.0,"key":"sneckomod:MuddlingPotion"},{"floor":12.0,"key":"Swift Potion"},{"floor":12.0,"key":"Regen Potion"},{"floor":12.0,"key":"conspire:TimeTravelPotion"},{"floor":14.0,"key":"ColorlessPotion"},{"floor":15.0,"key":"REME_GoldPotion"},{"floor":22,"key":"Dexterity Potion"},{"floor":25,"key":"blueLaboratory:PolymorphPotion"},{"floor":33,"key":"DistilledChaos"},{"floor":40,"key":"Ancient Potion"},{"floor":43,"key":"Fire Potion"},{"floor":47,"key":"Regen Potion"},{"floor":49,"key":"conspire:TimeTravelPotion"}],"is_trial":false,"path_per_floor":["R","M","M","?","M","?","T","R","M","T","$","?","R","E","M","B",null,"R_BF","M","?","?","?","?","T","M","R","$","R","R","$","M","M","B",null,"R","M","?","?","M","M","T","?","M","?","$","?","?","M","M","B"],"character_chosen":"THE_CHAMP","items_purchased":["champ:EndlessRage","vexMod:PaidLearning","champ:FanOfKnives","champ:Encircle","hubris:CuriousFeather","halation:Thesaurus","Strength Potion","Dexterity Potion","champ:CrookedStrike"],"campfire_rested":0,"item_purchase_floors":[11,11,11,11,11,45,45,45,45],"current_hp_per_floor":[90,82,77,77,77,80,80,80,74,74,70,70,70,83,83,1,56,56,42,42,22,22,22,22,24,34,36,36,36,50,40,37,60,60,60,45,45,45,47,45,52,52,54,52,57,64,64,62,64,0,0,0],"gold":422,"neow_bonus":"RANDOM_COMMON_RELIC","is_daily":false,"chose_seed":false,"campfire_upgraded":6,"win_rate":0.0,"timestamp":1609534745,"path_taken":["R","M","M","?","M","?","T","R","M","?","$","?","R","E","M","BOSS","R_BF","M","?","?","?","?","T","M","R","$","R","R","$","?","M","BOSS","R","M","?","?","?","M","T","?","M","?","?","?","?","M","M","BOSS"],"items_purchased_type":["Card","Relic","Card","Card","Relic","Relic","Potion","Potion","Card"],"build_version":"2020-12-22","purchased_purges":3,"victory":false,"max_hp_per_floor":[90,90,90,90,90,93,93,93,91,91,91,91,91,91,91,91,56,56,56,54,54,54,52,52,52,60,60,60,60,60,60,60,60,60,60,60,60,60,60,58,65,65,63,63,66,66,66,64,64,64,64,64],"card_choices":[{"not_picked":["champ:BerserkersShout","champ:GladiatorsShout"],"picked":"champ:PerfectedStrike","floor":2.0},{"not_picked":["champ:GutPunch","champ:CalledShot"],"picked":"champ:EndlessRage","floor":3.0},{"not_picked":["champ:FocusedGladiator","champ:BladeFlurry"],"picked":"champ:GutPunch","floor":5.0},{"not_picked":["champ:Control","champ:StanceDance","champ:FocusedBerserking"],"picked":"SKIP","floor":9.0},{"not_picked":["champ:BerserkersShout","champ:Control","champ:DefensiveShout"],"picked":"SKIP","floor":11.0},{"not_picked":["champ:Aggression","champ:Lariat","champ:Circumvent"],"picked":"SKIP","floor":14.0},{"not_picked":["champ:Haymaker","champ:FlashCut"],"picked":"champ:Lariat","floor":15.0},{"not_picked":["champ:IgnorePain","champ:DancingMaster"],"picked":"champ:HoldFirm","floor":16},{"not_picked":["champ:DefensiveShout","champ:FanOfKnives"],"picked":"champ:AdrenalArmor+1","floor":19},{"not_picked":["champ:Circumvent+1","champ:TornadoPunch"],"picked":"champ:Backstep+1","floor":22},{"not_picked":["champ:CrookedStrike+1","champ:Haymaker+1","champ:BerserkersShout"],"picked":"SKIP","floor":25},{"not_picked":["champ:EnGarde","champ:BerserkersShout","champ:IgnorePain"],"picked":"SKIP","floor":27},{"not_picked":["champ:BerserkersShout","champ:FalseCounter","champ:GutPunch"],"picked":"SKIP","floor":30},{"not_picked":["champ:GutPunch","champ:BerserkersShout"],"picked":"champ:BringItOn","floor":31},{"not_picked":["champ:BerserkersShout","champ:DefensiveShout+1","champ:DancingMaster"],"picked":"SKIP","floor":32},{"not_picked":["champ:PerfectForm","champ:DancingMaster"],"picked":"champ:HeavySlash","floor":33},{"not_picked":["champ:Backstep","champ:Circumvent+1"],"picked":"champ:EndlessRage+1","floor":36},{"not_picked":["champ:Backstep+1","champ:ShieldWall+1","champ:Circumvent"],"picked":"SKIP","floor":39},{"not_picked":["champ:DancingMaster","champ:Backstep"],"picked":"champ:FocusedBerserking+1","floor":40},{"not_picked":["champ:BladeFlurry","champ:PerfectedStrike+1"],"picked":"champ:FanOfKnives","floor":43},{"not_picked":["champ:GutPunch+1","champ:Circumvent"],"picked":"champ:Shatter+1","floor":44},{"not_picked":["champ:CrookedStrike+1","champ:FanOfKnives"],"picked":"champ:SteelEdge","floor":45},{"not_picked":["champ:ShieldSlam","champ:DefensiveStyle"],"picked":"champ:HeartStrike+1","floor":48},{"not_picked":["champ:FanOfKnives","champ:FlashCut"],"picked":"champ:Devastate","floor":49}],"player_experience":1156343,"relics_obtained":[{"floor":4.0,"key":"ReplayTheSpireMod:Ring of Collecting"},{"floor":4.0,"key":"ReplayTheSpireMod:Ring of Addiction"},{"floor":4.0,"key":"Potion Belt"},{"floor":4.0,"key":"SacredBark"},{"floor":7.0,"key":"Ring of Misfortune"},{"floor":10.0,"key":"ReplayTheSpireMod:Ring of Challenge"},{"floor":10.0,"key":"WingedGreaves"},{"floor":14.0,"key":"halation:VictoryRuler"},{"floor":18,"key":"Pantograph"},{"floor":22,"key":"conspire:Boomerang"},{"floor":24,"key":"Ring of Peace"},{"floor":24,"key":"Centennial Puzzle"},{"floor":41,"key":"DemoMod:MonsterBlood"},{"floor":41,"key":"Ring of Fangs"},{"floor":44,"key":"Du-Vu Doll"},{"floor":45,"key":"halation:EternalFortune"}],"event_choices":[{"damage_healed":0.0,"max_hp_gain":0.0,"max_hp_loss":0.0,"gold_gain":0.0,"event_name":"Lab","player_choice":"Got Potions","floor":12.0,"gold_loss":0.0,"damage_taken":0.0},{"damage_healed":0,"gold_gain":0,"player_choice":"Copied","damage_taken":0,"max_hp_gain":0,"max_hp_loss":0,"event_name":"Duplicator","floor":38,"gold_loss":0,"cards_obtained":["StuffTheSpire:CopiaOfFamine"]},{"damage_healed":0,"gold_gain":0,"player_choice":"Fight","damage_taken":0,"max_hp_gain":0,"max_hp_loss":0,"event_name":"Mysterious Sphere","floor":44,"gold_loss":0}],"is_beta":false,"boss_relics":[{"not_picked":["aspiration:FutureDiary","halation:ForbiddenBikini"],"picked":"halation:Prosthetics"},{"not_picked":["Replay:Drink Me","halation:PinkAlligatorPlush"],"picked":"conspire:RunicOctahedron"}],"items_purged_floors":[11,11,45],"is_endless":false,"potions_floor_spawned":[14,15,22,25,33,40,43,49],"killed_by":"downfall:Ironclad","ascension_level":0}}