{"host":"axuns55dzq466eei","time":1609512057,"event":{"mods":["BaseMod","Colored Map","Keyboard Shortcuts","Minty Spire (QoL Compilation)","StSLib","SuperFastMode"],"gold_per_floor":[111,111,186,186,198,198,215,240,265,265,289,289,301,312,312,390,390,404,454,31,31,43,43,43,68,114,185,85,85,85],"floor_reached":29,"playtime":555,"items_purged":["Strike_G","Strike_G"],"score":478,"play_id":"933efa44-9dd4-404a-88d0-c98dba22f135","local_time":"20210101234057","is_ascension_mode":true,"campfire_choices":[{"data":"Terror","floor":6,"key":"SMITH"},{"data":"Crippling Poison","floor":10,"key":"SMITH"},{"data":"Neutralize","floor":12,"key":"SMITH"},{"data":"Dagger Throw","floor":15,"key":"SMITH"},{"data":"Prepared","floor":23,"key":"SMITH"}],"circlet_count":0,"master_deck":["AscendersBane","Strike_G","Strike_G","Defend_G","Defend_G","Defend_G","Defend_G","Defend_G","Survivor","Neutralize+1","Terror+1","Flying Knee","Crippling Poison+1","Cloak And Dagger","Dagger Throw+1","After Image","Acrobatics","Accuracy","Prepared+1"],"relics":["Ring of the Snake","Oddly Smooth Stone","Potion Belt","Tiny Chest","Coffee Dripper","Sundial","Peace Pipe","PreservedInsect","Orichalcum","Shuriken"],"acts_visited":["Exordium","TheCity"],"potions_floor_usage":[16,25,25],"damage_taken":[{"damage":2,"enemies":"2 Louse","floor":1,"turns":3},{"damage":2,"enemies":"Jaw Worm","floor":5,"turns":4},{"damage":2,"enemies":"Small Slimes","floor":7,"turns":3},{"damage":24,"enemies":"Lagavulin","floor":8,"turns":6},{"damage":0,"enemies":"Looter","floor":13,"turns":4},{"damage":0,"enemies":"Red Slaver","floor":14,"turns":3},{"damage":10,"enemies":"The Guardian","floor":16,"turns":11},{"damage":19,"enemies":"Spheric Guardian","floor":18,"turns":10},{"damage":22,"enemies":"Chosen","floor":22,"turns":6},{"damage":18,"enemies":"Slavers","floor":25,"turns":4},{"damage":15,"enemies":"Snake Plant","floor":29,"turns":3}],"seed_played":"-6094216191499749683","potions_obtained":[{"floor":8,"key":"Explosive Potion"},{"floor":13,"key":"DuplicationPotion"},{"floor":14,"key":"Poison Potion"},{"floor":18,"key":"FairyPotion"}],"is_trial":false,"path_per_floor":["M","?","?","?","M","R","M","E","T","R","T","R","M","M","R","B",null,"M","?","$","?","M","R","?","E","T","T","$","M"],"character_chosen":"THE_SILENT","items_purchased":["Accuracy","Sundial"],"campfire_rested":0,"item_purchase_floors":[20,20],"current_hp_per_floor":[57,57,46,46,44,44,42,18,18,18,18,18,18,18,18,8,52,33,33,33,33,11,11,11,13,13,13,13,0,0],"gold":85,"neow_bonus":"THREE_CARDS","is_daily":false,"chose_seed":false,"campfire_upgraded":5,"win_rate":0.0,"timestamp":1609512057,"path_taken":["M","?","?","?","M","R","M","E","T","R","?","R","M","M","R","BOSS","M","?","$","?","M","R","?","E","T","?","$","M"],"items_purchased_type":["Card","Relic"],"build_version":"2020-12-22","purchased_purges":2,"victory":false,"max_hp_per_floor":[66,66,66,66,66,66,66,66,66,66,66,66,66,66,66,66,66,66,66,66,66,66,66,66,66,66,66,66,66,66],"card_choices":[{"not_picked":["Backstab","Prepared"],"picked":"Terror","floor":0},{"not_picked":["Backflip","Distraction"],"picked":"Flying Knee","floor":1},{"not_picked":["Prepared","Backflip"],"picked":"Crippling Poison","floor":5},{"not_picked":["Expertise","Finisher"],"picked":"Cloak And Dagger","floor":7},{"not_picked":["Bouncing Flask","Underhanded Strike"],"picked":"Dagger Throw","floor":8},{"not_picked":["Setup","Concentrate","Outmaneuver"],"picked":"SKIP","floor":13},{"not_picked":["Setup","Concentrate","Outmaneuver"],"picked":"SKIP","floor":13},{"not_picked":["Flying Knee","Endless Agony","Burst"],"picked":"SKIP","floor":14},{"not_picked":["Phantasmal Killer","Malaise"],"picked":"After Image","floor":16},{"not_picked":["Heel Hook","Terror"],"picked":"Acrobatics","floor":18},{"not_picked":["All Out Attack","Dodge and Roll"],"picked":"Backstab+1","floor":22},{"not_picked":["Bane","Terror","Deflect"],"picked":"SKIP","floor":25}],"player_experience":1052051,"relics_obtained":[{"floor":8,"key":"Oddly Smooth Stone"},{"floor":9,"key":"Potion Belt"},{"floor":11,"key":"Tiny Chest"},{"floor":25,"key":"PreservedInsect"},{"floor":26,"key":"Orichalcum"},{"floor":27,"key":"Shuriken"}],"event_choices":[{"cards_removed":["Strike_G"],"damage_healed":0,"gold_gain":0,"player_choice":"Forget","damage_taken":0,"max_hp_gain":0,"max_hp_loss":0,"event_name":"Living Wall","floor":2,"gold_loss":0},{"damage_healed":0,"gold_gain":75,"player_choice":"Gather Gold","damage_taken":11,"max_hp_gain":0,"max_hp_loss":0,"event_name":"World of Goop","floor":3,"gold_loss":0},{"damage_healed":0,"gold_gain":0,"player_choice":"Ignored","damage_taken":0,"max_hp_gain":0,"max_hp_loss":0,"event_name":"Golden Idol","floor":4,"gold_loss":0},{"damage_healed":0,"gold_gain":50,"player_choice":"Stole From Cult","damage_taken":0,"max_hp_gain":0,"max_hp_loss":0,"event_name":"Nest","floor":19,"gold_loss":0},{"damage_healed":0,"gold_gain":0,"player_choice":"Read","damage_taken":0,"max_hp_gain":0,"max_hp_loss":0,"event_name":"The Library","floor":21,"gold_loss":0,"cards_obtained":["Prepared"]},{"cards_removed":["Backstab"],"damage_healed":0,"gold_gain":0,"player_choice":"Gave Card","damage_taken":0,"relics_obtained":["Peace Pipe"],"max_hp_gain":0,"max_hp_loss":0,"event_name":"WeMeetAgain","floor":24,"gold_loss":0}],"is_beta":false,"boss_relics":[{"not_picked":["Ectoplasm","Velvet Choker"],"picked":"Coffee Dripper"}],"items_purged_floors":[20,28],"is_endless":false,"potions_floor_spawned":[8,13,14,18],"killed_by":"Snake Plant","ascension_level":20}}