{"host":"xkogq043tlu3kvb4","time":1609512893,"event":{"mods":["BaseMod","Bestiary","Minty Spire (QoL Compilation)","StSLib","The Marked"],"gold_per_floor":[116,116,116,133,150,150,168,197,248,267,291,391,391,417,417,526,535,555,555,555,565,18,18,52,52,52],"floor_reached":25,"playtime":1096,"items_purged":[],"score":341,"play_id":"3c126eb1-88fa-4038-aae8-4a1b8f7ab685","local_time":"20210101175453","is_ascension_mode":true,"campfire_choices":[{"data":"Redo","floor":6.0,"key":"SMITH"},{"floor":15.0,"key":"REST"},{"floor":23,"key":"DIG"}],"circlet_count":0,"master_deck":["Strike_B+1","Strike_B","Strike_B","Strike_B","Defend_B+1","Defend_B+1","Defend_B+1","Zap","Dualcast","Capacitor","Redo+1","Gash","FTL","Ball Lightning","Coolheaded","Gash","Steam","Seek","CurseOfTheBell","Stack","Gash","Gash+1"],"relics":["Cracked Core","Strawberry","Meat on the Bone","Calling Bell","Pen Nib","Frozen Egg 2","Shovel","Nloth\u0027s Gift","Pantograph","ClockworkSouvenir","War Paint","Mango","Letter Opener"],"acts_visited":["Exordium","TheCity"],"potions_floor_usage":[21,25],"damage_taken":[{"damage":0.0,"enemies":"Cultist","floor":1.0,"turns":3.0},{"damage":6.0,"enemies":"Jaw Worm","floor":4.0,"turns":4.0},{"damage":0.0,"enemies":"Small Slimes","floor":5.0,"turns":2.0},{"damage":14.0,"enemies":"Exordium Thugs","floor":7.0,"turns":3.0},{"damage":36.0,"enemies":"Gremlin Nob","floor":8.0,"turns":4.0},{"damage":0.0,"enemies":"Looter","floor":10.0,"turns":2.0},{"damage":21.0,"enemies":"Exordium Wildlife","floor":11.0,"turns":4.0},{"damage":7.0,"enemies":"Lagavulin","floor":13.0,"turns":3.0},{"damage":6.0,"enemies":"Red Slaver","floor":14.0,"turns":2.0},{"damage":36.0,"enemies":"Hexaghost","floor":16.0,"turns":9.0},{"damage":8.0,"enemies":"3 Byrds","floor":18.0,"turns":5.0},{"damage":34,"enemies":"2 Thieves","floor":21,"turns":4},{"damage":50,"enemies":"Slavers","floor":24,"turns":7},{"damage":18,"enemies":"Snecko","floor":25,"turns":3}],"seed_played":"7618118971899873320","potions_obtained":[{"floor":1.0,"key":"Regen Potion"},{"floor":7.0,"key":"SmokeBomb"},{"floor":11.0,"key":"Strength Potion"},{"floor":16.0,"key":"FocusPotion"},{"floor":18.0,"key":"SteroidPotion"}],"is_trial":false,"path_per_floor":["M","?","?","M","M","R","M","E","T","M","M","?","E","M","R","B",null,"M","?","?","M","$","R","E","M"],"character_chosen":"DEFECT","items_purchased":["Pantograph","ClockworkSouvenir","War Paint"],"campfire_rested":1,"item_purchase_floors":[22,22,22],"current_hp_per_floor":[82,66,66,60,60,60,51,15,15,27,18,18,23,29,53,29,69,61,61,61,39,39,53,15,0,0],"gold":52,"neow_bonus":"RANDOM_COMMON_RELIC","is_daily":false,"chose_seed":false,"campfire_upgraded":1,"win_rate":0.0,"timestamp":1609512893,"path_taken":["M","?","?","?","M","R","?","E","T","M","?","?","E","M","R","BOSS","M","?","?","?","$","R","E","M"],"items_purchased_type":["Relic","Relic","Relic"],"build_version":"2020-12-22","purchased_purges":0,"victory":false,"max_hp_per_floor":[82,82,82,82,82,82,82,82,82,82,82,82,82,82,82,82,82,82,82,82,82,82,96,96,96,96],"card_choices":[{"not_picked":["Sunder","Cold Snap"],"picked":"Capacitor","floor":1.0},{"not_picked":["White Noise","Hologram"],"picked":"Redo","floor":4.0},{"not_picked":["Steam","Turbo"],"picked":"Gash","floor":5.0},{"not_picked":["Aggregate","Sweeping Beam"],"picked":"FTL","floor":7.0},{"not_picked":["Echo Form","Capacitor"],"picked":"Ball Lightning","floor":8.0},{"not_picked":["Sweeping Beam","Turbo"],"picked":"Coolheaded","floor":10.0},{"not_picked":["Streamline","Conserve Battery"],"picked":"Gash","floor":11.0},{"not_picked":["Rebound","Hello World"],"picked":"Steam","floor":14.0},{"not_picked":["Reboot","Multi-Cast"],"picked":"Seek","floor":16.0},{"not_picked":["Streamline","Rebound"],"picked":"Stack","floor":18.0},{"not_picked":["Streamline","Reinforced Body"],"picked":"Gash","floor":21},{"not_picked":["Chaos","Darkness"],"picked":"Gash+1","floor":24}],"player_experience":264323,"relics_obtained":[{"floor":8.0,"key":"Meat on the Bone"},{"floor":9.0,"key":"CeramicFish"},{"floor":17.0,"key":"Pen Nib"},{"floor":17.0,"key":"Frozen Egg 2"},{"floor":17.0,"key":"Shovel"},{"floor":23,"key":"Mango"},{"floor":24,"key":"Letter Opener"}],"event_choices":[{"damage_healed":0.0,"max_hp_gain":0.0,"max_hp_loss":0.0,"gold_gain":0.0,"event_name":"Shining Light","player_choice":"Entered Light","floor":2.0,"gold_loss":0.0,"damage_taken":16.0,"cards_upgraded":["Strike_B","Defend_B"]},{"cards_removed":["Defend_B"],"damage_healed":0.0,"max_hp_gain":0.0,"max_hp_loss":0.0,"gold_gain":0.0,"event_name":"Bonfire Elementals","player_choice":"Offered Basic","floor":3.0,"gold_loss":0.0,"damage_taken":0.0},{"damage_healed":0.0,"max_hp_gain":0.0,"max_hp_loss":0.0,"gold_gain":100.0,"event_name":"Golden Shrine","player_choice":"Pray","floor":12.0,"gold_loss":0.0,"damage_taken":0.0},{"damage_healed":0.0,"max_hp_gain":0.0,"max_hp_loss":0.0,"gold_gain":0.0,"event_name":"Ghosts","player_choice":"Ignored","floor":19.0,"gold_loss":0.0,"damage_taken":0.0},{"damage_healed":0.0,"max_hp_gain":0.0,"max_hp_loss":0.0,"gold_gain":0.0,"event_name":"N\u0027loth","player_choice":"Traded Relic","floor":20.0,"relics_lost":["CeramicFish"],"gold_loss":0.0,"damage_taken":0.0,"relics_obtained":["Nloth\u0027s Gift"]}],"is_beta":false,"boss_relics":[{"not_picked":["FrozenCore","Coffee Dripper"],"picked":"Calling Bell"}],"items_purged_floors":[],"is_endless":false,"potions_floor_spawned":[1,7,11,13,16,18],"killed_by":"Snecko","ascension_level":5}}