{"host":"ooer26pcuunqa1a1","time":1609481690,"event":{"mods":["AchievementEnabler","Act Like it!","BaseMod","Best Route Mod","BetterRewards","Colored Powertips","Dio Mod","Downfall","Duelist Mod","Minty Spire (QoL Compilation)","Quick Restart","StSLib","The IronCluck","The Necromancer"],"gold_per_floor":[99,99,274,274,29,29,29,29,29,129,145,145,95,110,124,124,124],"floor_reached":16,"playtime":504,"items_purged":[],"score":86,"play_id":"696ce65a-db87-419c-a777-80e40469afb8","local_time":"20201231221450","is_ascension_mode":false,"campfire_choices":[{"data":"Slimebound:CorrosiveSpit","floor":1,"key":"SMITH"},{"data":"Slimebound:Split","floor":6,"key":"SMITH"},{"data":"Slimebound:Chomp","floor":8,"key":"SMITH"},{"data":"Slimebound:Gluttony","floor":13,"key":"SMITH"}],"circlet_count":0,"master_deck":["Slimebound:Strike_Slimebound","Slimebound:Strike_Slimebound","Slimebound:Strike_Slimebound","Slimebound:Tackle","Slimebound:Defend_Slimebound","Slimebound:Defend_Slimebound","Slimebound:Defend_Slimebound","Slimebound:Defend_Slimebound","Slimebound:Split+1","Slimebound:CorrosiveSpit+1","Slimebound:LevelUp","Doubt","Slimebound:LeechingTouch","Slimebound:SamplingLick","Slimebound:HauntingLick","Slimebound:Chomp+1","Slimebound:PressTheAttack","Slimebound:Gluttony+1","Slimebound:RollThrough","Slimebound:SpikyOuterGoop"],"relics":["Slimebound:AbsorbEndCombat","downfall:HeartsMalice","Slimebound:GreedOozeRelic","Membership Card","Mummified Hand"],"acts_visited":["Exordium"],"potions_floor_usage":[],"damage_taken":[{"damage":0,"enemies":"Jaw Worm","floor":2,"turns":1},{"damage":0,"enemies":"downfall:FleeingMerchant","floor":5,"turns":1},{"damage":0,"enemies":"Small Slimes","floor":9,"turns":1},{"damage":11,"enemies":"Cultist","floor":11,"turns":3},{"damage":18,"enemies":"3 Louse","floor":14,"turns":3},{"damage":7,"enemies":"Blue Slaver","floor":15,"turns":2},{"damage":60,"enemies":"downfall:Defect","floor":16,"turns":5}],"seed_played":"9098194621618281013","potions_obtained":[{"floor":11,"key":"DuplicationPotion"},{"floor":14,"key":"Guardian:BlockOnCardUsePotion"}],"is_trial":false,"path_per_floor":["R","M","?","?","$","R","T","R","M","?","M","?","R","M","M","B"],"character_chosen":"SLIMEBOUND","items_purchased":["Membership Card","Slimebound:SamplingLick","Slimebound:HauntingLick","Slimebound:Chomp"],"campfire_rested":0,"item_purchase_floors":[5,5,5,5],"current_hp_per_floor":[60,60,60,60,60,60,60,60,60,60,59,59,59,45,42,0,0],"gold":124,"neow_bonus":"THREE_ENEMY_KILL","is_daily":false,"chose_seed":false,"campfire_upgraded":4,"win_rate":0.0,"timestamp":1609481690,"path_taken":["R","M","?","?","?","R","T","R","?","?","M","?","R","M","M","BOSS"],"items_purchased_type":["Relic","Card","Card","Card"],"build_version":"2020-12-22","purchased_purges":0,"victory":false,"max_hp_per_floor":[60,60,60,60,60,60,60,60,60,60,60,60,60,60,60,60,60],"card_choices":[{"not_picked":["Slimebound:Chomp","Slimebound:SplitLeeching"],"picked":"Slimebound:LevelUp","floor":2},{"not_picked":["Slimebound:ViciousTackle","Slimebound:WasteNot"],"picked":"Slimebound:LeechingTouch","floor":5},{"not_picked":["Slimebound:ViciousTackle","Slimebound:GrowthPunch"],"picked":"Slimebound:PressTheAttack","floor":9},{"not_picked":["Slimebound:FinishingTackle","Slimebound:SplitBruiser"],"picked":"Slimebound:Gluttony","floor":11},{"not_picked":["Slimebound:FormOfPuddle","Slimebound:LeechEnergy"],"picked":"Slimebound:RollThrough","floor":14},{"not_picked":["Slimebound:FirmFortitude","Slimebound:CheckThePlaybook"],"picked":"Slimebound:SpikyOuterGoop","floor":15}],"player_experience":191019,"relics_obtained":[{"floor":7,"key":"Mummified Hand"}],"event_choices":[],"is_beta":false,"boss_relics":[],"items_purged_floors":[],"is_endless":false,"potions_floor_spawned":[11,14],"killed_by":"downfall:Defect","ascension_level":0}}