{"host":"ukdlatf34uvzhtkt","time":1609489053,"event":{"mods":["AchievementEnabler","BaseMod","Bestiary","Better Altar","Better Match","Better Note","Better Sensory Stone","BetterRewards","Dota2Spire","Downfall","Highlight Path","Minty Spire (QoL Compilation)","Rare Cards Sparkle","Relic Stats","StSLib","UnlockEverythingMod"],"gold_per_floor":[114,129,93,108,123,153,153,168,168,168,168,168,236,236,236,391,391,410,410,475,524,573,573,641,690,690,758,777,826,875,924,924,1079,1079,1128,1128,1177,1226,1286,1354,1403,1403,1403,660,728,728,777,845,845,905],"floor_reached":51,"playtime":8121,"items_purged":["Brutality+1"],"score":866,"play_id":"fbbc14aa-318d-421b-8182-13bb86d27bf5","local_time":"20210101001733","daily_mods":["Allstar","Diverse","Terminal"],"is_ascension_mode":false,"campfire_choices":[{"data":"Guardian:EvasiveProtocol","floor":7,"key":"SMITH"},{"floor":12,"key":"REST"},{"data":"Trip","floor":15,"key":"SMITH"},{"floor":23,"key":"REST"},{"floor":32,"key":"REST"},{"data":"hexamod:EtherealExpedition","floor":42,"key":"SMITH"},{"data":"1","floor":46,"key":"LIFT"},{"data":"2","floor":49,"key":"LIFT"}],"circlet_count":0,"master_deck":["Strike_G","Strike_G+1","Strike_G","Strike_G+1","Defend_G+1","Defend_G","Defend_G","Defend_G","Defend_G","Survivor","Neutralize","Enlightenment+1","Transmutation","Chrysalis","Trip+1","Metamorphosis","Inflame","sneckomod:SlitherStrike","Guardian:EvasiveProtocol+1","hexamod:SpectersWail","Inflame","LessonLearned","hexamod:NightmareGuise","Slimebound:DivideAndConquer","champ:Encircle","Escape Plan+1","Guardian:ChargeCore+1","TalkToTheHand+1","Armaments","hexamod:EtherealExpedition+1","Slimebound:DouseInSlime","Slimebound:GoopSpray","hexamod:ExtraCrispy","Shrug It Off","Guardian:PiercingHide+1","sneckomod:UnknownEthereal","expansioncontent:AwakenDeath","Guardian:ShieldCharger","Defragment+1","champ:SkillfulDodge+1"],"relics":["Ring of the Snake","Dota2Spire:Butterfly","Dream Catcher","Golden Idol","Dota2Spire:HandOfMidas","Oddly Smooth Stone","Busted Crown","Nilry\u0027s Codex","Red Mask","Dota2Spire:ShadowBlade","Dota2Spire:CrimsonGuard","Dota2Spire:ArcaneBoots","Dota2Spire:Bloodstone","Dota2Spire:AssaultCuirass","Guardian:PocketSentry","Dota2Spire:HeartOfTarrasque","Girya","Strawberry","Nunchaku","Question Card"],"acts_visited":["Exordium","TheCity","TheBeyond"],"potions_floor_usage":[5,20,22,22,30,33,33,33,39,40,45,45,47,50,50],"damage_taken":[{"damage":0,"enemies":"Cultist","floor":1,"turns":2},{"damage":0,"enemies":"Small Slimes","floor":2,"turns":4},{"damage":0,"enemies":"2 Louse","floor":4,"turns":4},{"damage":0,"enemies":"Blue Slaver","floor":5,"turns":4},{"damage":4,"enemies":"3 Sentries","floor":6,"turns":5},{"damage":6,"enemies":"Exordium Wildlife","floor":8,"turns":5},{"damage":1,"enemies":"Lagavulin","floor":13,"turns":8},{"damage":19,"enemies":"Hexaghost","floor":16,"turns":12},{"damage":0,"enemies":"Chosen","floor":18,"turns":4},{"damage":10,"enemies":"Masked Bandits","floor":20,"turns":6},{"damage":9,"enemies":"3 Byrds","floor":21,"turns":6},{"damage":10,"enemies":"Centurion and Healer","floor":22,"turns":5},{"damage":4,"enemies":"Gremlin Leader","floor":24,"turns":7},{"damage":7,"enemies":"3 Cultists","floor":25,"turns":6},{"damage":5,"enemies":"Book of Stabbing","floor":27,"turns":5},{"damage":2,"enemies":"Snake Plant","floor":28,"turns":3},{"damage":5,"enemies":"Centurion and Healer","floor":29,"turns":9},{"damage":11,"enemies":"Cultist and Chosen","floor":30,"turns":9},{"damage":2,"enemies":"Sentry and Sphere","floor":31,"turns":9},{"damage":16,"enemies":"Automaton","floor":33,"turns":10},{"damage":2,"enemies":"3 Darklings","floor":35,"turns":6},{"damage":0,"enemies":"3 Shapes","floor":37,"turns":4},{"damage":0,"enemies":"Spire Growth","floor":38,"turns":6},{"damage":0,"enemies":"2 Orb Walkers","floor":39,"turns":5},{"damage":2,"enemies":"Nemesis","floor":40,"turns":7},{"damage":2,"enemies":"Maw","floor":41,"turns":7},{"damage":2,"enemies":"Reptomancer","floor":45,"turns":6},{"damage":0,"enemies":"Jaw Worm Horde","floor":47,"turns":5},{"damage":2,"enemies":"Giant Head","floor":48,"turns":9},{"damage":17,"enemies":"Awakened One","floor":50,"turns":14}],"seed_played":"-2495295926900846280","potions_obtained":[{"floor":1,"key":"CunningPotion"},{"floor":2,"key":"SteroidPotion"},{"floor":13,"key":"FearPotion"},{"floor":16,"key":"Strength Potion"},{"floor":21,"key":"Dota2Spire:HealingSalve"},{"floor":27,"key":"PowerPotion"},{"floor":28,"key":"BlessingOfTheForge"},{"floor":29,"key":"SpeedPotion"},{"floor":31,"key":"Fire Potion"},{"floor":37,"key":"Weak Potion"},{"floor":38,"key":"Weak Potion"},{"floor":40,"key":"CunningPotion"},{"floor":41,"key":"hexamod:EctoCoolerPotion"},{"floor":47,"key":"GhostInAJar"},{"floor":48,"key":"Strength Potion"}],"is_trial":false,"path_per_floor":["M","M","$","M","M","E","R","M","T","?","?","R","E","$","R","B",null,"M","?","?","M","M","R","E","M","T","E","M","M","M","M","R","B",null,"M","?","M","M","?","E","M","R","T","$","E","R","M","E","R","B",null],"character_chosen":"THE_SILENT","items_purchased":["Guardian:EvasiveProtocol","Girya","Strawberry","sneckomod:UnknownEthereal","expansioncontent:AwakenDeath","ColorlessPotion"],"campfire_rested":3,"item_purchase_floors":[3,44,44,44,44,44],"current_hp_per_floor":[68,67,66,65,64,60,60,54,54,39,36,53,52,52,52,33,52,51,35,25,16,9,23,21,16,16,13,13,12,3,3,14,12,35,34,33,32,31,30,29,28,27,34,40,39,38,37,36,35,30],"gold":905,"neow_bonus":"","is_daily":true,"chose_seed":false,"campfire_upgraded":3,"win_rate":0.0,"timestamp":1609489053,"path_taken":["M","M","$","M","?","E","R","M","T","?","?","R","E","$","R","BOSS","M","?","?","M","M","R","E","M","T","E","M","M","M","M","R","BOSS","M","?","M","?","?","E","M","R","T","$","E","R","M","E","R","BOSS"],"items_purchased_type":["Card","Relic","Relic","Card","Card","Potion"],"build_version":"2020-12-22","purchased_purges":1,"victory":true,"max_hp_per_floor":[68,67,66,65,64,63,62,61,60,59,58,57,56,55,54,53,52,51,50,49,48,47,46,45,44,43,42,41,40,39,38,37,36,35,34,33,32,31,30,29,28,27,34,40,39,38,37,36,35,34],"relic_stats":{"Dream Catcher":3,"Nunchaku":[5],"Busted Crown":46,"counters":[30,191],"Golden Idol":188,"Question Card":0,"obtain_stats":[{"Dota2Spire:HandOfMidas":11,"Girya":44,"Golden Idol":10,"Nilry\u0027s Codex":19,"Oddly Smooth Stone":13,"Dota2Spire:ShadowBlade":24,"Dota2Spire:Bloodstone":34,"Guardian:PocketSentry":40,"Dota2Spire:HeartOfTarrasque":43,"Question Card":48,"Dream Catcher":9,"Nunchaku":45,"Dota2Spire:Butterfly":6,"Busted Crown":17,"Dota2Spire:CrimsonGuard":26,"Strawberry":44,"Red Mask":20,"Dota2Spire:ArcaneBoots":27,"Dota2Spire:AssaultCuirass":39,"Ring of the Snake":0},{"Dota2Spire:HandOfMidas":6,"Girya":26,"Golden Idol":6,"Nilry\u0027s Codex":9,"Oddly Smooth Stone":7,"Dota2Spire:ShadowBlade":13,"Dota2Spire:Bloodstone":20,"Guardian:PocketSentry":25,"Dota2Spire:HeartOfTarrasque":26,"Question Card":29,"Dream Catcher":6,"Nunchaku":27,"Dota2Spire:Butterfly":5,"Busted Crown":8,"Dota2Spire:CrimsonGuard":14,"Strawberry":26,"Red Mask":10,"Dota2Spire:ArcaneBoots":15,"Dota2Spire:AssaultCuirass":24,"Ring of the Snake":0},{"Dota2Spire:HandOfMidas":24,"Girya":157,"Golden Idol":24,"Nilry\u0027s Codex":48,"Oddly Smooth Stone":32,"Dota2Spire:ShadowBlade":71,"Dota2Spire:Bloodstone":122,"Guardian:PocketSentry":150,"Dota2Spire:HeartOfTarrasque":157,"Question Card":177,"Dream Catcher":24,"Nunchaku":163,"Dota2Spire:Butterfly":19,"Busted Crown":44,"Dota2Spire:CrimsonGuard":77,"Strawberry":157,"Red Mask":54,"Dota2Spire:ArcaneBoots":82,"Dota2Spire:AssaultCuirass":143,"Ring of the Snake":0}],"Ring of the Snake":[60]},"card_choices":[{"not_picked":["sneckomod:UnknownCommonSkill","Slimebound:Schlurp"],"picked":"Inflame","floor":1},{"not_picked":["Slimebound:DivideAndConquer","Ball Lightning"],"picked":"sneckomod:SlitherStrike","floor":2},{"not_picked":["BootSequence","Slimebound:DivideAndConquer","Slimebound:MegaLick"],"picked":"SKIP","floor":4},{"not_picked":["PathToVictory","PiercingWail"],"picked":"hexamod:SpectersWail","floor":5},{"not_picked":["Slimebound:GrowthPunch","champ:RageSigil","Clothesline"],"picked":"SKIP","floor":6},{"not_picked":["sneckomod:UnknownClassTHE_CHAMP_GRAY","Rampage"],"picked":"Guardian:Gem_Blue","floor":8},{"not_picked":["champ:TornadoPunch","Slimebound:SamplingLick"],"picked":"Inflame","floor":12},{"not_picked":["Entrench","EmptyMind","Stack"],"picked":"SKIP","floor":13},{"not_picked":["Buffer","Guardian:BaubleBeam"],"picked":"LessonLearned","floor":16},{"not_picked":[],"picked":"hexamod:NightmareGuise","floor":18},{"not_picked":[],"picked":"Slimebound:DivideAndConquer","floor":20},{"not_picked":["Halt"],"picked":"SKIP","floor":21},{"not_picked":[],"picked":"champ:Encircle","floor":22},{"not_picked":[],"picked":"Escape Plan","floor":23},{"not_picked":["Multi-Cast"],"picked":"SKIP","floor":24},{"not_picked":[],"picked":"Guardian:ChargeCore+1","floor":25},{"not_picked":[],"picked":"TalkToTheHand+1","floor":27},{"not_picked":["Perfected Strike"],"picked":"SKIP","floor":28},{"not_picked":[],"picked":"Armaments","floor":29},{"not_picked":["hexamod:PhantomFireball"],"picked":"SKIP","floor":30},{"not_picked":[],"picked":"hexamod:EtherealExpedition","floor":31},{"not_picked":[],"picked":"Slimebound:DouseInSlime","floor":33},{"not_picked":[],"picked":"Slimebound:GoopSpray","floor":35},{"not_picked":[],"picked":"hexamod:ExtraCrispy","floor":37},{"not_picked":["Slimebound:Grow+1"],"picked":"SKIP","floor":38},{"not_picked":[],"picked":"Shrug It Off","floor":39},{"not_picked":[],"picked":"Guardian:PiercingHide","floor":40},{"not_picked":["champ:HeartStrike"],"picked":"SKIP","floor":41},{"not_picked":[],"picked":"Guardian:ShieldCharger","floor":45},{"not_picked":[],"picked":"Defragment+1","floor":47},{"not_picked":[],"picked":"champ:SkillfulDodge+1","floor":48}],"player_experience":730837,"relics_obtained":[{"floor":6,"key":"Dota2Spire:Butterfly"},{"floor":9,"key":"Dream Catcher"},{"floor":13,"key":"Oddly Smooth Stone"},{"floor":19,"key":"Nilry\u0027s Codex"},{"floor":20,"key":"Red Mask"},{"floor":24,"key":"Dota2Spire:ShadowBlade"},{"floor":26,"key":"Dota2Spire:CrimsonGuard"},{"floor":27,"key":"Dota2Spire:ArcaneBoots"},{"floor":39,"key":"Dota2Spire:AssaultCuirass"},{"floor":40,"key":"Guardian:PocketSentry"},{"floor":43,"key":"Dota2Spire:HeartOfTarrasque"},{"floor":45,"key":"Nunchaku"},{"floor":48,"key":"Question Card"}],"event_choices":[{"damage_healed":0,"gold_gain":0,"player_choice":"Take Damage","damage_taken":15,"relics_obtained":["Golden Idol"],"max_hp_gain":0,"max_hp_loss":0,"event_name":"Golden Idol","floor":10,"gold_loss":0},{"damage_healed":0,"gold_gain":0,"player_choice":"Success","damage_taken":3,"relics_obtained":["Dota2Spire:HandOfMidas"],"max_hp_gain":0,"max_hp_loss":0,"event_name":"Scrap Ooze","floor":11,"gold_loss":0},{"damage_healed":0,"gold_gain":0,"player_choice":"Obtained Book","damage_taken":16,"max_hp_gain":0,"max_hp_loss":0,"event_name":"Cursed Tome","floor":19,"gold_loss":0},{"damage_healed":0,"gold_gain":0,"player_choice":"Fought Bandits","damage_taken":0,"max_hp_gain":0,"max_hp_loss":0,"event_name":"Masked Bandits","floor":20,"gold_loss":0},{"damage_healed":0,"gold_gain":0,"cards_transformed":["Strike_G"],"player_choice":"Transformed","damage_taken":0,"max_hp_gain":0,"max_hp_loss":0,"event_name":"Transmorgrifier","floor":36,"gold_loss":0,"cards_obtained":["Brutality"]},{"damage_healed":0,"gold_gain":0,"player_choice":"Fight","damage_taken":0,"max_hp_gain":0,"max_hp_loss":0,"event_name":"Mysterious Sphere","floor":39,"gold_loss":0}],"is_beta":false,"boss_relics":[{"not_picked":["Tiny House","Astrolabe"],"picked":"Busted Crown"},{"not_picked":["Philosopher\u0027s Stone","SacredBark"],"picked":"Dota2Spire:Bloodstone"}],"items_purged_floors":[44],"is_endless":false,"potions_floor_spawned":[1,2,13,16,21,27,28,29,31,37,38,40,41,47,48],"ascension_level":0}}