{"host":"982s3gyyw86tgeig","time":1609477176,"event":{"mods":["AchievementEnabler","Act Like it!","Aspiration","BaseMod","Colored Powertips","Evolution","GifTheSpireLib","Hermit","Hubris","Minty Spire (QoL Compilation)","Pale of the Ancients","Rare Cards Sparkle","Relic Stats","Replay The Spire","StSLib","Stuff the Spire","The IronCluck","vexMod"],"gold_per_floor":[114,131,131,142,152,187,187,212,267,280,255,355,368,388,388,488,488,498,517,169,169,182,182,182,182,182,182,182,198,198,17,17,17,17],"floor_reached":33,"playtime":5550,"items_purged":[],"score":257,"play_id":"fdc5fd0e-a4ce-449e-8dc0-a9d6fb060bfd","local_time":"20201231205936","is_ascension_mode":false,"campfire_choices":[{"data":"EmptyFist","floor":7,"key":"SMITH"},{"floor":15,"key":"REST"},{"floor":23,"key":"REST"},{"floor":25,"key":"REST"},{"data":"Conclude","floor":27,"key":"SMITH"}],"circlet_count":0,"master_deck":["Strike_P+1","Strike_P+1","Strike_P+1","Strike_P+1","Defend_P+1","Defend_P+1","Defend_P+1","Defend_P+1","Eruption","Vigilance","Consecrate","Prostrate+1","Replay:AtTheReady","ConjureBlade","EmptyFist+1","Conclude+1","Wallop","CrushJoints+1","Prostrate","Protect","Scrawl","Pray","CarveReality","BowlingBash","Necronomicurse","Swivel","SignatureMove","SashWhip","Dualcast","Meditate+1","Pray+1","BowlingBash+1"],"relics":["PureWater","EVO:Axolotl","NeowsBlessing","Thread and Needle","ReplayTheSpireMod:TigerMarble","Dream Catcher","Velvet Choker","Juzu Bracelet","Membership Card","Necronomicon","CaptainsWheel","MutagenicStrength","hubris:TenFootPole","StuffTheSpire:BottledEssence"],"acts_visited":["Exordium","TheCity"],"potions_floor_usage":[6],"damage_taken":[{"damage":0,"enemies":"Cultist","floor":1,"turns":1},{"damage":0,"enemies":"Small Slimes","floor":2,"turns":1},{"damage":0,"enemies":"Jaw Worm","floor":4,"turns":1},{"damage":4,"enemies":"3 Louse","floor":5,"turns":6},{"damage":25,"enemies":"Gremlin Nob","floor":6,"turns":5},{"damage":4,"enemies":"3 Sentries","floor":8,"turns":7},{"damage":0,"enemies":"Lots of Slimes","floor":10,"turns":3},{"damage":16,"enemies":"Looter","floor":13,"turns":2},{"damage":0,"enemies":"Large Slime","floor":14,"turns":5},{"damage":30,"enemies":"The Guardian","floor":16,"turns":14},{"damage":2,"enemies":"2 Thieves","floor":18,"turns":5},{"damage":21,"enemies":"Spheric Guardian","floor":19,"turns":8},{"damage":15,"enemies":"3 Cultists","floor":22,"turns":6},{"damage":13,"enemies":"Centurion and Healer","floor":29,"turns":4},{"damage":69,"enemies":"Pondfish","floor":33,"turns":10}],"seed_played":"-7967582668049238436","potions_obtained":[{"floor":2,"key":"AttackPotion"},{"floor":8,"key":"Cursed Concoction"},{"floor":10,"key":"Toxic Potion"},{"floor":16,"key":"Block Potion"}],"is_trial":false,"path_per_floor":["M","M","?","M","M","E","R","E","T","M","?","?","M","M","R","B",null,"M","M","$","?","M","R","?","R","T","R","?","M","?","$","R","B"],"character_chosen":"WATCHER","items_purchased":["Juzu Bracelet","Membership Card","InnerPeace+1","BowlingBash","hubris:TenFootPole","StuffTheSpire:BottledEssence","Pray+1"],"campfire_rested":3,"item_purchase_floors":[20,20,20,20,31,31,31],"current_hp_per_floor":[72,72,72,72,68,43,43,39,39,39,39,39,23,23,44,14,72,70,49,49,33,18,39,39,60,60,60,60,47,47,47,68,0,0],"gold":17,"neow_bonus":"THREE_ENEMY_KILL","is_daily":false,"chose_seed":false,"campfire_upgraded":2,"win_rate":0.0,"timestamp":1609477176,"path_taken":["M","?","?","M","?","E","R","E","T","M","?","?","M","?","R","BOSS","M","M","$","?","M","R","?","R","T","R","?","M","?","$","R","BOSS"],"items_purchased_type":["Relic","Relic","Card","Card","Relic","Relic","Card"],"build_version":"2020-12-22","purchased_purges":0,"victory":false,"max_hp_per_floor":[72,72,72,72,72,72,72,72,72,72,72,72,72,72,72,72,72,72,72,72,72,72,72,72,72,72,72,72,72,72,72,72,72,72],"relic_stats":{"Dream Catcher":4,"counters":[15,78],"Juzu Bracelet":1,"Necronomicon":[3],"obtain_stats":[{"NeowsBlessing":0,"Velvet Choker":17,"Thread and Needle":6,"StuffTheSpire:BottledEssence":31,"Juzu Bracelet":20,"EVO:Axolotl":0,"Dream Catcher":9,"CaptainsWheel":26,"MutagenicStrength":30,"ReplayTheSpireMod:TigerMarble":8,"Necronomicon":21,"hubris:TenFootPole":31,"Membership Card":20,"PureWater":0},{"NeowsBlessing":0,"Velvet Choker":10,"Thread and Needle":5,"StuffTheSpire:BottledEssence":14,"Juzu Bracelet":12,"EVO:Axolotl":0,"Dream Catcher":6,"CaptainsWheel":13,"MutagenicStrength":14,"ReplayTheSpireMod:TigerMarble":6,"Necronomicon":12,"hubris:TenFootPole":14,"Membership Card":12,"PureWater":0},{"NeowsBlessing":0,"Velvet Choker":45,"Thread and Needle":14,"StuffTheSpire:BottledEssence":68,"Juzu Bracelet":58,"EVO:Axolotl":0,"Dream Catcher":21,"CaptainsWheel":64,"MutagenicStrength":68,"ReplayTheSpireMod:TigerMarble":21,"Necronomicon":58,"hubris:TenFootPole":68,"Membership Card":58,"PureWater":0}]},"card_choices":[{"not_picked":["FlyingSleeves","Study"],"picked":"Consecrate","floor":1},{"not_picked":["Ragnarok","FollowUp"],"picked":"Prostrate","floor":2},{"not_picked":["Replay:BluntJabs","FlyingSleeves"],"picked":"Replay:AtTheReady","floor":4},{"not_picked":["JustLucky","FlyingSleeves"],"picked":"ConjureBlade","floor":5},{"not_picked":["Replay:Battleflow","TalkToTheHand"],"picked":"EmptyFist","floor":6},{"not_picked":["Halt","EmptyFist"],"picked":"Conclude","floor":8},{"not_picked":["FlyingSleeves","Sanctity"],"picked":"Wallop","floor":10},{"not_picked":["Meditate","Evaluate"],"picked":"CrushJoints","floor":13},{"not_picked":["Evaluate","Replay:AtTheReady"],"picked":"Prostrate","floor":14},{"not_picked":["EmptyFist","PathToVictory"],"picked":"Protect","floor":15},{"not_picked":["ConjureBlade","Omniscience"],"picked":"Scrawl","floor":16},{"not_picked":["Protect","Fasting2"],"picked":"Pray","floor":18},{"not_picked":["Replay:Vibes","Replay:Cycle"],"picked":"CarveReality","floor":19},{"not_picked":["Replay:Hum+1","Protect"],"picked":"Swivel","floor":22},{"not_picked":["ClearTheMind","SandsOfTime"],"picked":"SignatureMove","floor":23},{"not_picked":["FlyingSleeves+1","Replay:BluntJabs"],"picked":"SashWhip","floor":25},{"not_picked":["Replay:AllIn","ClearTheMind"],"picked":"Meditate+1","floor":29},{"not_picked":["Evaluate","Consecrate"],"picked":"BowlingBash+1","floor":32}],"player_experience":36584,"relics_obtained":[{"floor":6,"key":"Thread and Needle"},{"floor":8,"key":"ReplayTheSpireMod:TigerMarble"},{"floor":9,"key":"Dream Catcher"},{"floor":21,"key":"Necronomicon"},{"floor":26,"key":"CaptainsWheel"}],"event_choices":[{"damage_healed":0,"gold_gain":0,"player_choice":"Upgraded","damage_taken":0,"max_hp_gain":0,"max_hp_loss":0,"event_name":"Upgrade Shrine","floor":3,"gold_loss":0,"cards_upgraded":["Prostrate"]},{"damage_healed":0,"gold_gain":100,"player_choice":"Pray","damage_taken":0,"max_hp_gain":0,"max_hp_loss":0,"event_name":"Golden Shrine","floor":12,"gold_loss":0},{"damage_healed":0,"gold_gain":0,"player_choice":"Obtained Book","damage_taken":16,"max_hp_gain":0,"max_hp_loss":0,"event_name":"Cursed Tome","floor":21,"gold_loss":0},{"damage_healed":0,"gold_gain":0,"player_choice":"Simplicity","damage_taken":0,"max_hp_gain":0,"max_hp_loss":0,"event_name":"Back to Basics","floor":24,"gold_loss":0,"cards_upgraded":["Strike_P","Strike_P","Strike_P","Strike_P","Defend_P","Defend_P","Defend_P","Defend_P"]},{"cards_removed":["InnerPeace"],"damage_healed":0,"gold_gain":0,"player_choice":"Took Card","damage_taken":0,"max_hp_gain":0,"max_hp_loss":0,"event_name":"NoteForYourself","floor":28,"gold_loss":0,"cards_obtained":["Dualcast"]},{"damage_healed":0,"gold_gain":0,"player_choice":"Inject Mutagens","damage_taken":0,"relics_obtained":["MutagenicStrength"],"max_hp_gain":0,"max_hp_loss":0,"event_name":"Drug Dealer","floor":30,"gold_loss":0}],"is_beta":false,"boss_relics":[{"not_picked":["Kintsugi","vexMod:EndlessSickness"],"picked":"Velvet Choker"}],"items_purged_floors":[],"is_endless":false,"potions_floor_spawned":[2,8,10,16,19],"killed_by":"Pondfish","ascension_level":0}}