{"host":"873t0y8ybyo38pfq","time":1609540329,"event":{"mods":["BaseMod","Bestiary","Colored Map","Colored Powertips","Highlight Path","Minty Spire (QoL Compilation)","Quick Restart","RNG Fix","Rare Cards Sparkle","Relic Stats","StSLib"],"gold_per_floor":[18,32,51,67,2,2,13,26,99,128,128,128,163,182,182,255,255,269,5,5,23,23,23,23,23,23,23,34,47,66,79,79,79,79],"floor_reached":33,"playtime":1509,"items_purged":[],"score":522,"play_id":"e070a016-1461-419a-a8d4-b3538ab8541d","local_time":"20210101173209","is_ascension_mode":true,"campfire_choices":[{"floor":6,"key":"REST"},{"floor":11,"key":"REST"},{"data":"Defragment","floor":15,"key":"SMITH"},{"floor":23,"key":"REST"},{"data":"Ghostly","floor":25,"key":"SMITH"},{"floor":32,"key":"REST"}],"circlet_count":0,"master_deck":["AscendersBane","Strike_B","Defend_B","Defend_B","Defend_B","Defend_B","Zap","Dualcast","Tempest","Defragment+1","Cold Snap","Leap","Genetic Algorithm","Undo","Conserve Battery","Hologram","Electrodynamics","Conserve Battery","Lockon+1","Lockon+1","Conserve Battery","Ghostly","Ghostly+1","Ghostly+1","Seek","Skim"],"relics":["Cracked Core","Pear","Molten Egg 2","Blood Vial","Pen Nib","Sozu","Bottled Tornado","Question Card"],"acts_visited":["Exordium","TheCity"],"potions_floor_usage":[4,4,16,16],"damage_taken":[{"damage":1,"enemies":"Cultist","floor":1,"turns":3},{"damage":14,"enemies":"Jaw Worm","floor":2,"turns":4},{"damage":10,"enemies":"2 Louse","floor":3,"turns":3},{"damage":11,"enemies":"Gremlin Gang","floor":4,"turns":3},{"damage":2,"enemies":"Large Slime","floor":7,"turns":5},{"damage":5,"enemies":"Looter","floor":8,"turns":4},{"damage":60,"enemies":"Gremlin Nob","floor":10,"turns":5},{"damage":11,"enemies":"3 Sentries","floor":13,"turns":11},{"damage":5,"enemies":"Blue Slaver","floor":14,"turns":4},{"damage":13,"enemies":"The Guardian","floor":16,"turns":17},{"damage":16,"enemies":"Shell Parasite","floor":18,"turns":7},{"damage":22,"enemies":"2 Thieves","floor":21,"turns":3},{"damage":15,"enemies":"Sentry and Sphere","floor":28,"turns":4},{"damage":9,"enemies":"Shelled Parasite and Fungi","floor":29,"turns":5},{"damage":0,"enemies":"Centurion and Healer","floor":30,"turns":6},{"damage":0,"enemies":"3 Cultists","floor":31,"turns":5},{"damage":51,"enemies":"Collector","floor":33,"turns":9}],"seed_played":"2643831839820575913","potions_obtained":[{"floor":1,"key":"DuplicationPotion"},{"floor":2,"key":"DistilledChaos"},{"floor":3,"key":"Energy Potion"},{"floor":10,"key":"SpeedPotion"},{"floor":14,"key":"SkillPotion"}],"is_trial":false,"path_per_floor":["M","M","M","M","?","R","M","M","T","E","R","?","E","M","R","B",null,"M","$","?","M","?","R","?","R","T","?","M","M","M","M","R","B"],"character_chosen":"DEFECT","items_purchased":["Bottled Tornado"],"campfire_rested":4,"item_purchase_floors":[19],"current_hp_per_floor":[77,63,53,42,52,80,78,73,73,13,41,34,25,22,22,11,74,60,60,60,40,12,42,42,42,42,42,29,22,24,26,41,0,0],"gold":79,"neow_bonus":"TWENTY_PERCENT_HP_BONUS","is_daily":false,"chose_seed":false,"campfire_upgraded":2,"win_rate":0.0,"timestamp":1609540329,"path_taken":["M","?","M","M","?","R","M","M","T","E","R","?","E","?","R","BOSS","M","$","?","M","?","R","?","R","T","?","M","?","M","M","R","BOSS"],"items_purchased_type":["Relic"],"build_version":"2020-12-22","purchased_purges":0,"victory":false,"max_hp_per_floor":[85,85,85,85,95,95,95,95,95,95,95,95,95,95,95,95,95,95,95,95,95,100,100,50,50,50,50,50,50,50,50,50,50,50],"relic_stats":{"Blood Vial":20,"Sozu":3,"counters":[17,98],"Pen Nib":[3],"Question Card":4,"obtain_stats":[{"Blood Vial":10,"Sozu":17,"Pear":5,"Molten Egg 2":9,"Pen Nib":13,"Bottled Tornado":19,"Cracked Core":0,"Question Card":26},{"Blood Vial":7,"Sozu":10,"Pear":4,"Molten Egg 2":6,"Pen Nib":8,"Bottled Tornado":11,"Cracked Core":0,"Question Card":12},{"Blood Vial":27,"Sozu":59,"Pear":13,"Molten Egg 2":22,"Pen Nib":38,"Bottled Tornado":66,"Cracked Core":0,"Question Card":69}]},"card_choices":[{"not_picked":["Capacitor","Hologram"],"picked":"Tempest","floor":1},{"not_picked":["Undo","Turbo"],"picked":"Defragment","floor":2},{"not_picked":["Streamline","FTL"],"picked":"Cold Snap","floor":3},{"not_picked":["Hologram","Streamline"],"picked":"Leap","floor":4},{"not_picked":["Rebound","Consume"],"picked":"Genetic Algorithm","floor":7},{"not_picked":["Cold Snap","Reprogram"],"picked":"Undo","floor":8},{"not_picked":["Ball Lightning+1","Rebound+1"],"picked":"Conserve Battery","floor":10},{"not_picked":["Barrage+1","Consume","Rip and Tear+1"],"picked":"SKIP","floor":13},{"not_picked":["Stack","Melter+1"],"picked":"Hologram","floor":14},{"not_picked":["All For One+1","Thunder Strike+1"],"picked":"Electrodynamics","floor":16},{"not_picked":["Rebound+1","Beam Cell+1"],"picked":"Conserve Battery","floor":18},{"not_picked":["Beam Cell+1","Streamline+1"],"picked":"Conserve Battery","floor":21},{"not_picked":["Barrage+1","Heatsinks","Rebound+1","Reprogram"],"picked":"SKIP","floor":28},{"not_picked":["Hologram","Stack","Redo"],"picked":"Seek","floor":29},{"not_picked":["Aggregate","Go for the Eyes+1","Beam Cell+1"],"picked":"Skim","floor":30},{"not_picked":["Leap","Go for the Eyes+1","Hello World","Cold Snap+1"],"picked":"SKIP","floor":31}],"player_experience":1468496,"relics_obtained":[{"floor":9,"key":"Molten Egg 2"},{"floor":10,"key":"Blood Vial"},{"floor":13,"key":"Pen Nib"},{"floor":26,"key":"Question Card"}],"event_choices":[{"damage_healed":0,"gold_gain":0,"player_choice":"Paid Gold","damage_taken":0,"relics_obtained":["Pear"],"max_hp_gain":0,"max_hp_loss":0,"event_name":"WeMeetAgain","floor":5,"gold_loss":65},{"cards_removed":["Strike_B"],"damage_healed":0,"gold_gain":0,"player_choice":"Card Removal","damage_taken":7,"max_hp_gain":0,"max_hp_loss":0,"event_name":"Golden Wing","floor":12,"gold_loss":0},{"damage_healed":0,"gold_gain":0,"cards_transformed":["Strike_B","Strike_B"],"player_choice":"Became Test Subject","damage_taken":0,"max_hp_gain":0,"max_hp_loss":0,"event_name":"Drug Dealer","floor":20,"gold_loss":0,"cards_obtained":["Lockon","Lockon"]},{"damage_healed":0,"gold_gain":0,"player_choice":"Shed Blood","damage_taken":33,"max_hp_gain":5,"max_hp_loss":0,"event_name":"Forgotten Altar","floor":22,"gold_loss":0},{"damage_healed":0,"gold_gain":0,"player_choice":"Became a Ghost","damage_taken":0,"max_hp_gain":0,"max_hp_loss":50,"event_name":"Ghosts","floor":24,"gold_loss":0,"cards_obtained":["Ghostly","Ghostly","Ghostly"]},{"damage_healed":0,"gold_gain":0,"player_choice":"Forge","damage_taken":0,"max_hp_gain":0,"max_hp_loss":0,"event_name":"Accursed Blacksmith","floor":27,"gold_loss":0,"cards_upgraded":["Ghostly"]}],"is_beta":false,"boss_relics":[{"not_picked":["Busted Crown","Inserter"],"picked":"Sozu"}],"items_purged_floors":[],"is_endless":false,"potions_floor_spawned":[1,2,3,10,14,18,21,28],"killed_by":"Collector","ascension_level":20}}