{"host":"6to0pdz5g3mubtyg","time":1609523250,"event":{"mods":["Act Like it!","Aspiration","BaseMod","BetterRewards","Colored Map","Energized Spire","Hallownest","Highlight Path","Infinite Spire","Jorbs\u0027s Wanderer Trilogy","Minty Spire (QoL Compilation)","Shade Mod","StSLib","The Animator","The Blue Laboratory","The Bug Knight"],"gold_per_floor":[112,129,129,148,201,232,232,246,272,272,272,282,300,335,335,432,432,451,463,388,388,400,400,411,438,488,488,488,532,532,532,532,663,663,718,785,850,850,850],"floor_reached":38,"playtime":2031,"items_purged":[],"score":458,"play_id":"83dfa4aa-fa9f-4250-9112-31855607be00","local_time":"20210101104730","is_ascension_mode":false,"campfire_choices":[{"data":"Shade:SpectralStrikes","floor":7,"key":"SMITH"},{"data":"infinitespire:Fortify","floor":11,"key":"SMITH"},{"floor":15,"key":"REST"},{"data":"Shade:Putrefaction","floor":23,"key":"SMITH"},{"data":"Shade:SkeletonHug","floor":27,"key":"SMITH"},{"data":"Shade:SensePrey","floor":30,"key":"SMITH"},{"data":"Shade:ExtraLimbs","floor":32,"key":"SMITH"}],"circlet_count":0,"master_deck":["Shade:Strike_Shade+1","Shade:Strike_Shade+1","Shade:Strike_Shade+1","Shade:Strike_Shade+1","Shade:Defend_Shade+1","Shade:Defend_Shade+1","Shade:AnimateDead+1","Shade:CarefulCut","Shade:SpectralStrikes+1","Shade:ExtraLimbs+1","Shade:FeralStrike","Shade:SkeletonHug+1","Shade:FingerOfDeath","infinitespire:Fortify+1","Shade:SensePrey+1","Shade:ClawBack","Shade:FuneraryJewels","Shade:Putrefaction+1","Shade:OpenGraves+1","Shade:GraveStillness+1","Shade:ClawBack+1","Shade:PoundOfFlesh+1","infinitespire:SealOfDarkness+","Shade:ClawBack","Shade:LichForm","Shade:FleshToFlesh+1","Shade:Excise"],"relics":["Shade:Thing","infinitespire:EvilPickle","HollowMod:MillibellesNoteRelic","HollowMod:KingsBrand","Sling","Shuriken","Sundial","Chemical X","Runic Dome","infinitespire:Chaos","energizedSpire:EnergizedDie"],"acts_visited":["Exordium","TheCity","TheBeyond"],"potions_floor_usage":[38],"damage_taken":[{"damage":0,"enemies":"Jaw Worm","floor":1,"turns":3},{"damage":0,"enemies":"Cultist","floor":2,"turns":3},{"damage":3,"enemies":"Small Slimes","floor":4,"turns":3},{"damage":9,"enemies":"HollowMod:MossKnight","floor":6,"turns":5},{"damage":12,"enemies":"Blue Slaver","floor":8,"turns":3},{"damage":22,"enemies":"Exordium Thugs","floor":12,"turns":4},{"damage":0,"enemies":"3 Louse","floor":13,"turns":2},{"damage":0,"enemies":"3 Sentries","floor":14,"turns":3},{"damage":5,"enemies":"Slime Boss","floor":16,"turns":7},{"damage":0,"enemies":"Spheric Guardian","floor":18,"turns":3},{"damage":8,"enemies":"3 Byrds","floor":19,"turns":5},{"damage":0,"enemies":"Cultist and Chosen","floor":22,"turns":4},{"damage":0,"enemies":"Snake Plant","floor":24,"turns":4},{"damage":0,"enemies":"Nightmare","floor":25,"turns":5},{"damage":11,"enemies":"Centurion and Healer","floor":29,"turns":4},{"damage":32,"enemies":"Automaton","floor":33,"turns":8},{"damage":23,"enemies":"3 Darklings","floor":35,"turns":4},{"damage":7,"enemies":"Orb Walker","floor":36,"turns":2},{"damage":19,"enemies":"Sphere and 2 Shapes","floor":37,"turns":5},{"damage":16,"enemies":"Writhing Mass","floor":38,"turns":3}],"seed_played":"-3558037925068346874","potions_obtained":[{"floor":1,"key":"Weak Potion"},{"floor":4,"key":"Strength Potion"},{"floor":8,"key":"SmokeBomb"},{"floor":31,"key":"blueLaboratory:EmptyBottle"},{"floor":31,"key":"blueLaboratory:RememoryPotion"}],"is_trial":false,"path_per_floor":["M","M","?","M","?","E","R","M","T","?","R","M","M","E","R","B",null,"M","M","?","?","M","R","M","NM","T","R","AVR","M","R","?","R","B",null,"M","M","M","M"],"character_chosen":"SHADE","items_purchased":[],"campfire_rested":1,"item_purchase_floors":[],"current_hp_per_floor":[65,65,65,62,62,53,53,41,41,41,41,19,19,19,38,33,65,65,57,57,57,57,57,57,57,57,57,57,46,46,46,46,14,65,42,35,16,0,0],"gold":850,"neow_bonus":"UPGRADE_CARD","is_daily":false,"chose_seed":false,"campfire_upgraded":6,"win_rate":0.0,"timestamp":1609523250,"path_taken":["M","M","?","?","?","E","R","M","T","?","R","M","?","E","R","BOSS","M","M","?","?","M","R","M","NM","T","R","AVR","M","R","?","R","BOSS","M","?","M","M"],"items_purchased_type":[],"build_version":"2020-12-22","purchased_purges":0,"victory":false,"max_hp_per_floor":[65,65,65,65,65,65,65,65,65,65,65,65,65,65,65,65,65,65,65,65,65,65,65,65,65,65,65,65,65,65,65,65,65,65,65,65,65,65,65],"card_choices":[{"not_picked":["Shade:FingerOfDeath","Shade:PoundOfFlesh"],"picked":"Shade:SpectralStrikes","floor":1},{"not_picked":["Shade:Trample","Shade:GraveStillness"],"picked":"Shade:ExtraLimbs","floor":2},{"not_picked":["Shade:FleshLikeOak","Shade:Carnophage"],"picked":"Shade:FeralStrike","floor":4},{"not_picked":["Shade:SkeletonArmy","Shade:GreyBargain"],"picked":"Shade:SkeletonHug","floor":6},{"not_picked":["Shade:Asphyxiate","Shade:FuneraryArmor"],"picked":"Shade:FingerOfDeath","floor":8},{"not_picked":["infinitespire:Starlight","infinitespire:FutureSight"],"picked":"infinitespire:Fortify","floor":10},{"not_picked":["Shade:GoDigging","Shade:GraveStillness"],"picked":"Shade:SensePrey","floor":12},{"not_picked":["Shade:BoneShards","Shade:GraveStillness"],"picked":"Shade:ClawBack","floor":13},{"not_picked":["Shade:LyeBath","Shade:TouchOfTheGrave"],"picked":"Shade:FuneraryJewels","floor":14},{"not_picked":["Shade:Coordination","Shade:OminousRitual"],"picked":"Shade:Putrefaction","floor":16},{"not_picked":["Shade:SpontaneousRitual","Shade:FleshLikeOak","Shade:Trample"],"picked":"SKIP","floor":18},{"not_picked":["Shade:StitchTogether","Shade:Frenzy+1"],"picked":"Shade:OpenGraves+1","floor":19},{"not_picked":["Shade:WallOfFlesh","Shade:SkeletonHug"],"picked":"Shade:GraveStillness+1","floor":22},{"not_picked":["Shade:Frenzy","Shade:Premonition"],"picked":"Shade:ClawBack+1","floor":24},{"not_picked":["Shade:FleshOffering+1","Shade:Brains"],"picked":"Shade:PoundOfFlesh+1","floor":25},{"not_picked":["Shade:ExtraLimbs","Shade:PressTheAttack"],"picked":"Shade:ClawBack","floor":29},{"not_picked":["Shade:Putrefaction","Shade:SoulPierce"],"picked":"Shade:LichForm","floor":33},{"not_picked":["Shade:FingerOfDeath+1","Shade:WallOfFlesh+1"],"picked":"Shade:FleshToFlesh+1","floor":35},{"not_picked":["Shade:Trample","Shade:GreyBargain","Shade:Brains"],"picked":"SKIP","floor":36},{"not_picked":["Shade:GreyBargain","Shade:FreshBones"],"picked":"Shade:Excise","floor":37}],"player_experience":247188,"relics_obtained":[{"floor":6,"key":"infinitespire:WardingShard"},{"floor":9,"key":"Omamori"},{"floor":14,"key":"aspiration:SeaSaltIceCream"},{"floor":25,"key":"Tiny Chest"},{"floor":26,"key":"Orichalcum"}],"event_choices":[{"cards_removed":["Shade:Defend_Shade"],"damage_healed":0,"gold_gain":0,"player_choice":"Purged","damage_taken":0,"max_hp_gain":0,"max_hp_loss":0,"event_name":"Purifier","floor":3,"gold_loss":0},{"damage_healed":0,"gold_gain":53,"player_choice":"Gained Gold","damage_taken":0,"max_hp_gain":0,"max_hp_loss":0,"event_name":"Golden Wing","floor":5,"gold_loss":0},{"cards_removed":["Shade:Defend_Shade"],"damage_healed":0,"gold_gain":0,"player_choice":"Gave Gold","damage_taken":0,"max_hp_gain":0,"max_hp_loss":0,"event_name":"Beggar","floor":20,"gold_loss":75},{"damage_healed":0,"gold_gain":0,"player_choice":"Simplicity","damage_taken":0,"max_hp_gain":0,"max_hp_loss":0,"event_name":"Back to Basics","floor":21,"gold_loss":0,"cards_upgraded":["Shade:Strike_Shade","Shade:Strike_Shade","Shade:Strike_Shade","Shade:Strike_Shade","Shade:Defend_Shade","Shade:Defend_Shade"]},{"damage_healed":0,"gold_gain":0,"player_choice":"Got Potions","damage_taken":0,"max_hp_gain":0,"max_hp_loss":0,"event_name":"Lab","floor":31,"gold_loss":0}],"is_beta":false,"boss_relics":[{"not_picked":["Pandora\u0027s Box","SlaversCollar"],"picked":"energizedSpire:NeverEndingSparkler"},{"not_picked":["energizedSpire:StickyHand","SacredBark"],"picked":"energizedSpire:EnergizedDie"}],"items_purged_floors":[],"is_endless":false,"potions_floor_spawned":[1,4,8,13,16,18,25,33,35],"killed_by":"Writhing Mass","ascension_level":0}}