{"host":"exyz3r55z4kt6m9o","time":1609492418,"event":{"mods":["2.2 Compatiblity","AchievementEnabler","Aspiration","BaseMod","Better Altar","Better Match","Better Note","Better Sensory Stone","Better Skull","Better Third Choice","BetterRewards","Colored Powertips","Energized Spire","Evolution","Friendly Minions","GifTheSpireLib","Gold Saver","Infinite Spire","Ironclad Rager","Jorbs\u0027s Wanderer Trilogy","Luminous","Marisa????????","Minty Spire (QoL Compilation)","Permanent Neow","Rare Cards Sparkle","Reimu??????","Relic Filter","Replay The Spire","Spicy Shops","StSLib","The Bladedancer","The Blue Laboratory","The Gatherer","The Hayseed","The Mystic","The Runesmith","Wandering Minibosses","yUi"],"gold_per_floor":[769,779,834,851,834,834,867,867,867,885,885,885,710,710,710,710,710],"floor_reached":16,"playtime":742,"items_purged":["Pride"],"score":160,"play_id":"21a91eb3-40ad-40f4-b9e3-d73cec1983e1","local_time":"20210101041338","is_ascension_mode":true,"campfire_choices":[{"floor":6,"key":"REST"},{"data":"Runesmith:Grindstone","floor":12,"key":"SMITH"},{"floor":15,"key":"REST"}],"circlet_count":0,"master_deck":["AscendersBane","Strike_R","Strike_R","Strike_R","Defend_R","Defend_R","Defend_R","Bash","Runesmith:UnstableHammer","Flame Barrier","Runesmith:Grindstone+1","Runesmith:CraftReservo","Runesmith:HammerThrow","Runesmith:Firewall"],"relics":["Burning Blood","aspiration:Nostalgia","aspiration:RunesmithSkillbook","aspiration:FetidBarrel","Membership Card","Mastiff:ReiMu"],"acts_visited":["Exordium"],"potions_floor_usage":[7],"damage_taken":[{"damage":17,"enemies":"Jaw Worm","floor":1,"turns":6},{"damage":1,"enemies":"2 Louse","floor":2,"turns":6},{"damage":1,"enemies":"Cultist","floor":4,"turns":5},{"damage":53,"enemies":"3 Louse","floor":5,"turns":7},{"damage":50,"enemies":"Lagavulin","floor":7,"turns":11},{"damage":1,"enemies":"Looter","floor":10,"turns":3},{"damage":64,"enemies":"Slime Boss","floor":16,"turns":9}],"seed_played":"8371053565068627326","potions_obtained":[{"floor":3,"key":"FearPotion"},{"floor":3,"key":"FairyPotion"},{"floor":10,"key":"blueLaboratory:NullPotion"}],"is_trial":false,"path_per_floor":["M","M","?","M","M","R","E","?","T","M","?","R","$","?","R","B"],"character_chosen":"IRONCLAD","items_purchased":["Membership Card","Mastiff:ReiMu"],"campfire_rested":2,"item_purchase_floors":[13,13],"current_hp_per_floor":[61,66,66,71,24,48,30,30,30,35,35,35,35,35,59,0,0],"gold":710,"neow_bonus":"NOSTALGIA","is_daily":false,"chose_seed":false,"campfire_upgraded":1,"win_rate":0.0,"timestamp":1609492418,"path_taken":["M","M","?","M","M","R","E","?","T","?","?","R","$","?","R","BOSS"],"items_purchased_type":["Relic","Relic"],"build_version":"2020-12-22","purchased_purges":1,"victory":false,"max_hp_per_floor":[80,80,80,80,80,80,80,80,80,80,80,80,80,80,80,80,80],"card_choices":[{"not_picked":["Runesmith:ElementalConversion","Runesmith:BackupBattery","Replay:Undeath\u0027s Touch"],"picked":"Runesmith:UnstableHammer","floor":1},{"not_picked":["Runesmith:MakeshiftArmor","Power Through","Runesmith:Attraction"],"picked":"Flame Barrier","floor":2},{"not_picked":["True Grit","Runesmith:HeatedChisel","Runesmith:HammerAndChisel"],"picked":"Runesmith:Grindstone","floor":3},{"not_picked":["Havoc","Perfected Strike","Wild Strike"],"picked":"Runesmith:CraftReservo","floor":4},{"not_picked":["Runesmith:Repurpose","Body Slam","Runesmith:CraftMagma"],"picked":"Runesmith:HammerThrow","floor":5},{"not_picked":["Replay:Undeath\u0027s Touch","Searing Blow","True Grit","Runesmith:MakeshiftArmor"],"picked":"SKIP","floor":7},{"not_picked":["Runesmith:HammerAndChisel","True Grit","Runesmith:HammerThrow"],"picked":"Runesmith:Firewall","floor":10}],"player_experience":657055,"relics_obtained":[{"floor":7,"key":"aspiration:FetidBarrel"}],"event_choices":[{"cards_removed":["Strike_R"],"damage_healed":0,"gold_gain":0,"player_choice":"Purged","damage_taken":0,"max_hp_gain":0,"max_hp_loss":0,"event_name":"Purifier","floor":8,"gold_loss":0},{"cards_removed":["Strike_R"],"damage_healed":0,"gold_gain":0,"player_choice":"Forget","damage_taken":0,"max_hp_gain":0,"max_hp_loss":0,"event_name":"Living Wall","floor":11,"gold_loss":0}],"is_beta":false,"boss_relics":[],"items_purged_floors":[13],"is_endless":false,"potions_floor_spawned":[10],"killed_by":"Slime Boss","ascension_level":12}}