{"host":"6ilae7ewjeys3uzr","time":1609478837,"event":{"mods":["AchievementEnabler","BaseMod","Hermit","Marisa????????","Minty Spire (QoL Compilation)","Quick Restart","Replay The Spire","StSLib","The Cursed","The Servant 0.9.4"],"gold_per_floor":[110,84,84,84,110,150,184,198,198,198,198,230,91,118,118,213,213,238,238,288,313,8,8,8],"floor_reached":23,"playtime":1304,"items_purged":["Normality"],"score":191,"play_id":"8ed2085f-0440-4372-bdf7-65ee8490b893","local_time":"20210101062717","is_ascension_mode":false,"campfire_choices":[{"floor":11,"key":"RECALL"}],"circlet_count":0,"master_deck":["Strike_MRS","Strike_MRS","Strike_MRS","Defend_MRS","Defend_MRS","Defend_MRS","Defend_MRS","MasterSpark","UpSweep","AlicesGift","WitchOfGreed","SprinkleStarSeal","Singularity","NonDirectionalLaser","MilkyWay","ManaConvection+1","OpenUniverse+1","RefractionSpark","DarkSpark+1","GalacticHalo+1","DoubleSpark","BigCrunch+1","DC"],"relics":["MiniHakkero","NeowsBlessing","Counterbalance","Toxic Egg 2","ReplayTheSpireMod:CursedCoin","ExperimentalFamiliar","Nilry\u0027s Codex","Ring of Greed","ReplayTheSpireMod:Ring of Challenge","Golden Idol","Smiling Mask","Calipers"],"acts_visited":["Exordium","TheCity"],"potions_floor_usage":[16,16,16,21],"damage_taken":[{"damage":0,"enemies":"Jaw Worm","floor":1,"turns":1},{"damage":7,"enemies":"Small Slimes","floor":5,"turns":2},{"damage":4,"enemies":"3 Sentries","floor":6,"turns":2},{"damage":1,"enemies":"Cultist","floor":7,"turns":4},{"damage":7,"enemies":"3 Louse","floor":8,"turns":4},{"damage":13,"enemies":"2 Fungi Beasts","floor":12,"turns":3},{"damage":19,"enemies":"Exordium Wildlife","floor":14,"turns":4},{"damage":42,"enemies":"The Guardian","floor":16,"turns":13},{"damage":24,"enemies":"Shell Parasite","floor":18,"turns":6},{"damage":26,"enemies":"2 Thieves","floor":21,"turns":5},{"damage":23,"enemies":"Book of Stabbing","floor":23,"turns":3}],"seed_played":"3143156667631560413","potions_obtained":[{"floor":4,"key":"Weak Potion"},{"floor":4,"key":"CultistPotion"},{"floor":4,"key":"Block Potion"},{"floor":16,"key":"Weak Potion"}],"is_trial":false,"path_per_floor":["M","$","?","?","M","E","M","M","T","?","R","M","$","M","R","B",null,"M","?","?","M","$","E"],"character_chosen":"MARISA","items_purchased":["WitchOfGreed","ReplayTheSpireMod:CursedCoin","RefractionSpark","DarkSpark","GalacticHalo+1","Calipers"],"campfire_rested":0,"item_purchase_floors":[2,13,13,13,13,22],"current_hp_per_floor":[75,75,75,75,68,64,63,56,56,56,56,43,43,24,46,4,75,51,35,35,9,9,0,0],"gold":8,"neow_bonus":"THREE_ENEMY_KILL","is_daily":false,"chose_seed":false,"campfire_upgraded":0,"win_rate":0.0,"timestamp":1609478837,"path_taken":["M","$","?","?","M","E","?","M","T","?","R","M","$","M","R","BOSS","M","?","?","M","$","E"],"items_purchased_type":["Card","Relic","Card","Card","Card","Relic"],"build_version":"2020-12-22","purchased_purges":1,"victory":false,"max_hp_per_floor":[75,75,75,75,75,75,75,75,75,75,75,75,75,75,75,75,75,75,75,75,75,75,75,75],"card_choices":[{"not_picked":["IllusionStar","GasGiant"],"picked":"AlicesGift","floor":1},{"not_picked":["NonDirectionalLaser","MysteriousBeam"],"picked":"SprinkleStarSeal","floor":5},{"not_picked":["EventHorizon","WitchLeyline"],"picked":"Singularity","floor":6},{"not_picked":["GravityBeat","MilkyWay"],"picked":"NonDirectionalLaser","floor":7},{"not_picked":["EarthLightRay","ChargeUpSpray"],"picked":"MilkyWay","floor":8},{"not_picked":["ShootTheMoon","6A"],"picked":"OpenUniverse+1","floor":12},{"not_picked":["BigCrunch+1","MilkyWay+1"],"picked":"DoubleSpark","floor":14},{"not_picked":["EscapeVelocity","UltimateShortwave+1"],"picked":"BigCrunch+1","floor":16},{"not_picked":["DarkMatter+1","NonDirectionalLaser","6A"],"picked":"SKIP","floor":18},{"not_picked":["GravityBeat","UltimateShortwave+1"],"picked":"DC","floor":21}],"player_experience":231758,"relics_obtained":[{"floor":6,"key":"Counterbalance"},{"floor":9,"key":"Toxic Egg 2"},{"floor":19,"key":"Nilry\u0027s Codex"},{"floor":20,"key":"Ring of Greed"},{"floor":20,"key":"ReplayTheSpireMod:Ring of Challenge"},{"floor":20,"key":"Golden Idol"},{"floor":20,"key":"Smiling Mask"}],"event_choices":[{"damage_healed":0,"gold_gain":0,"player_choice":"Leave","damage_taken":0,"max_hp_gain":0,"max_hp_loss":0,"event_name":"The Cleric","floor":3,"gold_loss":0},{"damage_healed":0,"gold_gain":0,"player_choice":"Got Potions","damage_taken":0,"max_hp_gain":0,"max_hp_loss":0,"event_name":"Lab","floor":4,"gold_loss":0},{"damage_healed":0,"gold_gain":0,"player_choice":"Obtained Book","damage_taken":16,"max_hp_gain":0,"max_hp_loss":0,"event_name":"Cursed Tome","floor":19,"gold_loss":0}],"is_beta":false,"boss_relics":[{"not_picked":["Philosopher\u0027s Stone","RampagingMagicTools"],"picked":"ExperimentalFamiliar"}],"items_purged_floors":[13],"is_endless":false,"potions_floor_spawned":[5,7,12,14,16],"killed_by":"Book of Stabbing","ascension_level":0}}