{"host":"52m1o8iwwagurbjs","time":1609506179,"event":{"mods":["AchievementEnabler","BaseMod","Bestiary","Colored Powertips","GifTheSpireLib","Minty Spire (QoL Compilation)","Quick Restart","RNG Fix","Relic Stats","StSLib"],"gold_per_floor":[114,189,205,215,231,261,261,291,291,241,252,278,292,302,302,302,302],"floor_reached":16,"playtime":621,"items_purged":[],"score":205,"play_id":"e8842cdc-6188-4e29-9b58-0321030f65a4","local_time":"20210101080259","is_ascension_mode":true,"campfire_choices":[{"data":"Bash","floor":7,"key":"SMITH"},{"data":"Exhume","floor":15,"key":"SMITH"}],"circlet_count":0,"master_deck":["AscendersBane","Strike_R","Strike_R","Strike_R","Strike_R","Defend_R","Defend_R","Defend_R","Defend_R","Bash+1","Anger","Flame Barrier","Heavy Blade","Clothesline","Feel No Pain","Thunderclap","Rupture","Pommel Strike","Exhume+1"],"relics":["Burning Blood","PreservedInsect","Kunai","Bottled Tornado","Toy Ornithopter"],"acts_visited":["Exordium"],"potions_floor_usage":[5,6,8,13,16],"damage_taken":[{"damage":5,"enemies":"Small Slimes","floor":1,"turns":5},{"damage":0,"enemies":"Cultist","floor":3,"turns":2},{"damage":0,"enemies":"2 Louse","floor":4,"turns":3},{"damage":0,"enemies":"2 Fungi Beasts","floor":5,"turns":3},{"damage":24,"enemies":"Gremlin Nob","floor":6,"turns":4},{"damage":8,"enemies":"3 Sentries","floor":8,"turns":8},{"damage":11,"enemies":"3 Louse","floor":11,"turns":3},{"damage":32,"enemies":"Gremlin Nob","floor":12,"turns":4},{"damage":9,"enemies":"Red Slaver","floor":13,"turns":3},{"damage":4,"enemies":"2 Fungi Beasts","floor":14,"turns":4},{"damage":46,"enemies":"The Guardian","floor":16,"turns":5}],"seed_played":"5043152508288007485","potions_obtained":[{"floor":3,"key":"BlessingOfTheForge"},{"floor":4,"key":"SteroidPotion"},{"floor":6,"key":"LiquidMemories"},{"floor":12,"key":"AttackPotion"},{"floor":14,"key":"BlessingOfTheForge"}],"is_trial":false,"path_per_floor":["M","?","M","M","M","E","R","E","T","?","M","E","M","M","R","B"],"character_chosen":"IRONCLAD","items_purchased":[],"campfire_rested":0,"item_purchase_floors":[],"current_hp_per_floor":[81,70,76,82,88,70,70,68,68,68,63,37,39,41,41,0,0],"gold":302,"neow_bonus":"TEN_PERCENT_HP_BONUS","is_daily":false,"chose_seed":false,"campfire_upgraded":2,"win_rate":0.0,"timestamp":1609506179,"path_taken":["M","?","M","M","M","E","R","E","T","?","?","E","M","M","R","BOSS"],"items_purchased_type":[],"build_version":"2020-12-22","purchased_purges":0,"victory":false,"max_hp_per_floor":[88,88,88,88,88,88,88,88,88,88,88,88,88,88,88,88,88],"relic_stats":{"counters":[11,44],"PreservedInsect":56,"Kunai":[3],"obtain_stats":[{"PreservedInsect":6,"Kunai":8,"Bottled Tornado":9,"Burning Blood":0,"Toy Ornithopter":12},{"PreservedInsect":5,"Kunai":6,"Bottled Tornado":6,"Burning Blood":0,"Toy Ornithopter":8},{"PreservedInsect":17,"Kunai":25,"Bottled Tornado":25,"Burning Blood":0,"Toy Ornithopter":32}],"Burning Blood":60,"Toy Ornithopter":10},"card_choices":[{"not_picked":["Heavy Blade","Clothesline"],"picked":"Anger","floor":1},{"not_picked":["Burning Pact","Clash"],"picked":"Flame Barrier","floor":3},{"not_picked":["Wild Strike","Perfected Strike"],"picked":"Heavy Blade","floor":4},{"not_picked":["Power Through","Whirlwind"],"picked":"Clothesline","floor":5},{"not_picked":["Hemokinesis","Sentinel"],"picked":"Feel No Pain","floor":6},{"not_picked":["Power Through","Headbutt"],"picked":"Thunderclap","floor":8},{"not_picked":["Warcry","Flex","Body Slam"],"picked":"SKIP","floor":11},{"not_picked":["Infernal Blade","Second Wind"],"picked":"Rupture","floor":12},{"not_picked":["Flex","Headbutt"],"picked":"Pommel Strike","floor":13},{"not_picked":["Wild Strike","Body Slam"],"picked":"Exhume","floor":14}],"player_experience":1075533,"relics_obtained":[{"floor":6,"key":"PreservedInsect"},{"floor":8,"key":"Kunai"},{"floor":9,"key":"Bottled Tornado"},{"floor":12,"key":"Toy Ornithopter"}],"event_choices":[{"damage_healed":0,"gold_gain":75,"player_choice":"Gather Gold","damage_taken":11,"max_hp_gain":0,"max_hp_loss":0,"event_name":"World of Goop","floor":2,"gold_loss":0},{"cards_removed":["Strike_R"],"damage_healed":0,"gold_gain":0,"player_choice":"Card Removal","damage_taken":0,"max_hp_gain":0,"max_hp_loss":0,"event_name":"The Cleric","floor":10,"gold_loss":50}],"is_beta":false,"boss_relics":[],"items_purged_floors":[],"is_endless":false,"potions_floor_spawned":[3,4,6,12,14],"killed_by":"The Guardian","ascension_level":13}}