{"host":"f0dbpmn0khgeoqc0","time":1609534921,"event":{"mods":["2.2 Compatiblity","AchievementEnabler","Act Like it!","Ascension Unlocker","Aspiration","BaseMod","Better Altar","Better Match","Better Sensory Stone","Better Skull","Better Third Choice","BetterRewards","Block Reminder","Colored Map","Colored Powertips","Conspire","DNKmod","Disable Question Mark Monsters","Displayed Cursed Tome","Downfall","Evolution","Friendly Minions","Hermit","Highlight Path","Humility","Infinite Spire","Jorbs\u0027s Wanderer Trilogy","Koishi","Marisa????????","Minty Spire (QoL Compilation)","MostiFishMod","Permanent Neow","Random Character Button","Relic Filter","Relic Stats","Spicy Shops","StSLib","Td1madao Mod","The Gatherer","Treasure Hunter","Wandering Minibosses","??????REMEMod"],"gold_per_floor":[123,55,67,67,67,117,117,143,197,240,199,199,199,199,199],"floor_reached":14,"playtime":634,"items_purged":[],"score":242,"play_id":"b0445921-fa2d-49a8-9723-df162b3fc50f","local_time":"20210101160201","is_ascension_mode":true,"campfire_choices":[{"data":"Infinite Blades","floor":7,"key":"SMITH"},{"data":"Neutralize","floor":13,"key":"SMITH"}],"circlet_count":0,"master_deck":["AscendersBane","Strike_G","Strike_G","Strike_G","Strike_G","Strike_G","Defend_G","Defend_G+1","Defend_G","Defend_G","Defend_G","Survivor+1","Neutralize+1","stsjorbsmod:Feast+1","Quick Slash","Prepared+1","Setup","TH:CursedSword+1","Infinite Blades+1","Flying Knee","TH:CursedSword+1","TH:CursedSword+1","Poisoned Stab","conspire:SpireCoStock"],"relics":["Ring of the Snake","EVO:Axolotl","DaveBox","REME_ComplimentaryCards","BrkXgEgg","NeowsBlessing","SynthV:TestCard","CeramicFish","MealTicket","Snake Skull","War Paint"],"acts_visited":["Exordium"],"potions_floor_usage":[10],"damage_taken":[{"damage":0,"enemies":"Cultist","floor":1,"turns":1},{"damage":0,"enemies":"conspire:RoseBush","floor":3,"turns":1},{"damage":2,"enemies":"3 Sentries","floor":6,"turns":3},{"damage":2,"enemies":"Jaw Worm","floor":8,"turns":4},{"damage":12,"enemies":"Lagavulin","floor":10,"turns":5},{"damage":80,"enemies":"3 Sentries","floor":14,"turns":10}],"seed_played":"6688634829742700008","potions_obtained":[{"floor":1,"key":"PowerPotion"},{"floor":6,"key":"Ancient Potion"}],"is_trial":false,"path_per_floor":["M","$","M","?","?","E","R","M","T","E","?","?","R","E"],"character_chosen":"THE_SILENT","items_purchased":["Prepared"],"campfire_rested":0,"item_purchase_floors":[2],"current_hp_per_floor":[59,59,63,63,58,60,60,60,60,50,50,73,73,0,0],"gold":199,"neow_bonus":"THREE_ENEMY_KILL","is_daily":false,"chose_seed":false,"campfire_upgraded":2,"win_rate":0.0,"timestamp":1609534921,"path_taken":["M","?","M","?","?","E","R","M","T","E","?","?","R","E"],"items_purchased_type":["Card"],"build_version":"2020-12-22","purchased_purges":0,"victory":false,"max_hp_per_floor":[66,66,70,70,70,74,74,76,76,78,78,78,78,84,84],"relic_stats":{"counters":[6,24],"CeramicFish":63,"MealTicket":0,"Snake Skull":[2],"War Paint":["Defend_G","Survivor"],"obtain_stats":[{"SynthV:TestCard":1,"DaveBox":0,"NeowsBlessing":0,"CeramicFish":5,"MealTicket":6,"BrkXgEgg":0,"Snake Skull":9,"EVO:Axolotl":0,"War Paint":10,"Ring of the Snake":0,"REME_ComplimentaryCards":0},{"SynthV:TestCard":1,"DaveBox":0,"NeowsBlessing":0,"CeramicFish":2,"MealTicket":3,"BrkXgEgg":0,"Snake Skull":4,"EVO:Axolotl":0,"War Paint":5,"Ring of the Snake":0,"REME_ComplimentaryCards":0},{"SynthV:TestCard":1,"DaveBox":0,"NeowsBlessing":0,"CeramicFish":2,"MealTicket":5,"BrkXgEgg":0,"Snake Skull":9,"EVO:Axolotl":0,"War Paint":14,"Ring of the Snake":0,"REME_ComplimentaryCards":0}],"Ring of the Snake":[12]},"card_choices":[{"not_picked":["Cloak And Dagger","Sucker Punch"],"picked":"Quick Slash","floor":1},{"not_picked":["Underhanded Strike","Dodge and Roll","Acrobatics","Slice"],"picked":"Setup","floor":3},{"not_picked":["TH:CopperCoins","TH:PixieDust","TH:TreasureMap"],"picked":"TH:CursedSword","floor":6},{"not_picked":["Underhanded Strike","Caltrops","Bane","Flechettes"],"picked":"Infinite Blades","floor":6},{"not_picked":["Masterful Stab","REME_ShadowStrike","Blade Dance","Prepared"],"picked":"Flying Knee","floor":8},{"not_picked":["TH:Mimic","TH:ElvenBoots","TH:EnergyPotion"],"picked":"TH:CursedSword","floor":9},{"not_picked":["TH:DeckOfManyThings","TH:ElvenBoots","TH:TreasureMap"],"picked":"TH:CursedSword","floor":10},{"not_picked":["Underhanded Strike","Cloak And Dagger","Tactician","Dodge and Roll"],"picked":"Poisoned Stab","floor":10}],"player_experience":553914,"relics_obtained":[{"floor":1,"key":"SynthV:TestCard"},{"floor":6,"key":"MealTicket"},{"floor":9,"key":"Snake Skull"},{"floor":10,"key":"War Paint"}],"event_choices":[{"damage_healed":0,"gold_gain":0,"player_choice":"Grow","damage_taken":0,"max_hp_gain":0,"max_hp_loss":0,"event_name":"Living Wall","floor":4,"gold_loss":0,"cards_upgraded":["Prepared"]},{"damage_healed":0,"gold_gain":0,"player_choice":"Relic ","damage_taken":5,"max_hp_gain":0,"max_hp_loss":0,"event_name":"betterThird:BetterScrap","floor":5,"gold_loss":0,"cards_obtained":["MostiFishMod:DisColor"]},{"damage_healed":0,"gold_gain":0,"player_choice":"Invest 1","damage_taken":0,"max_hp_gain":0,"max_hp_loss":0,"event_name":"conspire:Investor","floor":11,"gold_loss":0}],"is_beta":false,"boss_relics":[],"items_purged_floors":[],"is_endless":false,"potions_floor_spawned":[1,6],"killed_by":"3 Sentries","ascension_level":20}}