{"host":"0cgp910o8339lr91","time":1609475954,"event":{"mods":["BaseMod","Colored Map","Filter the Spire","Minty Spire (QoL Compilation)","Relic Stats","Slay-I","ojb\u0027s Better Paths Mod","ojb\u0027s Info Mod"],"gold_per_floor":[119,119,136,153,78,111,111,142,217,228,262,274,274,306,306,382,382,396,396,408,408,421,450,467,496,496,37,62,76,76,91,91,164,164,183,183,196,221,238,268,268,296,296,324,324,324,335,114,114,114,114,114,114,24,50,50],"floor_reached":57,"playtime":7770,"items_purged":["Defend_P","Strike_P","Strike_P+1","Strike_P+1"],"score":3310,"play_id":"defb8300-dab5-44bf-81a2-3d6d0ff589c5","local_time":"20210101053914","is_ascension_mode":true,"campfire_choices":[{"data":"Eruption","floor":15.0,"key":"SMITH"},{"data":"RitualDagger","floor":32.0,"key":"SMITH"},{"data":"Scrawl","floor":41.0,"key":"SMITH"},{"floor":49,"key":"RECALL"},{"data":"WheelKick","floor":53,"key":"SMITH"}],"circlet_count":0,"master_deck":["AscendersBane","Defend_P+1","Defend_P+1","Defend_P+1","Eruption+1","Vigilance","WheelKick+1","EmptyFist","Adaptation","Scrawl+1","CutThroughFate","CurseOfTheBell","Worship+1","Necronomicurse","JustLucky","RitualDagger+1","Study+1","MentalFortress+1","Scrawl+1","Consecrate+1","BattleHymn+1","InnerPeace","Crescendo","JustLucky"],"relics":["Busted Crown","Lizard Tail","Anchor","Pear","Smiling Mask","Kunai","Turnip","Calling Bell","Damaru","Frozen Egg 2","CaptainsWheel","Necronomicon","Bag of Preparation","Tiny Chest","FossilizedHelix","Lee\u0027s Waffle","War Paint","Lantern","Coffee Dripper","Potion Belt","MealTicket","The Courier","Juzu Bracelet","Art of War"],"acts_visited":["Exordium","TheCity","TheBeyond","TheEnding"],"potions_floor_usage":[56],"damage_taken":[{"damage":0.0,"enemies":"2 Louse","floor":1.0,"turns":2.0},{"damage":0.0,"enemies":"Small Slimes","floor":3.0,"turns":3.0},{"damage":0.0,"enemies":"Jaw Worm","floor":4.0,"turns":3.0},{"damage":12.0,"enemies":"Lagavulin","floor":6.0,"turns":6.0},{"damage":4.0,"enemies":"3 Sentries","floor":8.0,"turns":5.0},{"damage":0.0,"enemies":"Large Slime","floor":10.0,"turns":3.0},{"damage":16.0,"enemies":"Gremlin Nob","floor":11.0,"turns":3.0},{"damage":0.0,"enemies":"Exordium Wildlife","floor":12.0,"turns":2.0},{"damage":21.0,"enemies":"3 Sentries","floor":14.0,"turns":7.0},{"damage":0.0,"enemies":"Slime Boss","floor":16.0,"turns":4.0},{"damage":2.0,"enemies":"Spheric Guardian","floor":18.0,"turns":4.0},{"damage":14.0,"enemies":"3 Byrds","floor":20.0,"turns":5.0},{"damage":7.0,"enemies":"Snecko","floor":22.0,"turns":5.0},{"damage":6.0,"enemies":"Slavers","floor":23.0,"turns":7.0},{"damage":0.0,"enemies":"Cultist and Chosen","floor":24.0,"turns":2.0},{"damage":0.0,"enemies":"Gremlin Leader","floor":25.0,"turns":4.0},{"damage":0.0,"enemies":"Book of Stabbing","floor":28.0,"turns":4.0},{"damage":0.0,"enemies":"Sentry and Sphere","floor":29.0,"turns":4.0},{"damage":0.0,"enemies":"Snake Plant","floor":31.0,"turns":2.0},{"damage":15.0,"enemies":"Automaton","floor":33.0,"turns":7.0},{"damage":0.0,"enemies":"3 Shapes","floor":35.0,"turns":5.0},{"damage":0.0,"enemies":"3 Darklings","floor":37.0,"turns":2.0},{"damage":0.0,"enemies":"4 Shapes","floor":39.0,"turns":5.0},{"damage":0.0,"enemies":"Reptomancer","floor":40.0,"turns":1.0},{"damage":0.0,"enemies":"Nemesis","floor":42.0,"turns":3.0},{"damage":0.0,"enemies":"Reptomancer","floor":44.0,"turns":1.0},{"damage":0.0,"enemies":"Transient","floor":47.0,"turns":6.0},{"damage":38,"enemies":"Awakened One","floor":50,"turns":11},{"damage":0,"enemies":"Donu and Deca","floor":51,"turns":4},{"damage":0,"enemies":"Shield and Spear","floor":55,"turns":4},{"damage":81,"enemies":"The Heart","floor":56,"turns":7}],"seed_played":"-3553608511248243380","potions_obtained":[{"floor":1.0,"key":"StancePotion"},{"floor":4.0,"key":"ColorlessPotion"},{"floor":8.0,"key":"SteroidPotion"},{"floor":14.0,"key":"BlessingOfTheForge"},{"floor":16.0,"key":"Regen Potion"},{"floor":18.0,"key":"Swift Potion"},{"floor":20.0,"key":"Ancient Potion"},{"floor":22.0,"key":"SteroidPotion"},{"floor":24.0,"key":"Swift Potion"},{"floor":29.0,"key":"Energy Potion"},{"floor":39.0,"key":"FearPotion"},{"floor":44.0,"key":"BottledMiracle"}],"is_trial":false,"path_per_floor":["M","?","M","M","$","E","?","E","T","M","E","M","?","E","R","B",null,"M","?","M","?","M","E","M","E","T","$","E","M","?","M","R","B",null,"M","?","M","T","M","E","R","E","T","E","?","?","M","$","R","B","B",null,"R","$","E","B",null],"character_chosen":"WATCHER","items_purchased":["Lee\u0027s Waffle","War Paint","DuplicationPotion","BattleHymn+1","InnerPeace","Crescendo","JustLucky"],"campfire_rested":0,"item_purchase_floors":[27,27,27,48,48,48,54],"current_hp_per_floor":[61,41,41,41,41,29,51,47,57,57,41,41,36,15,15,15,62,60,39,25,19,12,6,6,6,6,85,85,85,85,85,85,70,81,81,81,81,81,81,81,81,81,81,81,81,81,81,81,81,43,43,72,72,81,81,40],"gold":50,"neow_bonus":"BOSS_RELIC","is_daily":false,"chose_seed":false,"campfire_upgraded":4,"win_rate":0.0,"timestamp":1609475954,"path_taken":["M","?","M","M","$","E","?","E","T","M","E","M","?","E","R","BOSS","M","?","M","?","M","E","?","E","T","$","E","M","?","M","R","BOSS","M","?","?","?","M","E","R","E","T","E","?","?","M","$","R","BOSS","BOSS","R","$","E","BOSS"],"items_purchased_type":["Relic","Relic","Potion","Card","Card","Card","Card"],"build_version":"2020-12-22","purchased_purges":4,"victory":true,"max_hp_per_floor":[68,68,68,68,68,68,68,68,78,78,78,78,78,78,78,78,78,78,78,78,78,78,78,78,78,78,85,85,85,85,85,85,85,85,85,85,85,85,85,85,85,85,85,85,85,81,81,81,81,81,81,81,81,81,81,81],"relic_stats":{"Lee\u0027s Waffle":79,"counters":[31,131],"Bag of Preparation":[34],"Juzu Bracelet":1,"War Paint":["Worship","Scrawl"],"Smiling Mask":170,"Lizard Tail":40,"Busted Crown":60,"Tiny Chest":1,"MealTicket":9,"Turnip":[15],"Necronomicon":[40],"Art of War":[1],"Kunai":[84],"obtain_stats":[{"Lantern":28,"Bag of Preparation":23,"Juzu Bracelet":44,"Smiling Mask":11,"Lizard Tail":6,"Tiny Chest":25,"MealTicket":42,"Necronomicon":19,"Kunai":13,"Potion Belt":40,"Lee\u0027s Waffle":27,"Pear":9,"Damaru":17,"The Courier":43,"Frozen Egg 2":17,"War Paint":27,"Calling Bell":17,"Anchor":8,"CaptainsWheel":17,"Busted Crown":0,"Turnip":14,"Coffee Dripper":34,"Art of War":55,"PureWater":0,"FossilizedHelix":26},{"Lantern":17,"Bag of Preparation":14,"Juzu Bracelet":26,"Smiling Mask":7,"Lizard Tail":4,"Tiny Chest":16,"MealTicket":25,"Necronomicon":11,"Kunai":8,"Potion Belt":24,"Lee\u0027s Waffle":16,"Pear":5,"Damaru":10,"The Courier":25,"Frozen Egg 2":10,"War Paint":16,"Calling Bell":10,"Anchor":5,"CaptainsWheel":10,"Busted Crown":0,"Turnip":9,"Coffee Dripper":20,"Art of War":30,"PureWater":0,"FossilizedHelix":16},{"Lantern":69,"Bag of Preparation":59,"Juzu Bracelet":99,"Smiling Mask":25,"Lizard Tail":14,"Tiny Chest":65,"MealTicket":98,"Necronomicon":42,"Kunai":27,"Potion Belt":95,"Lee\u0027s Waffle":65,"Pear":19,"Damaru":38,"The Courier":98,"Frozen Egg 2":38,"War Paint":65,"Calling Bell":38,"Anchor":19,"CaptainsWheel":38,"Busted Crown":0,"Turnip":34,"Coffee Dripper":82,"Art of War":124,"PureWater":0,"FossilizedHelix":65}]},"card_choices":[{"not_picked":["Study"],"picked":"SKIP","floor":1.0},{"not_picked":[],"picked":"WheelKick","floor":3.0},{"not_picked":[],"picked":"EmptyFist","floor":4.0},{"not_picked":["FollowUp"],"picked":"SKIP","floor":6.0},{"not_picked":[],"picked":"Adaptation","floor":8.0},{"not_picked":["EmptyFist"],"picked":"SKIP","floor":10.0},{"not_picked":[],"picked":"Scrawl","floor":11.0},{"not_picked":["ThirdEye"],"picked":"SKIP","floor":12.0},{"not_picked":[],"picked":"CutThroughFate","floor":14.0},{"not_picked":[],"picked":"Worship","floor":18.0},{"not_picked":[],"picked":"JustLucky","floor":20.0},{"not_picked":["ThirdEye"],"picked":"SKIP","floor":22.0},{"not_picked":["EmptyFist"],"picked":"SKIP","floor":23.0},{"not_picked":[],"picked":"Study+1","floor":24.0},{"not_picked":[],"picked":"MentalFortress+1","floor":25.0},{"not_picked":[],"picked":"Scrawl","floor":28.0},{"not_picked":["Conclude"],"picked":"SKIP","floor":29.0},{"not_picked":["EmptyFist"],"picked":"SKIP","floor":31.0},{"not_picked":["Halt"],"picked":"SKIP","floor":35.0},{"not_picked":["Halt"],"picked":"SKIP","floor":35.0},{"not_picked":[],"picked":"Consecrate+1","floor":37.0},{"not_picked":["FlyingSleeves"],"picked":"SKIP","floor":39.0},{"not_picked":["BowlingBash"],"picked":"SKIP","floor":40.0},{"not_picked":["Conclude+1"],"picked":"SKIP","floor":42.0},{"not_picked":[],"picked":"EmptyBody","floor":44.0},{"not_picked":["ThirdEye"],"picked":"SKIP","floor":47},{"not_picked":["Wireheading+1"],"picked":"SKIP","floor":55}],"player_experience":1310130,"relics_obtained":[{"floor":6.0,"key":"Lizard Tail"},{"floor":8.0,"key":"Anchor"},{"floor":9.0,"key":"Pear"},{"floor":11.0,"key":"Smiling Mask"},{"floor":14.0,"key":"Turnip"},{"floor":17.0,"key":"Damaru"},{"floor":17.0,"key":"Frozen Egg 2"},{"floor":17.0,"key":"CaptainsWheel"},{"floor":19.0,"key":"Necronomicon"},{"floor":23.0,"key":"Bag of Preparation"},{"floor":25.0,"key":"Tiny Chest"},{"floor":26.0,"key":"FossilizedHelix"},{"floor":28.0,"key":"Lantern"},{"floor":40.0,"key":"Potion Belt"},{"floor":42.0,"key":"MealTicket"},{"floor":43.0,"key":"The Courier"},{"floor":44.0,"key":"Juzu Bracelet"},{"floor":55,"key":"Art of War"}],"event_choices":[{"damage_healed":0.0,"max_hp_gain":0.0,"max_hp_loss":0.0,"gold_gain":0.0,"event_name":"Shining Light","player_choice":"Entered Light","floor":2.0,"gold_loss":0.0,"damage_taken":20.0,"cards_upgraded":["Defend_P","Defend_P"]},{"damage_healed":22.0,"max_hp_gain":0.0,"max_hp_loss":0.0,"gold_gain":0.0,"event_name":"Big Fish","player_choice":"Banana","floor":7.0,"gold_loss":0.0,"damage_taken":0.0},{"damage_healed":0.0,"max_hp_gain":0.0,"max_hp_loss":0.0,"gold_gain":0.0,"event_name":"Scrap Ooze","player_choice":"Success","floor":13.0,"gold_loss":0.0,"damage_taken":5.0,"relics_obtained":["Kunai"]},{"damage_healed":0.0,"max_hp_gain":0.0,"max_hp_loss":0.0,"gold_gain":0.0,"event_name":"Cursed Tome","player_choice":"Obtained Book","floor":19.0,"gold_loss":0.0,"damage_taken":21.0},{"damage_healed":0.0,"max_hp_gain":0.0,"max_hp_loss":0.0,"gold_gain":0.0,"event_name":"Nest","player_choice":"Joined the Cult","floor":21.0,"gold_loss":0.0,"damage_taken":6.0,"cards_obtained":["RitualDagger"]},{"damage_healed":0.0,"max_hp_gain":0.0,"max_hp_loss":0.0,"gold_gain":0.0,"event_name":"Back to Basics","player_choice":"Simplicity","floor":30.0,"gold_loss":0.0,"damage_taken":0.0,"cards_upgraded":["Strike_P","Strike_P","Strike_P","Defend_P"]},{"cards_removed":["Strike_P"],"damage_healed":0.0,"max_hp_gain":0.0,"max_hp_loss":0.0,"gold_gain":0.0,"event_name":"Bonfire Elementals","player_choice":"Offered Basic","floor":36.0,"gold_loss":0.0,"damage_taken":0.0},{"cards_removed":["EmptyBody"],"damage_healed":0.0,"max_hp_gain":0.0,"max_hp_loss":0.0,"gold_gain":0.0,"event_name":"Falling","player_choice":"Removed Skill","floor":45.0,"gold_loss":0.0,"damage_taken":0.0},{"damage_healed":0.0,"max_hp_gain":0.0,"max_hp_loss":4.0,"gold_gain":0.0,"event_name":"Winding Halls","player_choice":"Max HP","floor":46.0,"gold_loss":0.0,"damage_taken":0.0}],"is_beta":false,"boss_relics":[{"not_picked":["Philosopher\u0027s Stone","SlaversCollar"],"picked":"Calling Bell"},{"not_picked":["Sozu","Runic Dome"],"picked":"Coffee Dripper"}],"items_purged_floors":[5,27,48,54],"is_endless":false,"potions_floor_spawned":[1,4,8,12,14,16,18,20,22,24,29,39,44],"ascension_level":20}}