{"host":"ssbj2e5691x5ub3h","time":1609466264,"event":{"mods":["BaseMod","Duelist Mod","Minty Spire (QoL Compilation)","StSLib"],"gold_per_floor":[143,156,167,184,197,197,208,237,260,326,326,344,344,344,344,418,418,432,243,254,254,254],"floor_reached":21,"playtime":788,"items_purged":[],"score":348,"play_id":"6d45e011-f37d-4b78-b156-f610849abaa3","local_time":"20201231235744","is_ascension_mode":true,"campfire_choices":[{"data":"theDuelist:CyberDragonCore","floor":6,"key":"SMITH"},{"data":"theDuelist:MiraculousDescent","floor":11,"key":"SMITH"},{"data":"theDuelist:CyberDragonVier","floor":13,"key":"SMITH"},{"data":"theDuelist:RedRisingDragon","floor":15,"key":"SMITH"}],"circlet_count":0,"master_deck":["AscendersBane","theDuelist:BabyDragon","theDuelist:CastleWalls","theDuelist:CastleWalls","theDuelist:CaveDragon","theDuelist:CaveDragon","theDuelist:LesserDragon","theDuelist:LesserDragon","theDuelist:Sparks","theDuelist:Sparks","theDuelist:YamataDragon","theDuelist:CyberDragonCore","theDuelist:RedRisingDragon+1","theDuelist:MaskedDragon","theDuelist:TwinBarrelDragon","theDuelist:CyberDragonCore+1","theDuelist:CurseDragon","theDuelist:MiraculousDescent+1","theDuelist:CyberDragonVier+1","theDuelist:ArmageddonDragonEmp","theDuelist:GravityLash","theDuelist:MirageDragon","theDuelist:AncientPixieDragon"],"relics":["theDuelist:MillenniumPuzzle","theDuelist:CardPoolRelic","theDuelist:CardPoolBasicRelic","theDuelist:BoosterPackPoolRelic","theDuelist:CardPoolAddRelic","theDuelist:CardPoolMinusRelic","theDuelist:CardPoolSaveRelic","theDuelist:CardPoolOptionsRelic","theDuelist:MerchantNecklace","Strawberry","theDuelist:HauntedRelic","Bag of Preparation"],"acts_visited":["Exordium","TheCity"],"potions_floor_usage":[8,12],"damage_taken":[{"damage":0,"enemies":"2 Louse","floor":1,"turns":2},{"damage":0,"enemies":"Small Slimes","floor":2,"turns":3},{"damage":0,"enemies":"Cultist","floor":3,"turns":2},{"damage":7,"enemies":"Exordium Thugs","floor":4,"turns":4},{"damage":10,"enemies":"Large Slime","floor":5,"turns":4},{"damage":0,"enemies":"Exordium Wildlife","floor":7,"turns":4},{"damage":15,"enemies":"Lagavulin","floor":8,"turns":5},{"damage":3,"enemies":"Red Slaver","floor":12,"turns":3},{"damage":6,"enemies":"Hexaghost","floor":16,"turns":8},{"damage":1,"enemies":"Spheric Guardian","floor":18,"turns":2},{"damage":0,"enemies":"2 Thieves","floor":20,"turns":3},{"damage":8,"enemies":"Centurion and Healer","floor":21,"turns":3}],"seed_played":"-5599063401604531686","potions_obtained":[{"floor":1,"key":"PowerPotion"},{"floor":5,"key":"Energy Potion"},{"floor":8,"key":"Explosive Potion"},{"floor":16,"key":"theDuelist:BurningPotion"}],"is_trial":false,"path_per_floor":["M","M","M","M","M","R","M","E","T","?","R","M","R","?","R","B",null,"M","$","M","M"],"character_chosen":"THE_DUELIST","items_purchased":["Bag of Preparation","theDuelist:MirageDragon"],"campfire_rested":0,"item_purchase_floors":[19,19],"current_hp_per_floor":[70,70,70,63,53,53,53,38,45,45,45,42,42,47,47,41,77,76,76,76,68,68],"gold":254,"neow_bonus":"TEN_PERCENT_HP_BONUS","is_daily":false,"chose_seed":false,"campfire_upgraded":4,"win_rate":0.0,"timestamp":1609466264,"path_taken":["M","M","M","M","M","R","M","E","T","?","R","M","R","?","R","BOSS","M","$","M","M"],"items_purchased_type":["Relic","Card"],"build_version":"2020-12-22","purchased_purges":0,"victory":false,"max_hp_per_floor":[77,77,77,77,77,77,77,77,84,84,84,84,84,89,89,89,89,89,89,89,89,89],"card_choices":[{"not_picked":["theDuelist:CyberValley","theDuelist:CyberLaserDragon","theDuelist:EvolutionBurst","theDuelist:TyrantWing"],"picked":"theDuelist:CyberDragonCore","floor":1},{"not_picked":["theDuelist:BlackBrutdrago","theDuelist:Anthrosaurus","theDuelist:BusterBlader","theDuelist:EvolutionBurst"],"picked":"theDuelist:RedRisingDragon","floor":2},{"not_picked":["theDuelist:CyberDinosaur","theDuelist:BlackStego","theDuelist:Beatraptor","theDuelist:BlueEyesUltimate"],"picked":"theDuelist:MaskedDragon","floor":3},{"not_picked":["theDuelist:CyberValley","theDuelist:DragonPiper","theDuelist:Anthrosaurus","theDuelist:RedRisingDragon"],"picked":"theDuelist:TwinBarrelDragon","floor":4},{"not_picked":["theDuelist:Hydrogeddon","theDuelist:CyberValley","theDuelist:MaskedDragon","theDuelist:ExploderDragon"],"picked":"theDuelist:CyberDragonCore","floor":5},{"not_picked":["theDuelist:LesserDragon","theDuelist:LavaDragon","theDuelist:AncientPixieDragon","theDuelist:CyberEndDragon"],"picked":"theDuelist:CurseDragon","floor":7},{"not_picked":["theDuelist:WhiteHowling","theDuelist:WhiteHornDragon","theDuelist:BoosterDragon"],"picked":"theDuelist:MiraculousDescent","floor":8},{"not_picked":["theDuelist:LesserDragon","theDuelist:Anthrosaurus","theDuelist:BlackPtera","theDuelist:DefenseZone"],"picked":"theDuelist:CyberDragonVier","floor":12},{"not_picked":["theDuelist:FiveHeaded","theDuelist:BlasterDragonInfernos","theDuelist:BSkullDragon","theDuelist:ArmedProtectorDragon"],"picked":"theDuelist:ArmageddonDragonEmp","floor":16},{"not_picked":["theDuelist:SpiralSpearStrike","theDuelist:SuperStridentBlaze","theDuelist:OneDayPeace","theDuelist:LostWorld"],"picked":"theDuelist:GravityLash","floor":18},{"not_picked":["theDuelist:LesserDragon","theDuelist:Anthrosaurus","theDuelist:TwinBarrelDragon","theDuelist:MoltenDestruction"],"picked":"theDuelist:AncientPixieDragon","floor":20}],"player_experience":300625,"relics_obtained":[{"floor":8,"key":"theDuelist:MerchantNecklace"},{"floor":9,"key":"Strawberry"}],"event_choices":[{"damage_healed":0,"gold_gain":66,"player_choice":"Gained Gold","damage_taken":0,"max_hp_gain":0,"max_hp_loss":0,"event_name":"Golden Wing","floor":10,"gold_loss":0},{"damage_healed":0,"gold_gain":0,"player_choice":"Donut","damage_taken":0,"max_hp_gain":5,"max_hp_loss":0,"event_name":"Big Fish","floor":14,"gold_loss":0}],"is_beta":false,"boss_relics":[{"not_picked":["Fusion Hammer","Velvet Choker"],"picked":"theDuelist:HauntedRelic"}],"items_purged_floors":[],"is_endless":false,"potions_floor_spawned":[1,5,8,16,18],"killed_by":"Centurion and Healer","ascension_level":18}}