{"host":"adv1uqz3812gqgbw","time":1609460869,"event":{"mods":["BaseMod","Better Note","Colored Powertips","Custom Start","GifTheSpireLib","Hermit","Minty Spire (QoL Compilation)","StSLib","The Runesmith","Uncapped"],"gold_per_floor":[135,165,112,145,145,229,319,424,424],"floor_reached":8,"playtime":3733,"items_purged":[],"score":332,"play_id":"66902cd9-24fc-4dee-8a78-efa888139c61","local_time":"20201231222749","daily_mods":["Diverse","Colorless Cards","Time Dilation","DeadlyEvents","Elite Swarm","Lethality","Midas","Uncertain Future"],"is_ascension_mode":true,"campfire_choices":[],"circlet_count":0,"master_deck":["Master of Strategy+1","Consecrate+1","Adaptation+1","Crescendo+1","Adrenaline+1","Adrenaline+1","Inflame+1","Inflame+1","Limit Break+1","Limit Break+1","Flex+1","Double Energy+1"],"relics":["Burning Blood","Anchor","Akabeko","Bottled Flame","Bottled Lightning","Bottled Tornado","Mummified Hand","Runesmith:Nanobots","Ginger","Mango","Lee\u0027s Waffle","Strawberry","Paper Frog","Pear","Vajra","Unceasing Top","WristBlade","TungstenRod","Singing Bowl","Bag of Preparation","Ring of the Snake","Pen Nib","Brimstone","Lantern","Coffee Dripper","Ice Cream","Philosopher\u0027s Stone","hermit:DentedPlate","Frozen Eye","The Courier","Odd Mushroom","Pocketwatch"],"acts_visited":["Exordium"],"potions_floor_usage":[],"damage_taken":[{"damage":0,"enemies":"Jaw Worm","floor":1,"turns":1},{"damage":0,"enemies":"2 Louse","floor":2,"turns":1},{"damage":0,"enemies":"Small Slimes","floor":4,"turns":1},{"damage":0,"enemies":"Lagavulin","floor":6,"turns":1},{"damage":0,"enemies":"The Mushroom Lair","floor":7,"turns":1},{"damage":0,"enemies":"3 Sentries","floor":8,"turns":1}],"seed_played":"4689672020519508986","potions_obtained":[{"floor":2,"key":"PowerPotion"}],"is_trial":true,"path_per_floor":["M","M","$","M","?","E","?","E"],"character_chosen":"IRONCLAD","items_purchased":["SteroidPotion"],"campfire_rested":0,"item_purchase_floors":[3],"current_hp_per_floor":[73,75,75,77,77,79,81,83,83],"gold":424,"neow_bonus":"","is_daily":false,"chose_seed":false,"campfire_upgraded":0,"win_rate":0.0,"timestamp":1609460869,"path_taken":["M","M","$","M","?","E","?","E"],"items_purchased_type":["Potion"],"build_version":"2020-12-22","purchased_purges":0,"victory":false,"max_hp_per_floor":[73,75,75,77,77,79,81,83,83],"card_choices":[{"not_picked":["EmptyBody","LikeWater","Dramatic Entrance"],"picked":"Singing Bowl","floor":1},{"not_picked":["hermit:CursedWeapon","Barrage","Prostrate"],"picked":"Singing Bowl","floor":2},{"not_picked":["Concentrate","Caltrops","Sweeping Beam"],"picked":"Singing Bowl","floor":4},{"not_picked":["Tools of the Trade","Corruption","Impervious"],"picked":"Singing Bowl","floor":6},{"not_picked":["Deadly Poison","Headbutt","hermit:Manifest"],"picked":"Singing Bowl","floor":7},{"not_picked":["Transmutation","Burst","hermit:FinalCanter"],"picked":"Singing Bowl","floor":8}],"player_experience":343659,"relics_obtained":[{"floor":6,"key":"The Courier"},{"floor":7,"key":"Odd Mushroom"},{"floor":8,"key":"Pocketwatch"}],"event_choices":[{"damage_healed":0,"gold_gain":0,"player_choice":"Leave","damage_taken":0,"max_hp_gain":0,"max_hp_loss":0,"event_name":"The Cleric","floor":5,"gold_loss":0},{"damage_healed":0,"gold_gain":0,"player_choice":"Fought Mushrooms","damage_taken":0,"max_hp_gain":0,"max_hp_loss":0,"event_name":"Mushrooms","floor":7,"gold_loss":0}],"is_beta":false,"boss_relics":[],"items_purged_floors":[],"is_endless":false,"potions_floor_spawned":[2,4,7],"killed_by":"3 Sentries","ascension_level":20}}