{"host":"yludllxm6rzdxpbb","time":1609526797,"event":{"mods":["AchievementEnabler","BaseMod","Better Third Choice","BetterRewards","Colored Map","Colored Powertips","Hermit","Hubris","Infinite Spire","Minty Spire (QoL Compilation)","Quick Restart","Replay The Spire","StSLib","The Hierophant","The Necromancer"],"gold_per_floor":[117,135,4,4,20,20,20,63,63,84,158,158,172,172,195,220,220,344,344,358,358,372,392,392,392],"floor_reached":24,"playtime":905,"items_purged":[],"score":210,"play_id":"c72d001d-0a4d-4b02-8599-123178914dee","local_time":"20210101214637","is_ascension_mode":true,"campfire_choices":[{"floor":12.0,"key":"RECALL"},{"data":"Armaments","floor":14.0,"key":"SMITH"},{"data":"Inflame","floor":17.0,"key":"SMITH"}],"circlet_count":0,"master_deck":["Strike_R","Strike_R","Strike_R","Strike_R","Strike_R","Defend_R","Defend_R","Defend_R","Defend_R","Bash","Spot Weakness","Flame Barrier","Inflame+1","Shrug It Off","Run Through","Perfected Strike","Flex","Armaments+1","Massacre","Impervious","Immolate","Power Through","ReplayTheSpireMod:Stacked"],"relics":["Burning Blood","Golden Idol","infinitespire:Lucky Rock","hubris:GrandSneckoEye"],"acts_visited":["Exordium","TheCity"],"potions_floor_usage":[],"damage_taken":[{"damage":1.0,"enemies":"Jaw Worm","floor":1.0,"turns":5.0},{"damage":0.0,"enemies":"Small Slimes","floor":2.0,"turns":3.0},{"damage":6.0,"enemies":"2 Louse","floor":5.0,"turns":3.0},{"damage":29.0,"enemies":"Lagavulin","floor":8.0,"turns":8.0},{"damage":11.0,"enemies":"Large Slime","floor":10.0,"turns":6.0},{"damage":0.0,"enemies":"2 Fungi Beasts","floor":13.0,"turns":3.0},{"damage":17.0,"enemies":"Lots of Slimes","floor":15.0,"turns":5.0},{"damage":0.0,"enemies":"Blue Slaver","floor":16.0,"turns":3.0},{"damage":34.0,"enemies":"The Guardian","floor":18.0,"turns":16.0},{"damage":17.0,"enemies":"2 Thieves","floor":20.0,"turns":3.0},{"damage":0.0,"enemies":"3 Byrds","floor":22.0,"turns":4.0},{"damage":14.0,"enemies":"Centurion and Healer","floor":23.0,"turns":4.0}],"seed_played":"-324195560985560247","potions_obtained":[{"floor":5.0,"key":"LiquidMemories"},{"floor":10.0,"key":"DuplicationPotion"},{"floor":20.0,"key":"Block Potion"},{"floor":22.0,"key":"SkillPotion"}],"is_trial":false,"path_per_floor":["M","M","$","?","M","PTL","PTL","E","?","M","T","R","M","R","M","M","R","B",null,"M","$","M","M","$"],"character_chosen":"IRONCLAD","items_purchased":["Inflame","Shrug It Off"],"campfire_rested":0,"item_purchase_floors":[3,3],"current_hp_per_floor":[88,88,88,66,66,66,66,43,69,64,64,64,70,70,59,65,65,37,88,77,77,83,75,75,75],"gold":392,"neow_bonus":"TEN_PERCENT_HP_BONUS","is_daily":false,"chose_seed":false,"campfire_upgraded":2,"win_rate":0.0,"timestamp":1609526797,"path_taken":["M","M","$","?","M","PTL","PTL","E","?","M","T","R","M","R","M","M","R","BOSS","M","$","M","M","$"],"items_purchased_type":["Card","Card"],"build_version":"2020-12-22","purchased_purges":0,"victory":false,"max_hp_per_floor":[88,88,88,88,88,88,88,88,88,88,88,88,88,88,88,88,88,88,88,88,88,88,88,88,88],"card_choices":[{"not_picked":["Run Through","Heavy Blade"],"picked":"Spot Weakness","floor":1.0},{"not_picked":["Clothesline","Headbutt"],"picked":"Flame Barrier","floor":2.0},{"not_picked":["Pommel Strike","Iron Wave"],"picked":"Run Through","floor":5.0},{"not_picked":["Sword Boomerang","Cleave"],"picked":"Perfected Strike","floor":8.0},{"not_picked":["Pummel","Iron Wave"],"picked":"Flex","floor":10.0},{"not_picked":["Havoc","Clothesline"],"picked":"Armaments","floor":13.0},{"not_picked":["Iron Wave","Dual Wield"],"picked":"Massacre","floor":15.0},{"not_picked":["Rampage","Abandon"],"picked":"Impervious","floor":16.0},{"not_picked":["Bludgeon","Corruption"],"picked":"Immolate","floor":18.0},{"not_picked":["Run Through","Headbutt"],"picked":"Power Through","floor":20.0},{"not_picked":["Shrug It Off","Abandon"],"picked":"ReplayTheSpireMod:Stacked","floor":22.0},{"not_picked":["Clothesline","Headbutt+1","Rampage"],"picked":"SKIP","floor":23.0}],"player_experience":324843,"relics_obtained":[{"floor":8.0,"key":"infinitespire:Lucky Rock"}],"event_choices":[{"damage_healed":0.0,"max_hp_gain":0.0,"max_hp_loss":0.0,"gold_gain":0.0,"event_name":"Golden Idol","player_choice":"Take Damage","floor":4.0,"gold_loss":0.0,"damage_taken":22.0,"relics_obtained":["Golden Idol"]}],"is_beta":false,"boss_relics":[{"not_picked":["Runic Dome","Honey Jar"],"picked":"hubris:GrandSneckoEye"}],"items_purged_floors":[],"is_endless":false,"potions_floor_spawned":[5,10,20,22],"ascension_level":1}}