{"host":"31s8hzukbhz1k6i6","time":1609467654,"event":{"mods":["AchievementEnabler","BaseMod","Bestiary","Colored Map","Filter the Spire","Minty Spire (QoL Compilation)","Relic Stats","UnlockEverythingMod","ojb\u0027s Info Mod"],"gold_per_floor":[113,132,407,422,432,464,464,464,464],"floor_reached":8,"playtime":272,"items_purged":[],"score":87,"play_id":"bd65997f-e098-4642-9c58-df8e1b8cd7b0","local_time":"20201231182054","is_ascension_mode":true,"campfire_choices":[{"data":"Immolate","floor":7,"key":"SMITH"}],"circlet_count":0,"master_deck":["AscendersBane","Strike_R","Strike_R","Strike_R","Strike_R","Strike_R","Defend_R","Defend_R","Defend_R","Defend_R","Bash","Immolate+1","Ghostly Armor","Dropkick","Regret","Shrug It Off"],"relics":["Burning Blood","Mummified Hand"],"acts_visited":["Exordium"],"potions_floor_usage":[5,6],"damage_taken":[{"damage":17,"enemies":"Small Slimes","floor":1,"turns":3},{"damage":1,"enemies":"Cultist","floor":2,"turns":3},{"damage":11,"enemies":"Jaw Worm","floor":4,"turns":4},{"damage":0,"enemies":"Looter","floor":5,"turns":1},{"damage":29,"enemies":"3 Sentries","floor":6,"turns":7},{"damage":46,"enemies":"Gremlin Nob","floor":8,"turns":4}],"seed_played":"-8940813714940922543","potions_obtained":[{"floor":4,"key":"DistilledChaos"},{"floor":5,"key":"Block Potion"},{"floor":6,"key":"LiquidBronze"}],"is_trial":false,"path_per_floor":["M","M","?","M","M","E","R","E"],"character_chosen":"IRONCLAD","items_purchased":[],"campfire_rested":0,"item_purchase_floors":[],"current_hp_per_floor":[61,66,66,61,67,44,44,0,0],"gold":464,"neow_bonus":"THREE_RARE_CARDS","is_daily":false,"chose_seed":false,"campfire_upgraded":1,"win_rate":0.0,"timestamp":1609467654,"path_taken":["M","M","?","M","M","E","R","E"],"items_purchased_type":[],"build_version":"2020-12-22","purchased_purges":0,"victory":false,"max_hp_per_floor":[72,72,72,72,72,72,72,72,72],"relic_stats":{"counters":[6,22],"Mummified Hand":[0],"obtain_stats":[{"Mummified Hand":6,"Burning Blood":0},{"Mummified Hand":5,"Burning Blood":0},{"Mummified Hand":18,"Burning Blood":0}],"Burning Blood":30},"card_choices":[{"not_picked":["Juggernaut","Berserk"],"picked":"Immolate","floor":0},{"not_picked":["Body Slam","Entrench"],"picked":"Ghostly Armor","floor":1},{"not_picked":["Perfected Strike","Armaments"],"picked":"Dropkick","floor":2},{"not_picked":["Clash","Clothesline","Armaments"],"picked":"SKIP","floor":4},{"not_picked":["Hemokinesis","Warcry","Heavy Blade"],"picked":"SKIP","floor":5},{"not_picked":["Body Slam","Entrench"],"picked":"Shrug It Off","floor":6}],"player_experience":124623,"relics_obtained":[{"floor":6,"key":"Mummified Hand"}],"event_choices":[{"damage_healed":0,"gold_gain":275,"player_choice":"Desecrate","damage_taken":0,"max_hp_gain":0,"max_hp_loss":0,"event_name":"Golden Shrine","floor":3,"gold_loss":0,"cards_obtained":["Regret"]}],"is_beta":false,"boss_relics":[],"items_purged_floors":[],"is_endless":false,"potions_floor_spawned":[4,5,6],"killed_by":"Gremlin Nob","ascension_level":10}}