{"host":"sav7uxregyirlf69","time":1609479108,"event":{"mods":["AchievementEnabler","BaseMod","Colored Map","DeckTracker","Keyboard Shortcuts","Minty Spire (QoL Compilation)","READ ME - Guardian Mod","StSLib","SuperFastMode"],"gold_per_floor":[109,119,194,119,119,119,154,154,181,195,195,212,48,48,48,122,122,140,153,153,167,179,179,179,179,179,213,229,229,245,257,257,257,257],"floor_reached":33,"playtime":550,"items_purged":["Defend_B"],"score":584,"play_id":"b737a058-3883-4d7b-896d-aec828e86473","local_time":"20210101143148","is_ascension_mode":true,"campfire_choices":[{"data":"Zap","floor":6,"key":"SMITH"},{"data":"Dualcast","floor":8,"key":"SMITH"},{"data":"Reinforced Body","floor":11,"key":"SMITH"},{"data":"Defragment","floor":15,"key":"SMITH"},{"floor":23,"key":"REST"},{"floor":25,"key":"REST"},{"floor":32,"key":"REST"}],"circlet_count":0,"master_deck":["AscendersBane","Strike_B","Defend_B","Defend_B+1","Defend_B","Zap+1","Dualcast+1","Ball Lightning","Conserve Battery","Rainbow","Reinforced Body+1","Ball Lightning+1","Defragment+1","Core Surge","Coolheaded","Compile Driver","Capacitor","Hologram","Glacier","Self Repair"],"relics":["Cracked Core","NeowsBlessing","Akabeko","Fusion Hammer","StrikeDummy","Question Card","Meat on the Bone"],"acts_visited":["Exordium","TheCity"],"potions_floor_usage":[21,22,33,33],"damage_taken":[{"damage":0,"enemies":"2 Louse","floor":1,"turns":1},{"damage":0,"enemies":"Jaw Worm","floor":2,"turns":1},{"damage":0,"enemies":"3 Sentries","floor":7,"turns":1},{"damage":0,"enemies":"Small Slimes","floor":10,"turns":2},{"damage":0,"enemies":"2 Fungi Beasts","floor":12,"turns":2},{"damage":22,"enemies":"Hexaghost","floor":16,"turns":9},{"damage":13,"enemies":"Shell Parasite","floor":18,"turns":4},{"damage":7,"enemies":"2 Thieves","floor":19,"turns":3},{"damage":3,"enemies":"Snake Plant","floor":21,"turns":4},{"damage":7,"enemies":"Sentry and Sphere","floor":22,"turns":4},{"damage":24,"enemies":"Slavers","floor":27,"turns":7},{"damage":19,"enemies":"3 Cultists","floor":28,"turns":5},{"damage":14,"enemies":"Centurion and Healer","floor":30,"turns":5},{"damage":0,"enemies":"Chosen and Byrds","floor":31,"turns":5},{"damage":67,"enemies":"Collector","floor":33,"turns":8}],"seed_played":"-7280830886007328351","potions_obtained":[{"floor":1,"key":"Regen Potion"},{"floor":2,"key":"Dexterity Potion"},{"floor":21,"key":"Dexterity Potion"},{"floor":28,"key":"Weak Potion"}],"is_trial":false,"path_per_floor":["M","M","?","?","?","R","E","R","T","M","R","M","$","?","R","B",null,"M","M","?","M","M","R","?","R","T","E","M","T","M","M","R","B"],"character_chosen":"DEFECT","items_purchased":["Defragment"],"campfire_rested":3,"item_purchase_floors":[13],"current_hp_per_floor":[64,64,53,53,46,46,46,46,46,46,46,46,46,25,25,3,54,41,34,34,43,36,57,57,71,71,47,28,28,26,38,59,0,0],"gold":257,"neow_bonus":"THREE_ENEMY_KILL","is_daily":false,"chose_seed":false,"campfire_upgraded":4,"win_rate":0.0,"timestamp":1609479108,"path_taken":["M","M","?","?","?","R","E","R","T","M","R","M","?","?","R","BOSS","M","M","?","M","?","R","?","R","T","E","M","?","M","M","R","BOSS"],"items_purchased_type":["Card"],"build_version":"2020-12-22","purchased_purges":1,"victory":false,"max_hp_per_floor":[71,71,71,71,71,71,71,71,71,71,71,71,71,71,71,71,71,71,71,71,71,71,71,71,71,71,71,71,71,71,71,71,71,71],"card_choices":[{"not_picked":["Sunder","Static Discharge"],"picked":"Ball Lightning","floor":1},{"not_picked":["Steam","Streamline"],"picked":"Conserve Battery","floor":2},{"not_picked":["Beam Cell","Steam Power"],"picked":"Rainbow","floor":7},{"not_picked":["Ball Lightning","Stack"],"picked":"Reinforced Body","floor":10},{"not_picked":["Steam","Stack"],"picked":"Ball Lightning","floor":12},{"not_picked":["Echo Form","Hyperbeam"],"picked":"Core Surge","floor":16},{"not_picked":["Go for the Eyes","Sweeping Beam"],"picked":"Coolheaded","floor":18},{"not_picked":["Beam Cell","Rainbow","Steam"],"picked":"SKIP","floor":19},{"not_picked":["Beam Cell","Reprogram"],"picked":"Compile Driver","floor":21},{"not_picked":["Aggregate","Streamline","Leap"],"picked":"SKIP","floor":22},{"not_picked":["Storm","Hello World","Thunder Strike"],"picked":"SKIP","floor":27},{"not_picked":["Fusion","Redo","Melter"],"picked":"Hologram","floor":28},{"not_picked":["Chill","Consume","Ball Lightning"],"picked":"Glacier","floor":30},{"not_picked":["Coolheaded","Gash","Stack"],"picked":"Self Repair","floor":31}],"player_experience":1093344,"relics_obtained":[{"floor":7,"key":"Akabeko"},{"floor":26,"key":"StrikeDummy"},{"floor":27,"key":"Question Card"},{"floor":29,"key":"Meat on the Bone"}],"event_choices":[{"damage_healed":0,"gold_gain":75,"player_choice":"Gather Gold","damage_taken":11,"max_hp_gain":0,"max_hp_loss":0,"event_name":"World of Goop","floor":3,"gold_loss":0},{"cards_removed":["Strike_B"],"damage_healed":0,"gold_gain":0,"player_choice":"Card Removal","damage_taken":0,"max_hp_gain":0,"max_hp_loss":0,"event_name":"The Cleric","floor":4,"gold_loss":75},{"cards_removed":["Strike_B"],"damage_healed":0,"gold_gain":0,"player_choice":"Card Removal","damage_taken":7,"max_hp_gain":0,"max_hp_loss":0,"event_name":"Golden Wing","floor":5,"gold_loss":0},{"damage_healed":0,"gold_gain":0,"player_choice":"Entered Light","damage_taken":21,"max_hp_gain":0,"max_hp_loss":0,"event_name":"Shining Light","floor":14,"gold_loss":0,"cards_upgraded":["Defend_B","Ball Lightning"]},{"cards_removed":["Strike_B"],"damage_healed":0,"gold_gain":0,"player_choice":"Purged","damage_taken":0,"max_hp_gain":0,"max_hp_loss":0,"event_name":"Purifier","floor":20,"gold_loss":0},{"damage_healed":0,"gold_gain":0,"player_choice":"Read","damage_taken":0,"max_hp_gain":0,"max_hp_loss":0,"event_name":"The Library","floor":24,"gold_loss":0,"cards_obtained":["Capacitor"]}],"is_beta":false,"boss_relics":[{"not_picked":["Philosopher\u0027s Stone","Black Star"],"picked":"Fusion Hammer"}],"items_purged_floors":[13],"is_endless":false,"potions_floor_spawned":[1,2,7,19,21,28],"killed_by":"Collector","ascension_level":20}}