{"host":"d1za9dvx43o9v494","time":1609541636,"event":{"mods":["2.2 Compatiblity","BaseMod","Better-Laid Plans","Colored Map","Downfall","Emptier Cage","Minty Spire (QoL Compilation)","Permanent Neow","StSLib"],"gold_per_floor":[99,109,109,126,144,179,179,20,20,49,7,19,19,19,32,133,133,133,151,163,148,148,98,123,369,269,279,314,214,230,84,98,203,203,203,219,369,387,403,174,199,103,135,135,167,179,79,94,106,106,106,135,135,135,135,135],"floor_reached":55,"playtime":3838,"items_purged":["Parasite"],"score":871,"play_id":"75e9ae89-e2d6-4684-9ca4-aa3e244aa07b","local_time":"20210102015356","is_ascension_mode":true,"campfire_choices":[{"data":"bronze:Replicate","floor":1,"key":"SMITH"},{"data":"bronze:CloningBeam","floor":18,"key":"SMITH"},{"floor":26,"key":"RECALL"},{"data":"bronze:DigitalCarnage","floor":29,"key":"SMITH"},{"data":"bronze:CopyPaste","floor":35,"key":"SMITH"},{"data":"bronze:Shell","floor":47,"key":"SMITH"},{"floor":54,"key":"REST"}],"circlet_count":0,"master_deck":["bronze:Defend+1","bronze:Replicate+1","bronze:Goto","bronze:Backtrace","bronze:ChosenStrike+1","bronze:DigitalCarnage+1","bronze:CleanCode+1","bronze:Optimize+1","bronze:Terminator+1","bronze:CloningBeam+1","bronze:Repair+1","bronze:CopyPaste+1","bronze:GetLatest+1","bronze:Terminator+1","bronze:Constructor","bronze:DelayedGuard","bronze:Optimize+1","bronze:Repair","bronze:NullPointer+1","bronze:NullPointer+1","expansioncontent:DonusPower","bronze:Shell+1","bronze:WhirlingStrike+1","bronze:Separator+1"],"relics":["bronze:BronzeCore","Letter Opener","Frozen Egg 2","Prayer Wheel","Empty Cage","sneckomod:BlankCard","downfall:HeartBlessingGreen","downfall:HeartBlessingRed","Strange Spoon","expansioncontent:StudyCardRelic","hexamod:BolsterEngine","War Paint","Orichalcum","downfall:HeartBlessingBlue","Anchor"],"acts_visited":["Exordium","TheCity","TheBeyond","TheEnding"],"potions_floor_usage":[6,10,10,11,16,22,25,32,33,50,55,55],"damage_taken":[{"damage":0,"enemies":"2 Louse","floor":2,"turns":3},{"damage":0,"enemies":"Cultist","floor":4,"turns":3},{"damage":0,"enemies":"Small Slimes","floor":5,"turns":2},{"damage":26,"enemies":"Gremlin Nob","floor":6,"turns":4},{"damage":10,"enemies":"downfall:FleeingMerchant","floor":8,"turns":4},{"damage":9,"enemies":"Lagavulin","floor":10,"turns":7},{"damage":15,"enemies":"downfall:FleeingMerchant","floor":11,"turns":4},{"damage":4,"enemies":"2 Fungi Beasts","floor":12,"turns":2},{"damage":0,"enemies":"Blue Slaver","floor":15,"turns":1},{"damage":61,"enemies":"downfall:Defect","floor":16,"turns":7},{"damage":10,"enemies":"Chosen","floor":19,"turns":4},{"damage":33,"enemies":"Snake Plant","floor":20,"turns":3},{"damage":16,"enemies":"downfall:FleeingMerchant","floor":21,"turns":4},{"damage":39,"enemies":"downfall:FleeingMerchant","floor":22,"turns":5},{"damage":20,"enemies":"downfall:FleeingMerchant","floor":25,"turns":3},{"damage":16,"enemies":"Shelled Parasite and Fungi","floor":27,"turns":4},{"damage":23,"enemies":"Slavers","floor":28,"turns":4},{"damage":8,"enemies":"Centurion and Healer","floor":30,"turns":5},{"damage":14,"enemies":"Sentry and Sphere","floor":32,"turns":5},{"damage":52,"enemies":"downfall:Silent","floor":33,"turns":10},{"damage":0,"enemies":"3 Shapes","floor":36,"turns":2},{"damage":23,"enemies":"3 Darklings","floor":38,"turns":3},{"damage":0,"enemies":"Writhing Mass","floor":39,"turns":4},{"damage":0,"enemies":"Giant Head","floor":43,"turns":6},{"damage":0,"enemies":"Reptomancer","floor":45,"turns":5},{"damage":7,"enemies":"4 Shapes","floor":46,"turns":3},{"damage":8,"enemies":"Maw","floor":48,"turns":6},{"damage":4,"enemies":"Jaw Worm Horde","floor":49,"turns":4},{"damage":36,"enemies":"downfall:Watcher","floor":50,"turns":11},{"damage":88,"enemies":"downfall:CharBossMerchant","floor":52,"turns":7},{"damage":76,"enemies":"downfall:NeowBoss","floor":55,"turns":8}],"seed_played":"3181817917460721286","potions_obtained":[{"floor":2,"key":"PowerPotion"},{"floor":3,"key":"Block Potion"},{"floor":3,"key":"SkillPotion"},{"floor":6,"key":"Weak Potion"},{"floor":10,"key":"bronze:FreeFunctionsPotion"},{"floor":12,"key":"BlessingOfTheForge"},{"floor":19,"key":"FearPotion"},{"floor":27,"key":"Energy Potion"},{"floor":28,"key":"Swift Potion"},{"floor":33,"key":"BlessingOfTheForge"},{"floor":39,"key":"AttackPotion"},{"floor":43,"key":"Fire Potion"},{"floor":49,"key":"Weak Potion"}],"is_trial":false,"path_per_floor":["R","M","?","M","M","E","T","$","?","E","$","M","?","?","M","B",null,"R","M","M","$","?","?","T","$","R","M","E","R","M","$","M","B",null,"R","M","?","M","M","$","T","$","E","?","E","M","R","M","M","B",null,"E","$","R","B"],"character_chosen":"THE_AUTOMATON","items_purchased":["bronze:CleanCode+1","bronze:Terminator","bronze:Constructor","bronze:DelayedGuard","Strange Spoon","hexamod:BolsterEngine","expansioncontent:DonusPower"],"campfire_rested":1,"item_purchase_floors":[8,11,25,25,31,40,42],"current_hp_per_floor":[70,70,70,70,70,44,44,34,34,25,10,6,6,80,80,30,80,80,77,54,48,19,49,49,59,59,53,40,40,62,62,68,36,80,80,80,80,57,57,57,57,57,77,77,77,77,87,79,85,68,87,19,19,45,0,0],"gold":135,"neow_bonus":"TRANSFORM_CARD","is_daily":false,"chose_seed":false,"campfire_upgraded":5,"win_rate":0.0,"timestamp":1609541636,"path_taken":["R","M","?","?","M","E","T","$","?","E","$","M","?","?","M","BOSS","R","M","M","$","?","?","T","$","R","M","E","R","M","$","M","BOSS","R","M","?","M","M","?","T","$","E","?","E","?","R","M","M","BOSS","E","$","R","BOSS"],"items_purchased_type":["Card","Card","Card","Card","Relic","Relic","Card"],"build_version":"2020-12-22","purchased_purges":1,"victory":false,"max_hp_per_floor":[70,70,70,70,70,70,70,70,70,70,70,70,70,80,80,80,80,80,80,80,80,80,80,80,80,80,80,80,80,80,80,80,80,80,80,80,80,80,80,77,77,77,77,77,77,77,87,87,87,87,87,87,87,87,87,87],"card_choices":[{"not_picked":["bronze:Boost","bronze:Shield","bronze:Frontload"],"picked":"SKIP","floor":2},{"not_picked":["bronze:ItsAFeature","bronze:Overheat","bronze:Overload"],"picked":"SKIP","floor":4},{"not_picked":["bronze:DelayedSlice","bronze:CutThrough"],"picked":"bronze:ChosenStrike","floor":5},{"not_picked":["bronze:Turbo","bronze:RecursiveStrike"],"picked":"bronze:DigitalCarnage","floor":6},{"not_picked":["bronze:Frontload","bronze:DarkDash","bronze:SearingBeam"],"picked":"SKIP","floor":8},{"not_picked":["bronze:Turbo","bronze:DelayedSlice"],"picked":"bronze:Optimize+1","floor":10},{"not_picked":["bronze:BronzeArmor","bronze:Repulsor+1"],"picked":"bronze:HyperBeam","floor":11},{"not_picked":["bronze:Shield","bronze:Allocate"],"picked":"bronze:CloningBeam","floor":12},{"not_picked":["bronze:BronzeOrb","bronze:Turbo","bronze:ClassDefault+1"],"picked":"SKIP","floor":12},{"not_picked":["bronze:Turbo","bronze:CutThrough"],"picked":"bronze:Repair","floor":15},{"not_picked":["bronze:BugBarrage","bronze:SearingBeam","bronze:ChildClass"],"picked":"SKIP","floor":15},{"not_picked":["bronze:ShipIt","bronze:Mutator+1"],"picked":"bronze:CopyPaste","floor":16},{"not_picked":["bronze:OilSpill","bronze:Optimize+1"],"picked":"bronze:GetLatest+1","floor":19},{"not_picked":["bronze:DelayedGuard+1","bronze:BronzeOrb","bronze:RecursiveStrike"],"picked":"SKIP","floor":19},{"not_picked":["bronze:SearingBeam","bronze:Iterate+1","bronze:Shield"],"picked":"SKIP","floor":20},{"not_picked":["bronze:Overheat","bronze:ClassDefault+1","bronze:BugBarrage+1"],"picked":"SKIP","floor":20},{"not_picked":["bronze:DelayedGuard","bronze:Turbo","bronze:BronzeOrb+1"],"picked":"SKIP","floor":21},{"not_picked":["bronze:FindAndReplace","bronze:DelayedSlice"],"picked":"bronze:Terminator+1","floor":25},{"not_picked":["bronze:Terminator","bronze:WhirlingStrike"],"picked":"bronze:Optimize+1","floor":27},{"not_picked":["bronze:Shell","bronze:Branch","bronze:DelayedSlice"],"picked":"SKIP","floor":27},{"not_picked":["bronze:Repulsor+1","bronze:Boost"],"picked":"bronze:Repair","floor":28},{"not_picked":["bronze:Terminator","bronze:DelayedGuard"],"picked":"bronze:NullPointer+1","floor":30},{"not_picked":["bronze:Branch","bronze:BugBarrage","bronze:WhirlingStrike"],"picked":"SKIP","floor":30},{"not_picked":["bronze:WildBeam","bronze:BitShift","bronze:Terminator"],"picked":"SKIP","floor":32},{"not_picked":["bronze:CutThrough","bronze:Deprecate","bronze:Frontload"],"picked":"SKIP","floor":32},{"not_picked":["bronze:Repulsor+1","bronze:RecursiveStrike","bronze:BugBarrage"],"picked":"SKIP","floor":36},{"not_picked":["bronze:DelayedGuard+1","bronze:Shield+1","bronze:BugBarrage"],"picked":"SKIP","floor":36},{"not_picked":["bronze:Branch+1","bronze:Turbo"],"picked":"bronze:NullPointer+1","floor":38},{"not_picked":["bronze:BronzeArmor+1","bronze:Iterate","bronze:CutThrough+1"],"picked":"SKIP","floor":38},{"not_picked":["bronze:Constructor+1","bronze:ForLoop","bronze:BuggyMess"],"picked":"SKIP","floor":39},{"not_picked":["bronze:Mutator+1","bronze:Deprecate+1","bronze:NullPointer+1"],"picked":"SKIP","floor":39},{"not_picked":["bronze:NullPointer","bronze:GetLatest+1"],"picked":"bronze:Shell","floor":43},{"not_picked":["bronze:WildBeam+1","bronze:Assembly","bronze:Shield+1"],"picked":"SKIP","floor":45},{"not_picked":["bronze:FineTuning","bronze:DelayedGuard+1"],"picked":"bronze:WhirlingStrike+1","floor":46},{"not_picked":["bronze:Optimize+1","bronze:WildBeam","bronze:DelayedGuard"],"picked":"SKIP","floor":46},{"not_picked":["bronze:Return","bronze:Terminator+1","bronze:WildBeam"],"picked":"SKIP","floor":48},{"not_picked":["bronze:DelayedSlice","bronze:Frontload+1","bronze:FineTuning"],"picked":"SKIP","floor":48},{"not_picked":["bronze:SpaghettiCode","bronze:Iterate+1","bronze:ChildClass"],"picked":"SKIP","floor":49},{"not_picked":["bronze:BronzeArmor","bronze:Overheat+1","bronze:Terminator"],"picked":"SKIP","floor":49},{"not_picked":["bronze:Terminator+1","bronze:Overload+1"],"picked":"bronze:Separator+1","floor":52}],"player_experience":605166,"relics_obtained":[{"floor":6,"key":"Letter Opener"},{"floor":7,"key":"Frozen Egg 2"},{"floor":10,"key":"Prayer Wheel"},{"floor":24,"key":"sneckomod:BlankCard"},{"floor":28,"key":"Whetstone"},{"floor":43,"key":"War Paint"},{"floor":45,"key":"Orichalcum"},{"floor":52,"key":"Anchor"}],"event_choices":[{"damage_healed":0,"gold_gain":0,"player_choice":"Got Potions","damage_taken":0,"max_hp_gain":0,"max_hp_loss":0,"event_name":"Lab","floor":3,"gold_loss":0},{"cards_removed":["bronze:Strike"],"damage_healed":0,"gold_gain":0,"player_choice":"Card Removal","damage_taken":0,"max_hp_gain":0,"max_hp_loss":0,"event_name":"The Cleric","floor":13,"gold_loss":0}],"is_beta":false,"boss_relics":[{"not_picked":["Fusion Hammer","SacredBark"],"picked":"Empty Cage"},{"not_picked":["Runic Pyramid","Tiny House"],"picked":"expansioncontent:StudyCardRelic"}],"items_purged_floors":[40],"is_endless":false,"potions_floor_spawned":[2,6,10,12,19,27,28,33,39,43,46,49],"killed_by":"downfall:NeowBoss","ascension_level":1}}