{"host":"1yib4t3blvbtzkw7","time":1609496323,"event":{"mods":["2.2 Compatiblity","AchievementEnabler","BaseMod","Colored Map","DeckTracker","Highlight Path","Minty Spire (QoL Compilation)","Random Character Button","Rare Cards Sparkle"],"gold_per_floor":[116,130,146,156,166,201,376,376,402,402,427,427,460,470,470,470,470],"floor_reached":16,"playtime":496,"items_purged":[],"score":122,"play_id":"a6a4d6ab-5e9f-483f-b787-bd6c1cf9135f","local_time":"20210101111843","is_ascension_mode":false,"campfire_choices":[{"floor":8,"key":"REST"},{"floor":10,"key":"REST"},{"floor":15,"key":"REST"}],"circlet_count":0,"master_deck":["Strike_B","Strike_B","Strike_B","Strike_B","Defend_B","Defend_B","Defend_B","Defend_B","Zap","Dualcast","Fission","Streamline","Hologram","Ball Lightning","Reprogram","Rip and Tear","Streamline","Turbo","Go for the Eyes"],"relics":["Cracked Core","Cables","Vajra","Centennial Puzzle","Lantern"],"acts_visited":["Exordium"],"potions_floor_usage":[11,13],"damage_taken":[{"damage":0,"enemies":"2 Louse","floor":1,"turns":2},{"damage":2,"enemies":"Jaw Worm","floor":2,"turns":4},{"damage":0,"enemies":"Small Slimes","floor":3,"turns":3},{"damage":9,"enemies":"Blue Slaver","floor":4,"turns":4},{"damage":2,"enemies":"2 Fungi Beasts","floor":5,"turns":4},{"damage":34,"enemies":"Gremlin Nob","floor":6,"turns":5},{"damage":17,"enemies":"3 Sentries","floor":11,"turns":6},{"damage":36,"enemies":"Lagavulin","floor":13,"turns":5},{"damage":11,"enemies":"Exordium Wildlife","floor":14,"turns":3},{"damage":23,"enemies":"The Guardian","floor":16,"turns":5}],"seed_played":"-6892278948514337609","potions_obtained":[{"floor":4,"key":"Strength Potion"},{"floor":5,"key":"FocusPotion"},{"floor":6,"key":"LiquidMemories"}],"is_trial":false,"path_per_floor":["M","M","M","M","M","E","?","R","T","R","E","?","E","M","R","B"],"character_chosen":"DEFECT","items_purchased":[],"campfire_rested":3,"item_purchase_floors":[],"current_hp_per_floor":[75,73,73,64,62,28,28,50,50,72,55,48,12,1,23,0,0],"gold":470,"neow_bonus":"ONE_RANDOM_RARE_CARD","is_daily":false,"chose_seed":false,"campfire_upgraded":0,"win_rate":0.0,"timestamp":1609496323,"path_taken":["M","M","M","M","M","E","?","R","T","R","E","?","E","M","R","BOSS"],"items_purchased_type":[],"build_version":"2020-12-22","purchased_purges":0,"victory":false,"max_hp_per_floor":[75,75,75,75,75,75,75,75,75,75,75,75,75,75,75,75,75],"card_choices":[{"not_picked":["Cold Snap","Scrape"],"picked":"Streamline","floor":1},{"not_picked":["Turbo","Defragment"],"picked":"Hologram","floor":2},{"not_picked":["Hello World","Rebound"],"picked":"Ball Lightning","floor":3},{"not_picked":["Sweeping Beam","Skim"],"picked":"Reprogram","floor":4},{"not_picked":["Doom and Gloom","Blizzard","Ball Lightning"],"picked":"SKIP","floor":5},{"not_picked":["Heatsinks","Coolheaded"],"picked":"Rip and Tear","floor":6},{"not_picked":["Steam","Loop"],"picked":"Streamline","floor":11},{"not_picked":["Heatsinks","Stack"],"picked":"Turbo","floor":13},{"not_picked":["Melter","Coolheaded"],"picked":"Go for the Eyes","floor":14}],"player_experience":760474,"relics_obtained":[{"floor":6,"key":"Cables"},{"floor":9,"key":"Vajra"},{"floor":11,"key":"Centennial Puzzle"},{"floor":13,"key":"Lantern"}],"event_choices":[{"damage_healed":0,"gold_gain":175,"player_choice":"AGREE","damage_taken":0,"max_hp_gain":0,"max_hp_loss":0,"event_name":"Liars Game","floor":7,"gold_loss":0,"cards_obtained":["Doubt"]},{"cards_removed":["Doubt"],"damage_healed":0,"gold_gain":0,"player_choice":"Card Removal","damage_taken":7,"max_hp_gain":0,"max_hp_loss":0,"event_name":"Golden Wing","floor":12,"gold_loss":0}],"is_beta":false,"boss_relics":[],"items_purged_floors":[],"is_endless":false,"potions_floor_spawned":[4,5,6],"killed_by":"The Guardian","ascension_level":0}}