{"host":"h4lp0eeso8a0ssq0","time":1609471979,"event":{"mods":["2.2 Compatiblity","BaseMod","CapriCore","Colored Map","Hermit","Lobotomy","Marisa£¨Ùöéë¡¡Øª×âÞÞ£©","Minty Spire (QoL Compilation)","StSLib","SuperFastMode","The Cursed","The Hierophant","The Immortal"],"gold_per_floor":[109,109,120,45,45,72,72,97,120,135,160,160,203,228,228,354,354,368,381,381,128,138,165,165,190,190,202,220,238,251,280,280,375,375,388,388,406,420,438,471,3,0,0,12,12,28,28,46,46,46,46],"floor_reached":50,"playtime":3454,"items_purged":["Strike_P","Strike_P","Strike_P"],"score":538,"play_id":"84b548d5-d312-4e3e-b8e7-a155d1dece0b","local_time":"20210101123259","is_ascension_mode":false,"campfire_choices":[{"data":"Eruption","floor":7.0,"key":"SMITH"},{"data":"BattleHymn","floor":15.0,"key":"SMITH"},{"floor":24.0,"key":"REST"},{"floor":32.0,"key":"REST"},{"floor":45.0,"key":"RECALL"},{"data":"MasterReality","floor":47.0,"key":"SMITH"},{"data":"Vault","floor":49.0,"key":"SMITH"}],"circlet_count":0,"master_deck":["Defend_P","Defend_P","Defend_P+1","Defend_P","Eruption+1","Vigilance+1","Evaluate","Halt","SandsOfTime","Consecrate","FearNoEvil","BattleHymn+1","MasterReality+1","Consecrate+1","ReachHeaven","FearNoEvil","Evaluate","TalkToTheHand","Adaptation+1","SashWhip+1","EmptyMind","Vault+1","InnerPeace+1","Crescendo","Halt+1","DeusExMachina","SandsOfTime+1","Parasite","Consecrate"],"relics":["PureWater","Bloody Idol","Regal Pillow","Odd Mushroom","Vajra","Strawberry","Cursed Key","Strange Spoon","Dream Catcher","War Paint","Mummified Hand","Black Star","Happy Flower","Pantograph","Calipers","Red Mask"],"acts_visited":["Exordium","TheCity","TheBeyond"],"potions_floor_usage":[50,50],"damage_taken":[{"damage":1.0,"enemies":"Small Slimes","floor":1.0,"turns":3.0},{"damage":3.0,"enemies":"2 Louse","floor":3.0,"turns":4.0},{"damage":26.0,"enemies":"The Mushroom Lair","floor":8.0,"turns":7.0},{"damage":0.0,"enemies":"Jaw Worm","floor":10.0,"turns":4.0},{"damage":2.0,"enemies":"Looter","floor":11.0,"turns":4.0},{"damage":7.0,"enemies":"Lagavulin","floor":13.0,"turns":6.0},{"damage":8.0,"enemies":"3 Louse","floor":14.0,"turns":3.0},{"damage":3.0,"enemies":"The Guardian","floor":16.0,"turns":5.0},{"damage":24.0,"enemies":"2 Thieves","floor":18.0,"turns":5.0},{"damage":6.0,"enemies":"Shell Parasite","floor":19.0,"turns":4.0},{"damage":12.0,"enemies":"Snecko","floor":22.0,"turns":3.0},{"damage":26.0,"enemies":"Book of Stabbing","floor":23.0,"turns":4.0},{"damage":38.0,"enemies":"Slavers","floor":25.0,"turns":5.0},{"damage":12.0,"enemies":"Chosen and Byrds","floor":27.0,"turns":3.0},{"damage":5.0,"enemies":"Cultist and Chosen","floor":28.0,"turns":4.0},{"damage":11.0,"enemies":"Shelled Parasite and Fungi","floor":29.0,"turns":4.0},{"damage":0.0,"enemies":"3 Cultists","floor":30.0,"turns":3.0},{"damage":12.0,"enemies":"Gremlin Leader","floor":31.0,"turns":5.0},{"damage":51.0,"enemies":"Automaton","floor":33.0,"turns":8.0},{"damage":15.0,"enemies":"3 Shapes","floor":35.0,"turns":3.0},{"damage":10.0,"enemies":"Orb Walker","floor":37.0,"turns":4.0},{"damage":1.0,"enemies":"Maw","floor":38.0,"turns":6.0},{"damage":4.0,"enemies":"Writhing Mass","floor":39.0,"turns":5.0},{"damage":10.0,"enemies":"Reptomancer","floor":40.0,"turns":7.0},{"damage":8.0,"enemies":"Transient","floor":44.0,"turns":5.0},{"damage":0.0,"enemies":"Spire Growth","floor":46.0,"turns":4.0},{"damage":10.0,"enemies":"Jaw Worm Horde","floor":48.0,"turns":4.0},{"damage":100,"enemies":"Donu and Deca","floor":50,"turns":5}],"seed_played":"-7333024232197469014","potions_obtained":[{"floor":10.0,"key":"FearPotion"},{"floor":13.0,"key":"EssenceOfSteel"},{"floor":14.0,"key":"Strength Potion"},{"floor":16.0,"key":"Strength Potion"},{"floor":19.0,"key":"DuplicationPotion"},{"floor":23.0,"key":"SkillPotion"},{"floor":27.0,"key":"Explosive Potion"},{"floor":28.0,"key":"EntropicBrew"},{"floor":31.0,"key":"Energy Potion"},{"floor":35.0,"key":"StancePotion"},{"floor":48.0,"key":"BottledMiracle"}],"is_trial":false,"path_per_floor":["M","?","M","$","?","T","R","?","T","M","M","?","E","M","R","B",null,"M","M","?","$","M","E","R","E","T","M","M","M","M","E","R","B",null,"M","?","M","M","M","E","$","?","T","M","R","M","R","M","R","B"],"character_chosen":"WATCHER","items_purchased":["Strange Spoon","Calipers","Explosive Potion"],"campfire_rested":2,"item_purchase_floors":[21,41,41],"current_hp_per_floor":[71,71,68,68,50,50,50,24,24,24,22,27,27,19,19,16,84,60,54,54,54,47,26,66,33,33,26,26,20,25,18,58,12,84,74,74,69,73,74,69,69,69,69,66,66,71,71,66,66,0,0],"gold":46,"neow_bonus":"TRANSFORM_CARD","is_daily":false,"chose_seed":false,"campfire_upgraded":4,"win_rate":0.0,"timestamp":1609471979,"path_taken":["M","?","M","$","?","?","R","?","T","M","M","?","E","M","R","BOSS","M","M","?","$","M","E","R","E","T","M","M","M","M","E","R","BOSS","M","?","?","M","M","E","$","?","T","M","R","M","R","M","R","BOSS"],"items_purchased_type":["Relic","Relic","Potion"],"build_version":"2020-12-22","purchased_purges":3,"victory":false,"max_hp_per_floor":[72,72,72,72,72,72,72,72,72,72,72,77,84,84,84,84,84,84,84,84,84,84,84,84,84,84,84,84,84,84,84,84,84,84,84,84,84,84,84,84,84,84,84,84,84,84,84,84,84,84,84],"card_choices":[{"not_picked":["Prostrate","Meditate"],"picked":"Halt","floor":1.0},{"not_picked":["Prostrate","FlurryOfBlows"],"picked":"SandsOfTime","floor":3.0},{"not_picked":["Pray","Crescendo","Nirvana"],"picked":"SKIP","floor":10.0},{"not_picked":["SandsOfTime","CrushJoints"],"picked":"Consecrate","floor":11.0},{"not_picked":["PathToVictory","Vengeance"],"picked":"FearNoEvil","floor":13.0},{"not_picked":["DeceiveReality","Evaluate"],"picked":"BattleHymn","floor":14.0},{"not_picked":["ConjureBlade","Devotion"],"picked":"MasterReality","floor":16.0},{"not_picked":["Prostrate","ClearTheMind+1"],"picked":"Consecrate+1","floor":18.0},{"not_picked":["Halt+1","FollowUp"],"picked":"ReachHeaven","floor":19.0},{"not_picked":["Fasting2+1","FlurryOfBlows"],"picked":"FearNoEvil","floor":22.0},{"not_picked":["Nirvana","Vengeance"],"picked":"Evaluate","floor":23.0},{"not_picked":["FearNoEvil","Omniscience"],"picked":"TalkToTheHand","floor":25.0},{"not_picked":["Conclude","Protect","CarveReality"],"picked":"SKIP","floor":27.0},{"not_picked":["Tantrum","Worship+1"],"picked":"Adaptation+1","floor":28.0},{"not_picked":["Vengeance","Crescendo"],"picked":"SashWhip+1","floor":29.0},{"not_picked":["Halt","MasterReality"],"picked":"EmptyMind","floor":30.0},{"not_picked":["FlyingSleeves+1","WaveOfTheHand","EmptyFist"],"picked":"SKIP","floor":31.0},{"not_picked":["Blasphemy","Judgement"],"picked":"Vault","floor":33.0},{"not_picked":["CrushJoints","EmptyBody+1"],"picked":"InnerPeace+1","floor":35.0},{"not_picked":["Nirvana","Evaluate+1"],"picked":"Crescendo","floor":37.0},{"not_picked":["SashWhip","CutThroughFate+1"],"picked":"Halt+1","floor":38.0},{"not_picked":["Weave","CrushJoints"],"picked":"DeusExMachina","floor":39.0},{"not_picked":["Pray","Nirvana"],"picked":"SandsOfTime+1","floor":40.0},{"not_picked":["EmptyBody+1","Fasting2+1","Prostrate"],"picked":"SKIP","floor":44.0},{"not_picked":["Halt+1","PathToVictory","FlyingSleeves+1"],"picked":"SKIP","floor":46.0},{"not_picked":["Halt+1","Vengeance+1"],"picked":"Consecrate","floor":48.0}],"player_experience":49570,"relics_obtained":[{"floor":6.0,"key":"Regal Pillow"},{"floor":8.0,"key":"Odd Mushroom"},{"floor":9.0,"key":"Vajra"},{"floor":13.0,"key":"Strawberry"},{"floor":23.0,"key":"Dream Catcher"},{"floor":25.0,"key":"War Paint"},{"floor":31.0,"key":"Mummified Hand"},{"floor":40.0,"key":"Happy Flower"},{"floor":40.0,"key":"Pantograph"}],"event_choices":[{"damage_healed":0.0,"max_hp_gain":0.0,"max_hp_loss":0.0,"gold_gain":0.0,"event_name":"Liars Game","player_choice":"Ignored","floor":2.0,"gold_loss":0.0,"damage_taken":0.0},{"damage_healed":0.0,"max_hp_gain":0.0,"max_hp_loss":0.0,"gold_gain":0.0,"event_name":"Golden Idol","player_choice":"Take Damage","floor":5.0,"gold_loss":0.0,"damage_taken":18.0,"relics_obtained":["Golden Idol"]},{"damage_healed":0.0,"max_hp_gain":0.0,"max_hp_loss":0.0,"gold_gain":0.0,"event_name":"Mushrooms","player_choice":"Fought Mushrooms","floor":8.0,"gold_loss":0.0,"damage_taken":0.0},{"damage_healed":0.0,"max_hp_gain":5.0,"max_hp_loss":0.0,"gold_gain":0.0,"event_name":"Big Fish","player_choice":"Donut","floor":12.0,"gold_loss":0.0,"damage_taken":0.0},{"damage_healed":0.0,"max_hp_gain":0.0,"max_hp_loss":0.0,"gold_gain":0.0,"event_name":"Forgotten Altar","player_choice":"Gave Idol","floor":20.0,"relics_lost":["Golden Idol"],"gold_loss":0.0,"damage_taken":0.0,"relics_obtained":["Bloody Idol"]},{"damage_healed":0.0,"max_hp_gain":0.0,"max_hp_loss":0.0,"gold_gain":0.0,"event_name":"SecretPortal","player_choice":"Ignored","floor":36.0,"gold_loss":0.0,"damage_taken":0.0},{"damage_healed":0.0,"max_hp_gain":0.0,"max_hp_loss":0.0,"gold_gain":0.0,"event_name":"Tomb of Lord Red Mask","player_choice":"Paid","floor":42.0,"gold_loss":3.0,"damage_taken":0.0,"relics_obtained":["Red Mask"]}],"is_beta":false,"boss_relics":[{"not_picked":["Astrolabe","Fusion Hammer"],"picked":"Cursed Key"},{"not_picked":["Tiny House","Velvet Choker"],"picked":"Black Star"}],"items_purged_floors":[4,21,41],"is_endless":false,"potions_floor_spawned":[10,13,14,16,19,23,27,28,31,35,46,48],"killed_by":"Donu and Deca","ascension_level":0}}