{"host":"czyrp3agadxx2eka","time":1609516906,"event":{"mods":["Bard","BaseMod","Beaked The Cultist","BetterRewards","Colored Map","Downfall","Hermit","Hubris","Infinite Spire","Lobotomy","Marisa????????","Minty Spire (QoL Compilation)","Replay The Spire","Shop Mod","StSLib","The Construct","The Cursed","The Elementalist","The Runesmith","TheBandit"],"gold_per_floor":[110,110,122,138,153,153,29,29,54,54,68,82,114,125,125,229,229,249,322,322,322,337,387,421,90,117,140,152,175,187,187],"floor_reached":30,"playtime":1648,"items_purged":["construct:Strike_Gold","construct:Strike_Gold","ReplayTheSpireMod:Echoes of Time"],"score":277,"play_id":"86aea46c-41f3-403c-91bd-5bb29b1d0d98","local_time":"20210101140146","is_ascension_mode":false,"campfire_choices":[{"data":"infinitespire:Collect","floor":6,"key":"SMITH"},{"data":"construct:Autoturret","floor":8,"key":"SMITH"},{"data":"construct:Autoturret","floor":10,"key":"SMITH"},{"data":"construct:FlakBarrage","floor":15,"key":"SMITH"},{"data":"construct:Autoturret","floor":28,"key":"SMITH"}],"circlet_count":0,"master_deck":["infinitespire:Collect+1","construct:Strike_Gold","construct:Strike_Gold","construct:Strike_Gold","construct:Defend_Gold","construct:Defend_Gold+1","construct:Defend_Gold+2","construct:Defend_Gold+1","construct:Defend_Gold","construct:AttackMode","construct:DefenseMode","construct:Versatility","construct:Autoturret+1","construct:FlakBarrage+1","construct:Autoturret+1","construct:Autoturret","construct:HyperBeam","construct:FlameCore","infinitespire:Collect","construct:Autoturret+1","construct:Autoturret+1","Apotheosis"],"relics":["construct:Cogwheel","Centennial Puzzle","Juzu Bracelet","Replay:Grab Bag","Sozu","Coffee Dripper","Ring of Chaos","beaked:SacredDeck","construct:MegaBattery","War Paint","Strawberry","MawBank"],"acts_visited":["Exordium","TheCity"],"potions_floor_usage":[16,16],"damage_taken":[{"damage":0,"enemies":"2 Louse","floor":1,"turns":2},{"damage":0,"enemies":"Cultist","floor":3,"turns":3},{"damage":0,"enemies":"Small Slimes","floor":4,"turns":3},{"damage":0,"enemies":"Looter","floor":5,"turns":4},{"damage":13,"enemies":"2 Fungi Beasts","floor":11,"turns":3},{"damage":9,"enemies":"Blue Slaver","floor":12,"turns":3},{"damage":15,"enemies":"Gremlin Nob","floor":13,"turns":4},{"damage":0,"enemies":"Large Slime","floor":14,"turns":4},{"damage":44,"enemies":"Hexaghost","floor":16,"turns":8},{"damage":24,"enemies":"3 Byrds","floor":18,"turns":5},{"damage":2,"enemies":"Chosen","floor":22,"turns":3},{"damage":10,"enemies":"Gremlin Leader","floor":24,"turns":5},{"damage":29,"enemies":"3 Cultists","floor":27,"turns":4},{"damage":39,"enemies":"Sentry and Sphere","floor":29,"turns":4},{"damage":15,"enemies":"Shelled Parasite and Fungi","floor":30,"turns":3}],"seed_played":"-1363828372873084920","potions_obtained":[{"floor":3,"key":"Elixir"},{"floor":4,"key":"sneckomod:MuddlingPotion"},{"floor":12,"key":"Milkshake"}],"is_trial":false,"path_per_floor":["M","?","M","M","M","R","$","R","T","R","M","M","E","M","R","B",null,"M","T","?","AVR","M","?","E","$","T","M","R","M","M"],"character_chosen":"THE_CONSTRUCT_MOD","items_purchased":["construct:Autoturret","construct:Autoturret+1","Apotheosis"],"campfire_rested":0,"item_purchase_floors":[7,25,25],"current_hp_per_floor":[85,85,85,85,85,85,85,85,85,85,72,63,48,48,48,4,85,61,61,85,85,83,83,80,80,80,51,51,12,0,0],"gold":187,"neow_bonus":"THREE_CARDS","is_daily":false,"chose_seed":false,"campfire_upgraded":5,"win_rate":0.0,"timestamp":1609516906,"path_taken":["M","?","M","M","?","R","$","R","T","R","M","M","E","M","R","BOSS","M","?","?","AVR","M","?","E","$","T","M","R","M","M"],"items_purchased_type":["Card","Card","Card"],"build_version":"2020-12-22","purchased_purges":3,"victory":false,"max_hp_per_floor":[85,85,85,85,85,85,85,85,85,85,85,85,85,85,85,85,85,85,85,85,85,85,85,92,92,92,92,92,92,92,92],"card_choices":[{"not_picked":["construct:SyphonStrike","construct:SweepLaser"],"picked":"construct:Versatility","floor":0},{"not_picked":["construct:ScrapCannon","construct:Hazardproof","construct:Analyze"],"picked":"SKIP","floor":1},{"not_picked":["construct:SuppressiveFire","construct:Analyze","construct:FierceBash"],"picked":"SKIP","floor":3},{"not_picked":["construct:Reinforce","construct:SaveState"],"picked":"construct:Autoturret","floor":4},{"not_picked":["construct:SiegeForm","construct:Hazardproof"],"picked":"construct:FlakBarrage","floor":5},{"not_picked":["construct:SuppressiveFire","construct:ShiftStrike","construct:Boost"],"picked":"SKIP","floor":11},{"not_picked":["construct:SaveState","construct:HeavyBolt","construct:Analyze"],"picked":"SKIP","floor":12},{"not_picked":["construct:SweepLaser","construct:BatteryAcid","construct:ScrapCannon"],"picked":"SKIP","floor":13},{"not_picked":["construct:Enhance","construct:CriticalHit"],"picked":"construct:Autoturret","floor":14},{"not_picked":["construct:SiegeForm","construct:SpinDrive"],"picked":"construct:HyperBeam","floor":16},{"not_picked":["construct:Antimatter","construct:ModeShift","construct:ElectricArmor"],"picked":"SKIP","floor":18},{"not_picked":["construct:Anticipate+1","construct:ElectricArmor","construct:HardReboot"],"picked":"SKIP","floor":22},{"not_picked":["construct:Boost","construct:Accumulate+1"],"picked":"construct:Autoturret","floor":24},{"not_picked":["construct:Forcefield+1","construct:Electrocute+1","construct:VentSteam"],"picked":"SKIP","floor":27},{"not_picked":["construct:BatteryAcid","construct:LaserCore","construct:SyphonStrike"],"picked":"SKIP","floor":29}],"player_experience":40371,"relics_obtained":[{"floor":9,"key":"Centennial Puzzle"},{"floor":13,"key":"Juzu Bracelet"},{"floor":19,"key":"construct:MegaBattery"},{"floor":24,"key":"Strawberry"},{"floor":26,"key":"MawBank"}],"event_choices":[{"damage_healed":0,"gold_gain":0,"player_choice":"Bought 0 Potions","damage_taken":0,"max_hp_gain":0,"max_hp_loss":0,"event_name":"The Woman in Blue","floor":2,"gold_loss":0},{"damage_healed":24,"gold_gain":0,"player_choice":"Full Heal","damage_taken":0,"max_hp_gain":0,"max_hp_loss":0,"event_name":"Wheel of Change","floor":20,"gold_loss":0}],"is_beta":false,"boss_relics":[{"not_picked":["hubris:Stopwatch","Fusion Hammer"],"picked":"Replay:Grab Bag"},{"not_picked":["ChewingGum","hubris:VirtuousBlindfold"],"picked":"Sozu"},{"not_picked":["hubris:GrandSneckoEye","hubris:TerracottaHorce"],"picked":"Coffee Dripper"},{"not_picked":["ReplayTheSpireMod:SealedPack","Runic Pyramid"],"picked":"Ring of Chaos"},{"not_picked":["Snecko Eye","Calling Bell"],"picked":"beaked:SacredDeck"}],"items_purged_floors":[7,21,25],"is_endless":false,"potions_floor_spawned":[3,4,12,18],"killed_by":"Shelled Parasite and Fungi","ascension_level":0}}