{"host":"uhhucka17mqeuzwb","time":1609517850,"event":{"mods":["2.2 Compatiblity","AchievementEnabler","Act Like it!","Astrologer","BaseMod","Better Altar","Better Skull","Colored Powertips","Defuse TimeMaze Blight","Downfall","Energized Spire","Faster Ascension Climbing","Friendly Minions","Gensokyo","GifTheSpireLib","Gremlin Mod","Gremlin Skip","Hallownest","Hermit","HololiveMod","KinomotoSakuraMod(????)","Lobotomy","Marisa????????","Minty Spire (QoL Compilation)","Quick Restart","Red Circlet Mod","Replay The Spire","Reworked Bosses","Shade Mod","Shop Mod","StSLib","The Administrix","The Animator","The Blue Laboratory","The Bug Knight","The Cursed","The Factory","The Forsaken","The Necromancer","Waifu the Spire"],"gold_per_floor":[85,13,35,110,141,141,174,211,291,291,319,319,342,356,356,530,530,557,560,560],"floor_reached":19,"playtime":6786,"items_purged":[],"score":244,"play_id":"c6a17470-995d-4f60-93c5-623aa5abc8d5","local_time":"20210101111730","is_ascension_mode":false,"campfire_choices":[{"data":"Hololive_CallShiroganeNoel","floor":6,"key":"SMITH"},{"data":"Hololive_CallUruhaRushia","floor":10,"key":"SMITH"},{"data":"Hololive_DDD","floor":12,"key":"SMITH"}],"circlet_count":0,"master_deck":["Hololive_CallHoushouMarine","Hololive_CallShiroganeNoel+1","Hololive_CallUruhaRushia+1","Hololive_CallShiranuiFlare","Hololive_CallUsadaPekora","Hololive_StrengthChampion","Hololive_Strike","Hololive_Strike","Hololive_Defend","Hololive_Defend","UniverseFragment","Hololive_CallYozoraMel","Hololive_CallSakuraMiko+1","OSAHOGD","Hololive_CocoNews","FairyFestival","Hololive_DDD+1","Hololive_CallRosalyn","Hololive_CallDoris","Hololive_CallNekomataOkayu","Hololive_Recruit","Hololive_CallYuzukiChoco+1"],"relics":["Hololive_TheStar","Juzu Bracelet","CogitoBucket","MealTicket","Odd Mushroom","Chameleon Ring","HellTrain","Coffee Dripper"],"acts_visited":["Exordium","TheCity"],"potions_floor_usage":[19],"damage_taken":[{"damage":0,"enemies":"2 Louse","floor":1,"turns":2},{"damage":0,"enemies":"Cultist","floor":3,"turns":3},{"damage":0,"enemies":"Small Slimes","floor":5,"turns":4},{"damage":0,"enemies":"Gremlin Nob","floor":7,"turns":3},{"damage":0,"enemies":"The Mushroom Lair","floor":8,"turns":4},{"damage":0,"enemies":"Blue Slaver","floor":11,"turns":9},{"damage":0,"enemies":"Exordium Wildlife","floor":13,"turns":3},{"damage":0,"enemies":"2 Fungi Beasts","floor":14,"turns":2},{"damage":0,"enemies":"Fading Forest","floor":16,"turns":11},{"damage":0,"enemies":"Shell Parasite","floor":18,"turns":3},{"damage":39,"enemies":"2 Thieves","floor":19,"turns":6}],"seed_played":"4432952104733959241","potions_obtained":[{"floor":3,"key":"blueLaboratory:HorrorPotion"},{"floor":5,"key":"blueLaboratory:PhilterOfMotion"},{"floor":11,"key":"Dexterity Potion"}],"is_trial":false,"path_per_floor":["M","$","M","?","M","R","E","?","T","R","M","R","M","M","R","B",null,"M","M"],"character_chosen":"Hololive_HololiveCharacter","items_purchased":["Hololive_CallSakuraMiko"],"campfire_rested":0,"item_purchase_floors":[2],"current_hp_per_floor":[35,35,35,32,32,32,35,35,35,35,35,35,35,35,35,35,35,35,0,0],"gold":560,"neow_bonus":"","is_daily":false,"chose_seed":false,"campfire_upgraded":3,"win_rate":0.0,"timestamp":1609517850,"path_taken":["M","$","M","?","M","R","E","?","T","R","M","R","M","M","R","BOSS","M","M"],"items_purchased_type":["Card"],"build_version":"2020-12-22","purchased_purges":0,"victory":false,"max_hp_per_floor":[35,35,35,35,35,35,35,35,35,35,35,35,35,35,35,35,35,35,35,35],"card_choices":[{"not_picked":["BeautyBeast","ShyLook","MeatLantern"],"picked":"Singing Bowl","floor":1},{"not_picked":["VoidDream","WhitesApple"],"picked":"UniverseFragment","floor":1},{"not_picked":["Hololive_Psychosis","Hololive_LuckPotion","Hololive_CallMurasakiShion"],"picked":"Hololive_CallYozoraMel","floor":1},{"not_picked":["MHz","DespairKnight","PunishingBird"],"picked":"Singing Bowl","floor":3},{"not_picked":["PunishingBird","Variant"],"picked":"OSAHOGD","floor":3},{"not_picked":["Hololive_Breathe","Hololive_Psychosis","Hololive_Sequa"],"picked":"Hololive_CocoNews","floor":3},{"not_picked":["WallGazer","MeatLantern","VoidDream"],"picked":"Singing Bowl","floor":5},{"not_picked":["CherryBlossoms","SpiderBud"],"picked":"FairyFestival","floor":5},{"not_picked":["Hololive_WolfAndLamb","Hololive_HuntDinosaur","Hololive_LuckPotion","Hololive_OvertimeWork"],"picked":"SKIP","floor":5},{"not_picked":["OldLady","Scorched","WallGazer"],"picked":"Singing Bowl","floor":7},{"not_picked":["Hololive_Trident","Hololive_RevenueBasedLive","Hololive_Drill","Hololive_StrengthChampion"],"picked":"SKIP","floor":7},{"not_picked":["Bloodbath","Murderer","SpiderBud"],"picked":"Singing Bowl","floor":8},{"not_picked":["Hololive_FlyingPonyTail","Hololive_OvertimeWork","Hololive_StrengthChampion"],"picked":"Hololive_DDD","floor":8},{"not_picked":["CrumblingArmor","WhitesApple","Murderer"],"picked":"Singing Bowl","floor":11},{"not_picked":["Hololive_Trident","Hololive_FlyingPonyTail","Hololive_Breathe"],"picked":"Hololive_CallRosalyn","floor":11},{"not_picked":["OldLady","Woodsman","PunishingBird"],"picked":"Singing Bowl","floor":13},{"not_picked":["Hololive_Thief","Hololive_Sequa","Hololive_Psychosis"],"picked":"Hololive_CallDoris","floor":13},{"not_picked":["PunishingBird","Rudolta","CrumblingArmor"],"picked":"Singing Bowl","floor":14},{"not_picked":["Hololive_CocoNews","Hololive_Sequa","Hololive_CallNakiriAyame"],"picked":"Hololive_CallNekomataOkayu","floor":14},{"not_picked":["SpiderBud","Variant","Porccubus"],"picked":"Singing Bowl","floor":16},{"not_picked":["Hololive_ASMR","Hololive_FlareMind","Hololive_StarCraft"],"picked":"Hololive_Recruit","floor":16},{"not_picked":["Yin","Woodsman","QueenBee"],"picked":"Singing Bowl","floor":18},{"not_picked":["Hololive_RevenueBasedLive","Hololive_CallUruhaRushia","Hololive_HuntDinosaur"],"picked":"Hololive_CallYuzukiChoco+1","floor":18}],"player_experience":1081462,"relics_obtained":[{"floor":7,"key":"MealTicket"},{"floor":8,"key":"Odd Mushroom"},{"floor":9,"key":"Chameleon Ring"}],"event_choices":[{"damage_healed":0,"gold_gain":75,"player_choice":"Touch","damage_taken":3,"max_hp_gain":0,"max_hp_loss":0,"event_name":"FaceTrader","floor":4,"gold_loss":0},{"damage_healed":0,"gold_gain":0,"player_choice":"Fought Mushrooms","damage_taken":0,"max_hp_gain":0,"max_hp_loss":0,"event_name":"Mushrooms","floor":8,"gold_loss":0}],"is_beta":false,"boss_relics":[{"not_picked":["Replay:Grab Bag","Abe\u0027s Treasure"],"picked":"Coffee Dripper"}],"items_purged_floors":[],"is_endless":false,"potions_floor_spawned":[3,5,11,14],"killed_by":"2 Thieves","ascension_level":0}}