{"host":"nz11ypxva4e39b7q","time":1609514395,"event":{"mods":["BaseMod","Better Altar","Better Skull","Better Third Choice","Better Vampires","Colored Map","Minty Spire (QoL Compilation)","Spicy Shops","StSLib"],"gold_per_floor":[110,110,110,135,155,186,186,227,281,281,37,75,75,115,115,209,209,233,233,233,233,257,257,293,293,293,75,75,108,108,147,147,241,241,266,266,226,287,287,287,327,327,327,348,19,19,35,70,70,70,70,70,70,0,43,43],"floor_reached":57,"playtime":2709,"items_purged":["Defend_R","Strike_R","Strike_R"],"score":2947,"play_id":"f2cf2f30-6423-42eb-9eb1-ff6f48ab0953","local_time":"20210101161955","is_ascension_mode":true,"campfire_choices":[{"data":"Barricade","floor":7.0,"key":"SMITH"},{"data":"Hemokinesis","floor":10.0,"key":"SMITH"},{"data":"Inflame","floor":15.0,"key":"SMITH"},{"data":"Dark Embrace","floor":23.0,"key":"SMITH"},{"data":"Blood for Blood","floor":30.0,"key":"SMITH"},{"data":"Feed","floor":32.0,"key":"SMITH"},{"floor":40.0,"key":"RECALL"}],"circlet_count":0,"master_deck":["AscendersBane","Strike_R","Strike_R","Strike_R","Defend_R","Bash","Twin Strike+1","Shrug It Off","Hemokinesis+1","Barricade+1","Shrug It Off","Inflame+1","Shrug It Off","Blood for Blood+1","Double Tap","Clothesline+1","Dark Embrace+1","Necronomicurse","Searing Blow","Pummel+1","Insight","Feed+1","Corruption","Shockwave","Impervious","Offering","Pummel+1","True Grit"],"relics":["Burning Blood","PreservedInsect","Golden Idol","Mummified Hand","Blood Vial","Juzu Bracelet","Orichalcum","Toy Ornithopter","Turnip","Coffee Dripper","Necronomicon","The Courier","Blue Candle","Sling","Dead Branch","Strawberry","Fusion Hammer","Magic Flower","Sundial","Membership Card","Bag of Marbles","StrikeDummy","Red Skull"],"acts_visited":["Exordium","TheCity","TheBeyond","TheEnding"],"potions_floor_usage":[56],"damage_taken":[{"damage":8.0,"enemies":"2 Louse","floor":1.0,"turns":4.0},{"damage":3.0,"enemies":"Small Slimes","floor":4.0,"turns":3.0},{"damage":1.0,"enemies":"Cultist","floor":5.0,"turns":3.0},{"damage":19.0,"enemies":"Lagavulin","floor":6.0,"turns":4.0},{"damage":27.0,"enemies":"3 Sentries","floor":8.0,"turns":9.0},{"damage":5.0,"enemies":"Lagavulin","floor":12.0,"turns":6.0},{"damage":2.0,"enemies":"Gremlin Nob","floor":14.0,"turns":3.0},{"damage":28.0,"enemies":"Slime Boss","floor":16.0,"turns":8.0},{"damage":13.0,"enemies":"2 Thieves","floor":18.0,"turns":4.0},{"damage":8.0,"enemies":"Shell Parasite","floor":22.0,"turns":5.0},{"damage":6.0,"enemies":"Gremlin Leader","floor":24.0,"turns":3.0},{"damage":7.0,"enemies":"Book of Stabbing","floor":29.0,"turns":3.0},{"damage":0.0,"enemies":"Gremlin Leader","floor":31.0,"turns":3.0},{"damage":38.0,"enemies":"Champ","floor":33.0,"turns":6.0},{"damage":7.0,"enemies":"Orb Walker","floor":35.0,"turns":2.0},{"damage":15.0,"enemies":"2 Orb Walkers","floor":38.0,"turns":3.0},{"damage":4.0,"enemies":"Reptomancer","floor":41.0,"turns":3.0},{"damage":7.0,"enemies":"3 Shapes","floor":44.0,"turns":3.0},{"damage":10.0,"enemies":"Jaw Worm Horde","floor":47.0,"turns":2.0},{"damage":6.0,"enemies":"Nemesis","floor":48.0,"turns":3.0},{"damage":27.0,"enemies":"Donu and Deca","floor":50.0,"turns":5.0},{"damage":55.0,"enemies":"Time Eater","floor":51.0,"turns":5.0},{"damage":56,"enemies":"Shield and Spear","floor":55,"turns":4},{"damage":81,"enemies":"The Heart","floor":56,"turns":7}],"seed_played":"-810368833493838060","potions_obtained":[{"floor":8.0,"key":"ColorlessPotion"},{"floor":12.0,"key":"Explosive Potion"},{"floor":18.0,"key":"SpeedPotion"},{"floor":31.0,"key":"Swift Potion"},{"floor":37.0,"key":"PowerPotion"},{"floor":37.0,"key":"SkillPotion"},{"floor":38.0,"key":"Swift Potion"},{"floor":47.0,"key":"EssenceOfSteel"}],"is_trial":false,"path_per_floor":["M","?","?","M","M","E","R","E","T","R","$","E","?","E","R","B",null,"M","?","?","?","M","R","E","?","T","$","?","E","R","E","R","B",null,"M","?","?","?","?","R","E","R","T","M","$","R","M","E","R","B","B",null,"R","$","E","B",null],"character_chosen":"IRONCLAD","items_purchased":["Orichalcum","Inflame","Sling","Membership Card","Offering","Bag of Marbles","FairyPotion","True Grit"],"campfire_rested":0,"item_purchase_floors":[11,11,27,45,45,45,54,54],"current_hp_per_floor":[66,66,66,68,68,55,55,34,34,34,34,37,37,43,43,28,58,53,53,32,32,32,32,34,34,34,34,34,40,40,60,60,35,65,66,66,66,64,64,64,79,79,79,83,83,83,87,87,87,75,32,76,76,76,32,41],"gold":43,"neow_bonus":"RANDOM_COMMON_RELIC","is_daily":false,"chose_seed":false,"campfire_upgraded":6,"win_rate":0.0,"timestamp":1609514395,"path_taken":["M","?","?","M","M","E","R","E","T","R","$","E","?","E","R","BOSS","M","?","?","?","M","R","E","?","T","$","?","E","R","E","R","BOSS","M","?","?","?","?","R","E","R","T","M","$","R","M","E","R","BOSS","BOSS","R","$","E","BOSS"],"items_purchased_type":["Relic","Card","Relic","Relic","Card","Relic","Potion","Card"],"build_version":"2020-12-22","purchased_purges":3,"victory":true,"max_hp_per_floor":[75,68,68,68,68,68,68,68,68,68,68,68,68,68,68,68,68,68,68,68,68,68,68,68,68,68,68,68,68,68,75,75,75,75,75,75,75,75,75,75,79,79,79,83,83,83,87,87,87,91,91,91,91,91,91,91],"card_choices":[{"not_picked":["Body Slam","Iron Wave"],"picked":"Twin Strike","floor":1.0},{"not_picked":["Fire Breathing","Heavy Blade"],"picked":"Shrug It Off","floor":4.0},{"not_picked":["Blood for Blood","Twin Strike"],"picked":"Hemokinesis","floor":5.0},{"not_picked":["Shrug It Off","Pommel Strike"],"picked":"Barricade","floor":6.0},{"not_picked":["Hemokinesis","Anger"],"picked":"Shrug It Off","floor":8.0},{"not_picked":["Perfected Strike","Shockwave"],"picked":"Shrug It Off","floor":12.0},{"not_picked":["Shrug It Off","Shockwave"],"picked":"Ghostly Armor","floor":14.0},{"not_picked":["Bludgeon","Immolate"],"picked":"Double Tap","floor":16.0},{"not_picked":["Burning Pact","Shrug It Off"],"picked":"Clothesline+1","floor":18.0},{"not_picked":["Iron Wave","Anger","Shrug It Off"],"picked":"SKIP","floor":22.0},{"not_picked":["Anger","Clothesline+1"],"picked":"Pummel+1","floor":24.0},{"not_picked":["Searing Blow","Flex","Carnage"],"picked":"SKIP","floor":29.0},{"not_picked":["Shrug It Off","Bludgeon"],"picked":"Feed","floor":31.0},{"not_picked":["Berserk","Double Tap"],"picked":"Corruption","floor":33.0},{"not_picked":["Clash+1","Thunderclap","Power Through"],"picked":"SKIP","floor":35.0},{"not_picked":["Battle Trance+1","Iron Wave"],"picked":"Shockwave","floor":41.0},{"not_picked":["Havoc","Cleave"],"picked":"Impervious","floor":44.0},{"not_picked":["Sword Boomerang","Havoc","True Grit"],"picked":"SKIP","floor":47.0},{"not_picked":["Power Through","Metallicize"],"picked":"Pummel+1","floor":48.0},{"not_picked":["Clothesline","Blood for Blood","Rampage"],"picked":"SKIP","floor":55}],"player_experience":965812,"relics_obtained":[{"floor":6.0,"key":"Mummified Hand"},{"floor":8.0,"key":"Blood Vial"},{"floor":9.0,"key":"Juzu Bracelet"},{"floor":12.0,"key":"Toy Ornithopter"},{"floor":14.0,"key":"Turnip"},{"floor":20.0,"key":"Necronomicon"},{"floor":24.0,"key":"The Courier"},{"floor":26.0,"key":"Blue Candle"},{"floor":29.0,"key":"Dead Branch"},{"floor":31.0,"key":"Strawberry"},{"floor":38.0,"key":"Magic Flower"},{"floor":41.0,"key":"Sundial"},{"floor":48.0,"key":"StrikeDummy"},{"floor":55,"key":"Red Skull"}],"event_choices":[{"damage_healed":0.0,"max_hp_gain":0.0,"max_hp_loss":7.0,"gold_gain":0.0,"event_name":"Golden Idol","player_choice":"Lose Max HP","floor":2.0,"gold_loss":0.0,"damage_taken":0.0,"relics_obtained":["Golden Idol"]},{"damage_healed":0.0,"max_hp_gain":0.0,"max_hp_loss":0.0,"gold_gain":0.0,"event_name":"Living Wall","player_choice":"Grow","floor":3.0,"gold_loss":0.0,"damage_taken":0.0,"cards_upgraded":["Twin Strike"]},{"damage_healed":0.0,"max_hp_gain":0.0,"max_hp_loss":0.0,"gold_gain":0.0,"cards_transformed":["Defend_R"],"event_name":"Transmorgrifier","player_choice":"Transformed","floor":13.0,"gold_loss":0.0,"damage_taken":0.0,"cards_obtained":["Blood for Blood"]},{"damage_healed":0.0,"max_hp_gain":0.0,"max_hp_loss":0.0,"gold_gain":0.0,"event_name":"The Library","player_choice":"Read","floor":19.0,"gold_loss":0.0,"damage_taken":0.0,"cards_obtained":["Dark Embrace"]},{"damage_healed":0.0,"max_hp_gain":0.0,"max_hp_loss":0.0,"gold_gain":0.0,"event_name":"Cursed Tome","player_choice":"Obtained Book","floor":20.0,"gold_loss":0.0,"damage_taken":21.0},{"damage_healed":0.0,"max_hp_gain":0.0,"max_hp_loss":0.0,"gold_gain":0.0,"cards_transformed":["Defend_R"],"event_name":"Transmorgrifier","player_choice":"Transformed","floor":21.0,"gold_loss":0.0,"damage_taken":0.0,"cards_obtained":["Searing Blow"]},{"damage_healed":0.0,"max_hp_gain":0.0,"max_hp_loss":0.0,"gold_gain":0.0,"event_name":"The Mausoleum","player_choice":"Ignored","floor":25.0,"gold_loss":0.0,"damage_taken":0.0},{"damage_healed":0.0,"max_hp_gain":0.0,"max_hp_loss":0.0,"gold_gain":0.0,"event_name":"betterThird:BetterWriting","player_choice":"Insight","floor":28.0,"gold_loss":0.0,"damage_taken":0.0,"cards_obtained":["Insight"]},{"cards_removed":["Ghostly Armor"],"damage_healed":0.0,"max_hp_gain":0.0,"max_hp_loss":0.0,"gold_gain":0.0,"event_name":"Falling","player_choice":"Removed Skill","floor":36.0,"gold_loss":0.0,"damage_taken":0.0},{"damage_healed":0.0,"max_hp_gain":0.0,"max_hp_loss":0.0,"gold_gain":0.0,"event_name":"The Woman in Blue","player_choice":"Bought 3 Potions","floor":37.0,"gold_loss":0.0,"damage_taken":0.0},{"damage_healed":0.0,"max_hp_gain":0.0,"max_hp_loss":0.0,"gold_gain":0.0,"event_name":"Mysterious Sphere","player_choice":"Fight","floor":38.0,"gold_loss":0.0,"damage_taken":0.0},{"damage_healed":0.0,"max_hp_gain":0.0,"max_hp_loss":0.0,"gold_gain":0.0,"event_name":"Tomb of Lord Red Mask","player_choice":"Ignored","floor":39.0,"gold_loss":0.0,"damage_taken":0.0}],"is_beta":false,"boss_relics":[{"not_picked":["Black Blood","Runic Cube"],"picked":"Coffee Dripper"},{"not_picked":["Sozu","Velvet Choker"],"picked":"Fusion Hammer"}],"items_purged_floors":[11,27,45],"is_endless":false,"potions_floor_spawned":[8,12,18,31,38,47,55],"ascension_level":20}}