{"host":"vq5i29tex7kibjh3","time":1609484813,"event":{"mods":["A Magickal Journey","AchievementEnabler","Act Like it!","Arknights The Spire","BaseMod","Better Altar","Better Match","Better Note","Better Sensory Stone","Better Skull","Better Third Choice","ChefMod","Conspire","Downfall","Gensokyo","Halation","Hermit","Hubris","Ironclad Rager","LagranYue(???·?)","Mari Mod (Legacy)","Mari\u0027s V1 Patch","Marisa????????","Minty Spire (QoL Compilation)","Pale of the Ancients","Permanent Neow","Relic Stats","Remilia??????","Replay The Spire","Robot Space Explorer","Spicy Shops","StSLib","The Bladedancer","The Blue Laboratory","The Caster","The Cursed","The Factory","The Gatherer","The Hierophant","The Marked","TheHero","TheLocksmith","Yuri Mod"],"gold_per_floor":[99,99,99,99,99,99,181,181,42,42,53,53,68,81,99,197,197,47,60,73,92,92,92,119,136,136,149,166,166,192,192,208,308,308,308,325,7,20,5,5,5,25,45,45,56,56,103,118,134,134],"floor_reached":51,"playtime":4303,"items_purged":["Guardian:Gem_Orange","Guardian:Strike_Guardian","Guardian:Defend_Guardian"],"score":636,"play_id":"12b4691a-d654-4fb3-ae53-3d82363bb867","local_time":"20201231230653","is_ascension_mode":false,"campfire_choices":[{"floor":1.0,"key":"RECALL"},{"data":"Guardian:CurlUp","floor":10.0,"key":"SMITH"},{"data":"Neutralize","floor":12.0,"key":"SMITH"},{"data":"Guardian:BaubleBeam","floor":23.0,"key":"SMITH"},{"floor":26.0,"key":"REST"},{"data":"Guardian:BaubleBeam","floor":35.0,"key":"SMITH"},{"data":"Guardian:SpikerProtocol","floor":44.0,"key":"SMITH"},{"floor":46.0,"key":"REST"}],"circlet_count":0,"master_deck":["Guardian:Strike_Guardian+1","Guardian:Defend_Guardian","Guardian:Defend_Guardian","Guardian:Defend_Guardian","Guardian:CurlUp+1","Survivor","Neutralize+1","Guardian:Reroute","Guardian:Incinerate","Guardian:Planning","Guardian:SpikerProtocol+1","Guardian:Incinerate+1","Guardian:BaubleBeam+1","Guardian:Recover+1","Guardian:ChargeCore","Guardian:TimeSifter","Guardian:ChargeUp","Guardian:BaubleBeam+1","Guardian:PrismaticBarrier+1"],"relics":["Guardian:ModeShifter","LagranYue:RandomDrawCardRelic","downfall:HeartsMalice","Guardian:PickAxe","Snack Pack","downfall:HeartBlessingBlue","downfall:HeartBlessingRed","halation:PinkSoulGem","Blood Vial","ats:Originium","Whetstone","Happy Flower","Juzu Bracelet","CatCart"],"acts_visited":["Exordium","TheCity","TheBeyond"],"potions_floor_usage":[50,50],"damage_taken":[{"damage":0.0,"enemies":"Cultist","floor":2.0,"turns":1.0},{"damage":0.0,"enemies":"Cultist","floor":6.0,"turns":1.0},{"damage":0.0,"enemies":"Jaw Worm","floor":8.0,"turns":1.0},{"damage":0.0,"enemies":"downfall:FleeingMerchant","floor":9.0,"turns":4.0},{"damage":0.0,"enemies":"Small Slimes","floor":11.0,"turns":3.0},{"damage":0.0,"enemies":"Blue Slaver","floor":13.0,"turns":3.0},{"damage":0.0,"enemies":"2 Fungi Beasts","floor":14.0,"turns":2.0},{"damage":0.0,"enemies":"Large Slime","floor":15.0,"turns":6.0},{"damage":14.0,"enemies":"downfall:Watcher","floor":16.0,"turns":9.0},{"damage":11.0,"enemies":"Shell Parasite","floor":19.0,"turns":5.0},{"damage":17.0,"enemies":"Spheric Guardian","floor":20.0,"turns":4.0},{"damage":19.0,"enemies":"Snecko","floor":21.0,"turns":7.0},{"damage":19.0,"enemies":"Sentry and Sphere","floor":25.0,"turns":5.0},{"damage":5.0,"enemies":"Shelled Parasite and Fungi","floor":27.0,"turns":6.0},{"damage":3.0,"enemies":"3 Cultists","floor":28.0,"turns":4.0},{"damage":7.0,"enemies":"Replay:Snechameleon","floor":30.0,"turns":9.0},{"damage":22.0,"enemies":"Cultist and Chosen","floor":32.0,"turns":8.0},{"damage":13.0,"enemies":"downfall:Silent","floor":33.0,"turns":7.0},{"damage":11.0,"enemies":"Orb Walker","floor":36.0,"turns":4.0},{"damage":0.0,"enemies":"downfall:FleeingMerchant","floor":37.0,"turns":4.0},{"damage":9.0,"enemies":"3 Shapes","floor":38.0,"turns":5.0},{"damage":3.0,"enemies":"downfall:FleeingMerchant","floor":39.0,"turns":4.0},{"damage":11.0,"enemies":"Transient","floor":42.0,"turns":5.0},{"damage":14.0,"enemies":"Sphere and 2 Shapes","floor":43.0,"turns":6.0},{"damage":7.0,"enemies":"4 Shapes","floor":45.0,"turns":6.0},{"damage":0.0,"enemies":"Orin","floor":47.0,"turns":6.0},{"damage":6.0,"enemies":"Jaw Worm Horde","floor":48.0,"turns":5.0},{"damage":22.0,"enemies":"Sphere and 2 Shapes","floor":49.0,"turns":5.0},{"damage":13,"enemies":"downfall:Ironclad","floor":50,"turns":16}],"seed_played":"-5378720630368564735","potions_obtained":[{"floor":13.0,"key":"DuplicationPotion"},{"floor":14.0,"key":"Block Potion"},{"floor":15.0,"key":"sneckomod:MuddlingPotion"},{"floor":16.0,"key":"blueLaboratory:PhilterOfMotion"},{"floor":30.0,"key":"Doom Potion"},{"floor":32.0,"key":"Guardian:StasisDiscoveryPotion"}],"is_trial":false,"path_per_floor":["R","M","?","?","T","?","T","M","$","R","M","R","M","M","M","B",null,"R","M","M","M","?","R","T","M","R","M","M","?","E","?","M","B",null,"R","M","$","M","$","?","T","M","M","R","M","R","?","M","M","B",null],"character_chosen":"GUARDIAN","items_purchased":["Guardian:Planning","Happy Flower"],"campfire_rested":2,"item_purchase_floors":[9,37],"current_hp_per_floor":[80,80,80,80,80,80,80,80,80,80,80,80,80,80,80,72,80,90,81,68,53,53,53,53,42,69,70,75,75,74,74,58,53,90,90,81,85,82,83,83,83,80,74,74,73,90,90,88,72,83],"gold":134,"neow_bonus":"THREE_ENEMY_KILL","is_daily":false,"chose_seed":false,"campfire_upgraded":5,"win_rate":0.0,"timestamp":1609484813,"path_taken":["R","?","?","?","?","?","T","M","?","R","M","R","M","M","M","BOSS","R","M","M","?","?","R","T","?","R","M","M","?","E","?","M","BOSS","R","M","?","M","$","?","T","M","M","R","M","R","?","M","M","BOSS"],"items_purchased_type":["Card","Relic"],"build_version":"2020-12-22","purchased_purges":3,"victory":true,"max_hp_per_floor":[80,80,80,80,80,80,80,80,80,80,80,80,80,80,80,80,80,90,90,90,90,90,90,90,90,90,90,90,90,90,90,90,90,90,90,90,90,90,90,90,90,90,90,90,90,90,90,90,90,90],"relic_stats":{"Blood Vial":28,"Happy Flower":[19],"counters":[29,148],"Juzu Bracelet":0,"Whetstone":["Guardian:Incinerate","Guardian:Strike_Guardian"],"obtain_stats":[{"LagranYue:RandomDrawCardRelic":0,"downfall:HeartBlessingRed":18,"Happy Flower":37,"Guardian:ModeShifter":0,"downfall:HeartsMalice":0,"Juzu Bracelet":41,"Whetstone":30,"Guardian:PickAxe":6,"Blood Vial":24,"ats:Originium":30,"downfall:HeartBlessingBlue":18,"Snack Pack":7,"CatCart":47,"halation:PinkSoulGem":18},{"LagranYue:RandomDrawCardRelic":0,"downfall:HeartBlessingRed":9,"Happy Flower":20,"Guardian:ModeShifter":0,"downfall:HeartsMalice":0,"Juzu Bracelet":22,"Whetstone":16,"Guardian:PickAxe":2,"Blood Vial":12,"ats:Originium":16,"downfall:HeartBlessingBlue":9,"Snack Pack":2,"CatCart":26,"halation:PinkSoulGem":9},{"LagranYue:RandomDrawCardRelic":0,"downfall:HeartBlessingRed":27,"Happy Flower":90,"Guardian:ModeShifter":0,"downfall:HeartsMalice":0,"Juzu Bracelet":99,"Whetstone":67,"Guardian:PickAxe":0,"Blood Vial":43,"ats:Originium":67,"downfall:HeartBlessingBlue":27,"Snack Pack":0,"CatCart":122,"halation:PinkSoulGem":27}]},"card_choices":[{"not_picked":["Guardian:Gem_Red","Guardian:Planning"],"picked":"Guardian:Gem_Blue","floor":2.0},{"not_picked":["Guardian:ChargeUp","Guardian:TimeBomb"],"picked":"Guardian:Reroute","floor":8.0},{"not_picked":["Guardian:Gem_Cyan","Guardian:Gem_Green"],"picked":"Guardian:Incinerate","floor":9.0},{"not_picked":["Guardian:ShieldCharger","Guardian:RollAttack"],"picked":"Guardian:Gem_Crimson","floor":11.0},{"not_picked":["Guardian:Gem_Purple","Guardian:Gem_Orange"],"picked":"Guardian:SpikerProtocol","floor":13.0},{"not_picked":["Guardian:TemporalShield","Guardian:Gem_Green"],"picked":"Guardian:Gem_Lightblue","floor":14.0},{"not_picked":["Guardian:Gem_Green","Guardian:Repulse"],"picked":"Guardian:Incinerate","floor":15.0},{"not_picked":["Guardian:Gem_Synthetic","Guardian:ConstructionForm"],"picked":"Guardian:BaubleBeam","floor":16.0},{"not_picked":["Guardian:TimeCapacitor+1","Guardian:ShieldCharger","Guardian:PolyBeam"],"picked":"SKIP","floor":19.0},{"not_picked":["Guardian:Planning","Guardian:Reroute"],"picked":"Guardian:Gem_Cyan","floor":20.0},{"not_picked":["Guardian:Reroute+1","Guardian:TemporalShield"],"picked":"Guardian:Recover+1","floor":21.0},{"not_picked":["Guardian:RollAttack","Guardian:Suspension","Guardian:WalkerClaw"],"picked":"SKIP","floor":25.0},{"not_picked":["Guardian:ArmoredProtocol","Guardian:SpikerProtocol"],"picked":"Guardian:ChargeCore","floor":27.0},{"not_picked":["Guardian:Incinerate+1","Guardian:Reroute+1"],"picked":"Guardian:Gem_Green","floor":28.0},{"not_picked":["Guardian:ArmoredProtocol","Guardian:Clone"],"picked":"Guardian:TimeSifter","floor":30.0},{"not_picked":["Guardian:Gem_Green","Guardian:TimeBomb"],"picked":"Guardian:ChargeUp","floor":32.0},{"not_picked":["Guardian:FastForward","Guardian:StasisField"],"picked":"Guardian:BaubleBeam","floor":33.0},{"not_picked":["Guardian:VentSteam+1","Guardian:PrimingBeam","Guardian:ArmoredProtocol"],"picked":"SKIP","floor":36.0},{"not_picked":["Guardian:DonusPower+1","Guardian:TemporalStrike+1"],"picked":"Guardian:PrismaticBarrier+1","floor":37.0},{"not_picked":["Guardian:WalkerClaw+1","Guardian:FloatingOrbs"],"picked":"Guardian:Gem_Cyan","floor":38.0},{"not_picked":["Guardian:SpikerProtocol+1","Guardian:FastForward"],"picked":"Guardian:Gem_Green","floor":39.0},{"not_picked":["Guardian:Gem_Green","Guardian:TemporalStrike+1"],"picked":"Guardian:Gem_White","floor":42.0},{"not_picked":["Guardian:PrimingBeam+1","Guardian:TemporalShield"],"picked":"Guardian:Gem_Lightblue","floor":43.0},{"not_picked":["Guardian:Emergency+1","Guardian:ShieldCharger","Guardian:Recover"],"picked":"SKIP","floor":45.0},{"not_picked":["Guardian:RollAttack+1","Guardian:Incinerate+1","Guardian:VentSteam+1"],"picked":"SKIP","floor":48.0},{"not_picked":["Guardian:ShieldCharger+1","Guardian:SphericShield","Guardian:WalkerClaw"],"picked":"SKIP","floor":49.0}],"player_experience":221089,"relics_obtained":[{"floor":7.0,"key":"Snack Pack"},{"floor":24.0,"key":"Blood Vial"},{"floor":30.0,"key":"ats:Originium"},{"floor":30.0,"key":"Whetstone"},{"floor":41.0,"key":"Juzu Bracelet"},{"floor":47.0,"key":"CatCart"}],"event_choices":[{"cards_removed":["Guardian:Defend_Guardian"],"damage_healed":0.0,"max_hp_gain":0.0,"max_hp_loss":0.0,"gold_gain":0.0,"event_name":"betterNote:BetterNote","player_choice":"Give","floor":22.0,"gold_loss":0.0,"damage_taken":0.0,"cards_obtained":["Slimebound:Defend_Slimebound"]},{"damage_healed":0.0,"max_hp_gain":0.0,"max_hp_loss":0.0,"gold_gain":0.0,"event_name":"conspire:Investor","player_choice":"Leave","floor":40.0,"gold_loss":0.0,"damage_taken":0.0},{"damage_healed":0.0,"max_hp_gain":0.0,"max_hp_loss":0.0,"gold_gain":0.0,"event_name":"OrinTheCat","player_choice":"Fight","floor":47.0,"gold_loss":0.0,"damage_taken":0.0}],"is_beta":false,"boss_relics":[{"not_picked":["conspire:SeveredTorchhead","Philosopher\u0027s Stone","Snecko Eye"]},{"not_picked":["halation:SmartPhone","hubris:RunicObelisk","halation:LoveArrow"]}],"items_purged_floors":[9,37,37],"is_endless":false,"potions_floor_spawned":[13,14,15,16,20,21,30,32,33,36,42,43,45,48,49],"ascension_level":0}}