{"host":"r2b8ojg4o4pyvjvq","time":1609539349,"event":{"mods":["BaseMod","Colored Map","Downfall","Highlight Path","Hubris","Marisa????????","Minty Spire (QoL Compilation)","Quick Restart","Replay The Spire","StSLib","SuperFastMode"],"gold_per_floor":[115,215,215,215,235,235,264,278,304,304,316,316,18,52,62,62,167,167,183,216,216,235,251,251,319,319,374,154,253,253,264,281,281,281,281],"floor_reached":34,"playtime":1186,"items_purged":["Decay"],"score":503,"play_id":"554c808a-e955-43ab-b469-fb9ddc1c53a2","local_time":"20210101231549","is_ascension_mode":true,"campfire_choices":[{"data":"AsteroidBelt","floor":6,"key":"SMITH"},{"data":"NonDirectionalLaser","floor":10,"key":"SMITH"},{"data":"DeepEcoloBomb","floor":16,"key":"SMITH"},{"data":"MaximisePower","floor":24,"key":"SMITH"},{"floor":26,"key":"REST"},{"data":"SprinkleStarSeal","floor":33,"key":"SMITH"}],"circlet_count":0,"master_deck":["AscendersBane","Strike_MRS","Strike_MRS+1","Strike_MRS","Strike_MRS","Defend_MRS+1","Defend_MRS+1","Defend_MRS","Defend_MRS","MasterSpark+1","UpSweep","AsteroidBelt+1","OortCloud+1","GalacticHalo","NonDirectionalLaser+1","EventHorizon","MysteriousBeam","DeepEcoloBomb+1","MagicAbsorber","MaximisePower+1","MysteriousBeam+1","EarthLightRay","GrandCross","SprinkleStarSeal+1"],"relics":["MiniHakkero","War Paint","Tiny Chest","ReplayTheSpireMod:TigerMarble","Juzu Bracelet","SimpleLauncher","Nunchaku","sneckomod:SneckoTalon","Red Mask","Onion Ring","Omamori","Sling","hubris:Towel"],"acts_visited":["Exordium","TheCity"],"potions_floor_usage":[14,20,20,20,34,34],"damage_taken":[{"damage":7,"enemies":"Jaw Worm","floor":1,"turns":3},{"damage":2,"enemies":"2 Louse","floor":5,"turns":3},{"damage":2,"enemies":"3 Sentries","floor":7,"turns":12},{"damage":0,"enemies":"Small Slimes","floor":8,"turns":4},{"damage":0,"enemies":"Exordium Thugs","floor":11,"turns":3},{"damage":0,"enemies":"Lagavulin","floor":14,"turns":3},{"damage":0,"enemies":"Exordium Wildlife","floor":15,"turns":4},{"damage":0,"enemies":"Hexaghost","floor":17,"turns":8},{"damage":4,"enemies":"Shell Parasite","floor":19,"turns":2},{"damage":34,"enemies":"Masked Bandits","floor":20,"turns":5},{"damage":0,"enemies":"Spheric Guardian","floor":22,"turns":2},{"damage":7,"enemies":"Snake Plant","floor":23,"turns":5},{"damage":0,"enemies":"Shelled Parasite and Fungi","floor":31,"turns":3},{"damage":2,"enemies":"Centurion and Healer","floor":32,"turns":4},{"damage":63,"enemies":"Collector","floor":34,"turns":7}],"seed_played":"7366941986676081332","potions_obtained":[{"floor":5,"key":"Swift Potion"},{"floor":7,"key":"SpeedPotion"},{"floor":11,"key":"StarNLove"},{"floor":14,"key":"SteroidPotion"},{"floor":23,"key":"hexamod:EctoCoolerPotion"},{"floor":31,"key":"PowerPotion"}],"is_trial":false,"path_per_floor":["M","?","T","?","M","R","E","M","T","R","M","M","$","E","M","R","B",null,"M","?","?","M","M","R","T","R","T","$","?","?","M","M","R","B"],"character_chosen":"MARISA","items_purchased":["SimpleLauncher","Sling"],"campfire_rested":1,"item_purchase_floors":[13,28],"current_hp_per_floor":[61,61,61,46,44,44,42,42,42,42,42,42,42,42,42,42,42,67,63,29,29,29,26,26,26,48,48,48,48,48,48,50,50,0,0],"gold":281,"neow_bonus":"UPGRADE_CARD","is_daily":false,"chose_seed":false,"campfire_upgraded":5,"win_rate":0.0,"timestamp":1609539349,"path_taken":["M","?","?","?","M","R","E","M","T","R","M","M","$","E","M","R","BOSS","M","?","?","M","M","R","?","R","T","$","?","?","M","M","R","BOSS"],"items_purchased_type":["Relic","Relic"],"build_version":"2020-12-22","purchased_purges":1,"victory":false,"max_hp_per_floor":[75,75,75,75,75,75,75,75,75,75,75,75,75,75,75,75,75,75,75,75,75,75,75,75,75,75,75,75,75,75,75,75,75,75,75],"card_choices":[{"not_picked":["MilkyWay","DarkSpark"],"picked":"AsteroidBelt","floor":1},{"not_picked":["6A","UnstableBomb"],"picked":"OortCloud","floor":2},{"not_picked":["WitchLeyline","BlazeAway"],"picked":"GalacticHalo","floor":2},{"not_picked":["LuminesStrike","AlicesGift","MeteoricShower"],"picked":"SKIP","floor":5},{"not_picked":["GravityBeat","GasGiant"],"picked":"NonDirectionalLaser","floor":7},{"not_picked":["WitchLeyline","GravityBeat"],"picked":"EventHorizon","floor":8},{"not_picked":["FairyDestructionRay","AbsoluteMagnitude"],"picked":"MysteriousBeam","floor":11},{"not_picked":["6A","GasGiant"],"picked":"DeepEcoloBomb","floor":14},{"not_picked":["MysteriousBeam","Singularity"],"picked":"MagicAbsorber","floor":15},{"not_picked":["SuperNova","JA"],"picked":"MaximisePower","floor":17},{"not_picked":["Occultation","DoubleSpark","WitchLeyline+1"],"picked":"SKIP","floor":19},{"not_picked":["GravityBeat+1","ChargeUpSpray+1"],"picked":"MysteriousBeam+1","floor":20},{"not_picked":["IllusionStar","PowerUp"],"picked":"EarthLightRay","floor":22},{"not_picked":["DragonMeteor","ShootingEcho"],"picked":"GrandCross","floor":23},{"not_picked":["MilkyWay","GalacticHalo"],"picked":"SprinkleStarSeal","floor":31},{"not_picked":["EventHorizon+1","DoubleSpark","MilkyWay"],"picked":"SKIP","floor":32}],"player_experience":485886,"relics_obtained":[{"floor":2,"key":"War Paint"},{"floor":3,"key":"Tiny Chest"},{"floor":7,"key":"ReplayTheSpireMod:TigerMarble"},{"floor":9,"key":"Juzu Bracelet"},{"floor":14,"key":"Nunchaku"},{"floor":20,"key":"Red Mask"},{"floor":25,"key":"Onion Ring"},{"floor":27,"key":"Omamori"}],"event_choices":[{"damage_healed":0,"gold_gain":0,"player_choice":"Entered Light","damage_taken":15,"max_hp_gain":0,"max_hp_loss":0,"event_name":"Shining Light","floor":4,"gold_loss":0,"cards_upgraded":["Strike_MRS","OortCloud"]},{"damage_healed":0,"gold_gain":0,"player_choice":"Fought Bandits","damage_taken":0,"max_hp_gain":0,"max_hp_loss":0,"event_name":"Masked Bandits","floor":20,"gold_loss":0},{"damage_healed":0,"gold_gain":0,"player_choice":"Smashed Altar","damage_taken":0,"max_hp_gain":0,"max_hp_loss":0,"event_name":"Forgotten Altar","floor":21,"gold_loss":0,"cards_obtained":["Decay"]},{"damage_healed":0,"gold_gain":99,"player_choice":"Stole From Cult","damage_taken":0,"max_hp_gain":0,"max_hp_loss":0,"event_name":"Nest","floor":29,"gold_loss":0}],"is_beta":false,"boss_relics":[{"not_picked":["ChewingGum","hubris:RunicObelisk"],"picked":"sneckomod:SneckoTalon"}],"items_purged_floors":[28],"is_endless":false,"potions_floor_spawned":[5,7,11,14,15,23,31],"killed_by":"Collector","ascension_level":10}}