{"host":"lg1piimdyocafd6j","time":1609501808,"event":{"mods":["AchievementEnabler","BaseMod","Better Third Choice","BetterRewards","Colored Map","Colored Powertips","Downfall","Minty Spire (QoL Compilation)","Quick Restart","Rare Cards Sparkle","StSLib","SuperFastMode"],"gold_per_floor":[111,111,138,158,158,158,189,189,189,189,64,79,91,103,103,207,207,227,252,252,271,43,43,71,90,90,15,15,30,30,42,42,42,42],"floor_reached":33,"playtime":1870,"items_purged":["Strike_R","Bash","Body Slam","Strike_R"],"score":265,"play_id":"eb24af8d-18ea-49a7-b6f9-074f5a467312","local_time":"20210101125008","is_ascension_mode":false,"campfire_choices":[{"floor":6,"key":"RECALL"},{"floor":10,"key":"REST"},{"data":"Metallicize","floor":15,"key":"SMITH"},{"data":"Metallicize","floor":23,"key":"SMITH"},{"floor":28,"key":"REST"},{"floor":32,"key":"REST"}],"circlet_count":0,"master_deck":["Strike_R","Strike_R","Defend_R","Defend_R","Metallicize+1","Metallicize+1","Whirlwind","Combust","Shrug It Off","Shrug It Off","Seeing Red","Metallicize+1","Combust","Iron Wave","Iron Wave","Flame Barrier+1"],"relics":["Burning Blood","Bronze Scales","Strawberry","Bottled Tornado","SacredBark","Red Mask","Toxic Egg 2","White Beast Statue"],"acts_visited":["Exordium","TheCity"],"potions_floor_usage":[29,33,33],"damage_taken":[{"damage":3,"enemies":"Jaw Worm","floor":1,"turns":5},{"damage":0,"enemies":"Small Slimes","floor":4,"turns":4},{"damage":55,"enemies":"Lagavulin","floor":7,"turns":10},{"damage":3,"enemies":"Cultist","floor":12,"turns":4},{"damage":10,"enemies":"Looter","floor":13,"turns":3},{"damage":2,"enemies":"Blue Slaver","floor":14,"turns":4},{"damage":50,"enemies":"Slime Boss","floor":16,"turns":13},{"damage":5,"enemies":"3 Byrds","floor":18,"turns":2},{"damage":40,"enemies":"Masked Bandits","floor":19,"turns":5},{"damage":7,"enemies":"Shell Parasite","floor":21,"turns":9},{"damage":22,"enemies":"Book of Stabbing","floor":24,"turns":8},{"damage":13,"enemies":"Shelled Parasite and Fungi","floor":25,"turns":8},{"damage":15,"enemies":"Snecko","floor":29,"turns":6},{"damage":9,"enemies":"Cultist and Chosen","floor":31,"turns":7},{"damage":68,"enemies":"Automaton","floor":33,"turns":15}],"seed_played":"-1179194589846576981","potions_obtained":[{"floor":7,"key":"SpeedPotion"},{"floor":14,"key":"FearPotion"},{"floor":16,"key":"SmokeBomb"},{"floor":18,"key":"ColorlessPotion"},{"floor":29,"key":"ColorlessPotion"}],"is_trial":false,"path_per_floor":["M","?","T","M","?","R","E","?","T","R","$","M","M","M","R","B",null,"M","?","?","M","$","R","E","M","T","?","R","M","$","M","R","B"],"character_chosen":"IRONCLAD","items_purchased":["Body Slam","Metallicize","Bronze Scales","Metallicize","Combust"],"campfire_rested":3,"item_purchase_floors":[0,0,0,0,22],"current_hp_per_floor":[80,80,80,80,85,85,43,43,43,70,70,73,69,73,73,29,92,92,58,58,57,57,57,41,34,34,34,61,52,52,49,76,8,8],"gold":42,"neow_bonus":"","is_daily":false,"chose_seed":false,"campfire_upgraded":2,"win_rate":0.0,"timestamp":1609501808,"path_taken":["M","?","?","M","?","R","E","?","T","R","$","?","M","M","R","BOSS","M","?","?","M","$","R","E","M","T","?","R","M","$","M","R","BOSS"],"items_purchased_type":["Card","Card","Relic","Card","Card"],"build_version":"2020-12-22","purchased_purges":4,"victory":false,"max_hp_per_floor":[80,80,80,80,85,85,92,92,92,92,92,92,92,92,92,92,92,92,92,92,92,92,92,92,92,92,92,92,92,92,92,92,92,92],"card_choices":[{"not_picked":["Havoc","Warcry"],"picked":"Whirlwind","floor":1},{"not_picked":["Clothesline","Seeing Red"],"picked":"Combust","floor":4},{"not_picked":["Clothesline","Feed"],"picked":"Shrug It Off","floor":7},{"not_picked":["Sword Boomerang","Twin Strike"],"picked":"Shrug It Off","floor":12},{"not_picked":["Pommel Strike","Anger","Flex"],"picked":"SKIP","floor":13},{"not_picked":["True Grit","Thunderclap"],"picked":"Seeing Red","floor":14},{"not_picked":["Wild Strike","Power Through","Thunderclap+1"],"picked":"SKIP","floor":18},{"not_picked":["Flex","Flame Barrier+1"],"picked":"Metallicize","floor":19},{"not_picked":["Feel No Pain+1","Pummel","Body Slam"],"picked":"SKIP","floor":21},{"not_picked":["Sword Boomerang","Second Wind+1"],"picked":"Iron Wave","floor":24},{"not_picked":["Flex+1","Rage+1"],"picked":"Iron Wave","floor":25},{"not_picked":["Pommel Strike","Clothesline"],"picked":"Flame Barrier+1","floor":29},{"not_picked":["Twin Strike+1","Shockwave+1","Cleave"],"picked":"SKIP","floor":31}],"player_experience":165726,"relics_obtained":[{"floor":7,"key":"Strawberry"},{"floor":9,"key":"Bottled Tornado"},{"floor":19,"key":"Red Mask"},{"floor":24,"key":"Toxic Egg 2"},{"floor":26,"key":"White Beast Statue"}],"event_choices":[{"damage_healed":0,"gold_gain":0,"player_choice":"Grow","damage_taken":0,"max_hp_gain":0,"max_hp_loss":0,"event_name":"Living Wall","floor":2,"gold_loss":0,"cards_upgraded":["Metallicize"]},{"damage_healed":0,"gold_gain":0,"player_choice":"Donut","damage_taken":0,"max_hp_gain":5,"max_hp_loss":0,"event_name":"Big Fish","floor":5,"gold_loss":0},{"cards_removed":["Strike_R"],"damage_healed":0,"gold_gain":0,"player_choice":"Purged","damage_taken":0,"max_hp_gain":0,"max_hp_loss":0,"event_name":"Purifier","floor":8,"gold_loss":0},{"damage_healed":0,"gold_gain":0,"player_choice":"Fought Bandits","damage_taken":0,"max_hp_gain":0,"max_hp_loss":0,"event_name":"Masked Bandits","floor":19,"gold_loss":0},{"cards_removed":["Bloodletting"],"damage_healed":0,"gold_gain":0,"player_choice":"Elegance","damage_taken":0,"max_hp_gain":0,"max_hp_loss":0,"event_name":"betterThird:BetterWriting","floor":20,"gold_loss":0},{"cards_removed":["Defend_R"],"damage_healed":0,"gold_gain":0,"player_choice":"Gave Gold","damage_taken":0,"max_hp_gain":0,"max_hp_loss":0,"event_name":"Beggar","floor":27,"gold_loss":75}],"is_beta":false,"boss_relics":[{"not_picked":["Philosopher\u0027s Stone","Velvet Choker"],"picked":"SacredBark"}],"items_purged_floors":[0,0,11,22],"is_endless":false,"potions_floor_spawned":[7,14,16,18,19,24,29,31],"killed_by":"Automaton","ascension_level":0}}