{"host":"ktoxvvst1mwxww91","time":1609510580,"event":{"mods":["BaseMod","Hermit","Minty Spire (QoL Compilation)","StSLib","The Hierophant","The Mystic","The Necromancer"],"gold_per_floor":[111,111,128,78,153,153,180,0,82,109,15,28,28,45,45,122,122,132,16,27,126,126,126,161,161,186,186,35,48,60,93,93,170,170,190,190,190,208,221,221,221],"floor_reached":40,"playtime":1525,"items_purged":["Strike_G","Strike_G"],"score":738,"play_id":"0e650759-7c16-422e-a776-ad38a6c77f80","local_time":"20210101151620","is_ascension_mode":true,"campfire_choices":[{"data":"Deadly Poison","floor":6.0,"key":"SMITH"},{"floor":15.0,"key":"REST"},{"floor":23.0,"key":"REST"},{"floor":25.0,"key":"REST"},{"floor":27.0,"key":"REST"},{"floor":32.0,"key":"REST"}],"circlet_count":0,"master_deck":["AscendersBane","Defend_G","Defend_G","Defend_G","Defend_G","Defend_G","Survivor","Neutralize","Crippling Poison","Deadly Poison","Deadly Poison+1","Sucker Punch","Caltrops","Poisoned Stab","Cloak And Dagger","Bullet Time+1","Footwork+1","Cloak And Dagger+1","Deadly Poison+1","Crippling Poison+1","Heel Hook+1","Noxious Fumes","Noxious Fumes","Dodge and Roll+1","Decay","Deflect+1","Crippling Poison+1","Heel Hook","Escape Plan+1","Wraith Form v2","CurseOfTheBell","Catalyst+1","Deflect+1","Thinking Ahead+1","Writhe","Corpse Explosion+1","Escape Plan+1","Bouncing Flask+1"],"relics":["Ring of the Snake","The Courier","Toxic Egg 2","Ancient Tea Set","Cursed Key","Anchor","Boot","Matryoshka","Calling Bell","Nunchaku","White Beast Statue","Prayer Wheel"],"acts_visited":["Exordium","TheCity","TheBeyond"],"potions_floor_usage":[40],"damage_taken":[{"damage":12.0,"enemies":"Small Slimes","floor":1.0,"turns":5.0},{"damage":0.0,"enemies":"Cultist","floor":3.0,"turns":4.0},{"damage":17.0,"enemies":"Lagavulin","floor":7.0,"turns":6.0},{"damage":21.0,"enemies":"3 Sentries","floor":10.0,"turns":9.0},{"damage":0.0,"enemies":"Jaw Worm","floor":12.0,"turns":4.0},{"damage":0.0,"enemies":"2 Fungi Beasts","floor":14.0,"turns":4.0},{"damage":2.0,"enemies":"The Guardian","floor":16.0,"turns":7.0},{"damage":8.0,"enemies":"Spheric Guardian","floor":18.0,"turns":3.0},{"damage":19.0,"enemies":"2 Thieves","floor":20.0,"turns":3.0},{"damage":29.0,"enemies":"Gremlin Leader","floor":24.0,"turns":9.0},{"damage":10.0,"enemies":"Centurion and Healer","floor":29.0,"turns":5.0},{"damage":0.0,"enemies":"3 Cultists","floor":30.0,"turns":3.0},{"damage":23.0,"enemies":"Slavers","floor":31.0,"turns":4.0},{"damage":44.0,"enemies":"Champ","floor":33.0,"turns":11.0},{"damage":4.0,"enemies":"3 Shapes","floor":35.0,"turns":4.0},{"damage":0.0,"enemies":"Orb Walker","floor":38.0,"turns":5.0},{"damage":17.0,"enemies":"Spire Growth","floor":39.0,"turns":6.0},{"damage":66,"enemies":"Nemesis","floor":40,"turns":7}],"seed_played":"2242225126940360408","potions_obtained":[{"floor":1.0,"key":"Strength Potion"},{"floor":10.0,"key":"PowerPotion"},{"floor":16.0,"key":"SkillPotion"},{"floor":18.0,"key":"Swift Potion"},{"floor":24.0,"key":"Swift Potion"},{"floor":30.0,"key":"Explosive Potion"},{"floor":35.0,"key":"DistilledChaos"},{"floor":38.0,"key":"Block Potion"},{"floor":39.0,"key":"CultistPotion"}],"is_trial":false,"path_per_floor":["M","?","M","?","?","R","E","$","T","E","$","M","?","M","R","B",null,"M","$","M","?","?","R","E","R","T","R","$","M","M","E","R","B",null,"M","?","?","M","M","E"],"character_chosen":"THE_SILENT","items_purchased":["Caltrops","Poisoned Stab","Cloak And Dagger","Footwork","Cloak And Dagger+1","Noxious Fumes","Noxious Fumes","Deflect+1","Crippling Poison+1"],"campfire_rested":5,"item_purchase_floors":[8,8,8,11,11,19,19,28,28],"current_hp_per_floor":[51,51,51,51,40,40,23,23,23,2,2,2,2,2,23,21,58,50,50,31,31,31,52,23,44,44,65,65,55,55,32,53,9,55,51,51,69,69,52,0,0],"gold":221,"neow_bonus":"TRANSFORM_CARD","is_daily":false,"chose_seed":false,"campfire_upgraded":1,"win_rate":0.0,"timestamp":1609510580,"path_taken":["M","?","?","?","?","R","E","$","T","E","$","?","?","M","R","BOSS","M","$","M","?","?","R","E","R","T","R","$","M","?","E","R","BOSS","M","?","?","M","M","E"],"items_purchased_type":["Card","Card","Card","Card","Card","Card","Card","Card","Card"],"build_version":"2020-12-22","purchased_purges":2,"victory":false,"max_hp_per_floor":[70,70,70,70,70,70,70,70,70,70,70,70,70,70,70,70,70,70,70,70,70,70,70,70,70,70,70,70,70,70,70,70,70,70,70,70,70,70,70,70,70],"card_choices":[{"not_picked":["Reflex","Eviscerate"],"picked":"Deadly Poison","floor":1.0},{"not_picked":["Acrobatics","Masterful Stab"],"picked":"Deadly Poison","floor":3.0},{"not_picked":["Blade Dance","Cloak And Dagger"],"picked":"Sucker Punch","floor":7.0},{"not_picked":["Backstab","Acrobatics+1"],"picked":"Bullet Time+1","floor":10.0},{"not_picked":["Poisoned Stab","Dagger Spray"],"picked":"Deadly Poison+1","floor":12.0},{"not_picked":["Outmaneuver+1","Cloak And Dagger+1"],"picked":"Crippling Poison+1","floor":14.0},{"not_picked":["Acrobatics+1","Dagger Spray"],"picked":"Heel Hook+1","floor":18.0},{"not_picked":["Setup+1","Slice","Acrobatics+1"],"picked":"SKIP","floor":20.0},{"not_picked":["Blade Dance+1","Bullet Time+1"],"picked":"Dodge and Roll+1","floor":24.0},{"not_picked":["Setup+1","Blade Dance+1"],"picked":"Heel Hook","floor":29.0},{"not_picked":["Flying Knee","Underhanded Strike+1"],"picked":"Escape Plan+1","floor":30.0},{"not_picked":["Accuracy","Quick Slash","Envenom"],"picked":"SKIP","floor":31.0},{"not_picked":["Unload","Phantasmal Killer+1"],"picked":"Wraith Form v2","floor":33.0},{"not_picked":["Quick Slash","Outmaneuver+1"],"picked":"Catalyst+1","floor":35.0},{"not_picked":["Reflex+1","Blade Dance+1"],"picked":"Deflect+1","floor":35.0},{"not_picked":["Panacea+1","Jack Of All Trades+1"],"picked":"Thinking Ahead+1","floor":36.0},{"not_picked":["Sucker Punch+1","Eviscerate"],"picked":"Corpse Explosion+1","floor":38.0},{"not_picked":["Reflex+1","Quick Slash","Bane"],"picked":"SKIP","floor":38.0},{"not_picked":["Dagger Throw","Sucker Punch"],"picked":"Escape Plan+1","floor":39.0},{"not_picked":["Prepared+1","Slice"],"picked":"Bouncing Flask+1","floor":39.0}],"player_experience":953750,"relics_obtained":[{"floor":7.0,"key":"The Courier"},{"floor":9.0,"key":"Toxic Egg 2"},{"floor":10.0,"key":"Ancient Tea Set"},{"floor":24.0,"key":"Anchor"},{"floor":26.0,"key":"Boot"},{"floor":31.0,"key":"Matryoshka"},{"floor":34.0,"key":"Nunchaku"},{"floor":34.0,"key":"White Beast Statue"},{"floor":34.0,"key":"Prayer Wheel"}],"event_choices":[{"cards_removed":["Strike_G"],"damage_healed":0.0,"max_hp_gain":0.0,"max_hp_loss":0.0,"gold_gain":0.0,"event_name":"Purifier","player_choice":"Purged","floor":2.0,"gold_loss":0.0,"damage_taken":0.0},{"cards_removed":["Strike_G"],"damage_healed":0.0,"max_hp_gain":0.0,"max_hp_loss":0.0,"gold_gain":0.0,"event_name":"The Cleric","player_choice":"Card Removal","floor":4.0,"gold_loss":50.0,"damage_taken":0.0},{"damage_healed":0.0,"max_hp_gain":0.0,"max_hp_loss":0.0,"gold_gain":75.0,"event_name":"World of Goop","player_choice":"Gather Gold","floor":5.0,"gold_loss":0.0,"damage_taken":11.0},{"damage_healed":0.0,"max_hp_gain":0.0,"max_hp_loss":0.0,"gold_gain":0.0,"event_name":"Golden Wing","player_choice":"Ignored","floor":13.0,"gold_loss":0.0,"damage_taken":0.0},{"damage_healed":0.0,"max_hp_gain":0.0,"max_hp_loss":0.0,"gold_gain":99.0,"event_name":"Nest","player_choice":"Stole From Cult","floor":21.0,"gold_loss":0.0,"damage_taken":0.0},{"damage_healed":0.0,"max_hp_gain":0.0,"max_hp_loss":0.0,"gold_gain":0.0,"event_name":"Accursed Blacksmith","player_choice":"Forge","floor":22.0,"gold_loss":0.0,"damage_taken":0.0,"cards_upgraded":["Footwork"]},{"damage_healed":0.0,"max_hp_gain":0.0,"max_hp_loss":0.0,"gold_gain":0.0,"event_name":"SensoryStone","player_choice":"Memory 1","floor":36.0,"gold_loss":0.0,"damage_taken":0.0},{"damage_healed":18.0,"max_hp_gain":0.0,"max_hp_loss":0.0,"gold_gain":0.0,"event_name":"Winding Halls","player_choice":"Writhe","floor":37.0,"gold_loss":0.0,"damage_taken":0.0,"cards_obtained":["Writhe"]}],"is_beta":false,"boss_relics":[{"not_picked":["Busted Crown","Snecko Eye"],"picked":"Cursed Key"},{"not_picked":["Sozu","Fusion Hammer"],"picked":"Calling Bell"}],"items_purged_floors":[8,28],"is_endless":false,"potions_floor_spawned":[1,10,16,18,24,30,35,38,39],"killed_by":"Nemesis","ascension_level":13}}