{"host":"sjo4oracihb00px1","time":1609543297,"event":{"mods":["Astrologer","BaseMod","Better Note","Colored Powertips","Defective Defect","Friendly Minions","Hermit","HololiveMod","Hubris","Jorbs\u0027s Wanderer Trilogy","Kiyohime????","Marisa????????","Minty Spire (QoL Compilation)","Quick Restart","Random Character Button","Remilia??????","Replay The Spire","Shop Mod","ShortenTheSpire","Somnambulant","StSLib","The Administrix","The Animator","The Awakened One except there are too many feathers","The Bug Knight","The Cursed","The Death Knight","The Disciple","The Gatherer","The IronCluck","The Necromancer","The Problem Sleuth","The Runesmith","The Servant 0.9.4","The Vixen","TheBandit","Waifu the Spire","Wandering Minibosses","Yuri Mod","everything is the same but u backflip on backflip","slay the spire mod where everything is the same but ironclad has a cowboy hat","thorton"],"gold_per_floor":[112,8,8,183,183,217,229,261,261,280,280,19,49,9,9,108,108,121,121,121,481,500,500,531,531,581,597,597],"floor_reached":27,"playtime":2173,"items_purged":[],"score":311,"play_id":"27933b62-6bbd-4bc5-9d83-cba51376fd88","local_time":"20210101182137","is_ascension_mode":true,"campfire_choices":[{"data":"Doubt","floor":11.0,"key":"PURGE"},{"floor":15.0,"key":"REST"},{"floor":23,"key":"REST"},{"floor":25,"key":"REST"}],"circlet_count":0,"master_deck":["Strike_G","Strike_G","Strike_G","Strike_G","Strike_G","Defend_G+1","Defend_G+1","Defend_G","Defend_G","Defend_G+1","Survivor","Neutralize+1","Poisoned Stab","Noxious Fumes+1","Deadly Poison","Crippling Poison+1","Bouncing Flask+1","hubris:TrickCloak","A Thousand Cuts+1","Voices","Acrobatics","Deadly Poison"],"relics":["Ring of the Snake","NeowsBlessing","War Paint","Peace Pipe","Replay:PocketPolymizer","Gremlin Horn","Replay:Rubber Ducky","hubris:Backtick","Snake Skull","ReplayTheSpireMod:Ring of Collecting","ReplayTheSpireMod:Ring of Exchange","Replay:Bottled Snecko","Replay:Accelerometer","Ring of Greed","MawBank","Replay:Bandana"],"acts_visited":["Exordium","TheCity"],"potions_floor_usage":[22],"damage_taken":[{"damage":0.0,"enemies":"Small Slimes","floor":1.0,"turns":1.0},{"damage":0.0,"enemies":"Lagavulin","floor":6.0,"turns":2.0},{"damage":0.0,"enemies":"2 Louse","floor":7.0,"turns":1.0},{"damage":17.0,"enemies":"3 Sentries","floor":8.0,"turns":7.0},{"damage":6.0,"enemies":"Jaw Worm","floor":10.0,"turns":8.0},{"damage":29.0,"enemies":"Gremlin Nob","floor":13.0,"turns":5.0},{"damage":16.0,"enemies":"Hexaghost","floor":16.0,"turns":9.0},{"damage":0,"enemies":"Spheric Guardian","floor":18,"turns":2},{"damage":8,"enemies":"2 Thieves","floor":22,"turns":4},{"damage":12,"enemies":"HollowMod:Nosk","floor":24,"turns":6},{"damage":37,"enemies":"Book of Stabbing","floor":27,"turns":5}],"seed_played":"184512780668458928","potions_obtained":[{"floor":1.0,"key":"Elixir"},{"floor":16.0,"key":"Energy Potion"},{"floor":18,"key":"Elixir"}],"is_trial":false,"path_per_floor":["M","$","?","?","?","E","M","E","T","M","R","$","E","$","R","B",null,"M","?","?","?","M","R","E","R","T","E"],"character_chosen":"THE_SILENT","items_purchased":["Poisoned Stab","Noxious Fumes+1","Gremlin Horn","hubris:TrickCloak"],"campfire_rested":3,"item_purchase_floors":[2,2,12,14],"current_hp_per_floor":[70,70,70,70,70,70,70,53,53,47,47,47,18,18,39,23,70,70,49,49,13,5,26,14,35,35,0,0],"gold":597,"neow_bonus":"THREE_ENEMY_KILL","is_daily":false,"chose_seed":false,"campfire_upgraded":0,"win_rate":0.0,"timestamp":1609543297,"path_taken":["M","$","?","?","?","E","?","E","T","?","R","?","E","$","R","BOSS","M","?","?","?","M","R","E","R","T","E"],"items_purchased_type":["Card","Card","Relic","Card"],"build_version":"2020-12-22","purchased_purges":0,"victory":false,"max_hp_per_floor":[70,70,70,70,70,70,70,70,70,70,70,70,70,70,70,70,70,70,70,70,70,70,70,70,70,70,70,70],"card_choices":[{"not_picked":["Predator","PiercingWail","Slice"],"picked":"SKIP","floor":1.0},{"not_picked":["Skewer","Escape Plan","Hidden Blade"],"picked":"SKIP","floor":6.0},{"not_picked":["Blur","Dagger Throw"],"picked":"Deadly Poison","floor":7.0},{"not_picked":["Acrobatics","Escape Plan"],"picked":"Crippling Poison","floor":8.0},{"not_picked":["Replay:Poison Smokescreen","Flying Knee","Dodge and Roll"],"picked":"SKIP","floor":10.0},{"not_picked":["PiercingWail","ReplayTheSpireMod:The Works"],"picked":"Bouncing Flask","floor":13.0},{"not_picked":["Tools of the Trade","Atom Bomb"],"picked":"A Thousand Cuts","floor":16.0},{"not_picked":["Quick Slash+1","Backflip","Blade Dance"],"picked":"SKIP","floor":18},{"not_picked":["Blade Dance+1","Dash+1"],"picked":"Acrobatics","floor":22},{"not_picked":["Masterful Stab+1","Acrobatics+1"],"picked":"Deadly Poison","floor":24}],"player_experience":701729,"relics_obtained":[{"floor":6.0,"key":"War Paint"},{"floor":8.0,"key":"Peace Pipe"},{"floor":9.0,"key":"Replay:PocketPolymizer"},{"floor":13.0,"key":"Replay:Rubber Ducky"},{"floor":20,"key":"ReplayTheSpireMod:Ring of Collecting"},{"floor":20,"key":"ReplayTheSpireMod:Ring of Exchange"},{"floor":24,"key":"Replay:Bottled Snecko"},{"floor":26,"key":"Replay:Accelerometer"},{"floor":26,"key":"Ring of Greed"},{"floor":26,"key":"MawBank"},{"floor":26,"key":"Replay:Bandana"}],"event_choices":[{"damage_healed":0.0,"max_hp_gain":0.0,"max_hp_loss":0.0,"gold_gain":0.0,"event_name":"Living Wall","player_choice":"Grow","floor":3.0,"gold_loss":0.0,"damage_taken":0.0,"cards_upgraded":["Neutralize"]},{"damage_healed":0.0,"max_hp_gain":0.0,"max_hp_loss":0.0,"gold_gain":175.0,"event_name":"Liars Game","player_choice":"AGREE","floor":4.0,"gold_loss":0.0,"damage_taken":0.0,"cards_obtained":["Doubt"]},{"damage_healed":0,"gold_gain":360,"player_choice":"GOLD GOLD GOLD GOLD ","damage_taken":36,"max_hp_gain":0,"max_hp_loss":0,"event_name":"Knowing Skull","floor":21,"potions_obtained":[],"gold_loss":0,"cards_obtained":[]}],"is_beta":false,"boss_relics":[{"not_picked":["Astrolabe","Snecko Eye"],"picked":"hubris:Backtick"}],"items_purged_floors":[],"is_endless":false,"potions_floor_spawned":[1,16,18],"killed_by":"Book of Stabbing","ascension_level":3}}