{"host":"6azrrw3tf7wb0f4b","time":1609483353,"event":{"mods":["BaseMod","DeckTracker","Minty Spire (QoL Compilation)","SuperFastMode"],"gold_per_floor":[116,66,66,109,144,144,178,223,223,266,266,266,306,338,338,466,466,456,506,551,58,102,102,102,102],"floor_reached":24,"playtime":717,"items_purged":["ReachHeaven"],"score":439,"play_id":"64790fdb-ce11-4e48-9c97-6911075ebefb","local_time":"20210101154233","is_ascension_mode":true,"campfire_choices":[{"data":"Worship","floor":6.0,"key":"SMITH"},{"floor":12.0,"key":"REST"},{"floor":15,"key":"REST"},{"floor":23,"key":"REST"}],"circlet_count":0,"master_deck":["AscendersBane","Defend_P","Defend_P","Eruption","Vigilance","Evaluate","Wish","Worship+1","Wallop","Prostrate","CrushJoints","EmptyFist","WheelKick","DevaForm","WheelKick+1","Devotion+1","Nirvana+1","Meditate","BattleHymn","Prostrate","Consecrate+1"],"relics":["PureWater","PreservedInsect","TungstenRod","Torii","Gambling Chip","Astrolabe","ClockworkSouvenir","Gremlin Horn"],"acts_visited":["Exordium","TheCity"],"potions_floor_usage":[14,18,20],"damage_taken":[{"damage":0.0,"enemies":"Small Slimes","floor":1.0,"turns":2.0},{"damage":11.0,"enemies":"2 Louse","floor":4.0,"turns":5.0},{"damage":5.0,"enemies":"Cultist","floor":5.0,"turns":5.0},{"damage":23.0,"enemies":"3 Sentries","floor":7.0,"turns":7.0},{"damage":9.0,"enemies":"Large Slime","floor":8.0,"turns":6.0},{"damage":0.0,"enemies":"Red Slaver","floor":10.0,"turns":5.0},{"damage":6,"enemies":"Gremlin Gang","floor":13,"turns":4},{"damage":0,"enemies":"Lagavulin","floor":14,"turns":5},{"damage":0,"enemies":"Slime Boss","floor":16,"turns":14},{"damage":17,"enemies":"2 Thieves","floor":18,"turns":4},{"damage":13,"enemies":"3 Byrds","floor":20,"turns":7},{"damage":26,"enemies":"Snecko","floor":22,"turns":4},{"damage":39,"enemies":"Gremlin Leader","floor":24,"turns":2}],"seed_played":"-234529683527221802","potions_obtained":[{"floor":1.0,"key":"Weak Potion"},{"floor":7.0,"key":"Weak Potion"},{"floor":13,"key":"Swift Potion"},{"floor":14,"key":"Weak Potion"},{"floor":18,"key":"SteroidPotion"}],"is_trial":false,"path_per_floor":["M","?","?","M","M","R","E","M","T","M","?","R","M","E","R","B",null,"M","?","M","$","M","R","E"],"character_chosen":"WATCHER","items_purchased":["ClockworkSouvenir","Prostrate","Gremlin Horn"],"campfire_rested":3,"item_purchase_floors":[21,21,21],"current_hp_per_floor":[65,65,65,54,49,49,26,17,17,17,17,38,32,32,53,53,67,50,50,37,37,11,32,0,0],"gold":102,"neow_bonus":"RANDOM_COMMON_RELIC","is_daily":false,"chose_seed":false,"campfire_upgraded":1,"win_rate":0.0,"timestamp":1609483353,"path_taken":["M","?","?","M","M","R","E","M","T","M","?","R","?","E","R","BOSS","M","?","?","$","?","R","E"],"items_purchased_type":["Relic","Card","Relic"],"build_version":"2020-12-22","purchased_purges":1,"victory":false,"max_hp_per_floor":[72,72,72,72,72,72,72,72,72,72,72,72,72,72,72,72,72,72,72,72,72,72,72,72,72],"card_choices":[{"not_picked":["SandsOfTime","ClearTheMind"],"picked":"Evaluate","floor":1.0},{"not_picked":["Evaluate","SashWhip"],"picked":"Worship","floor":4.0},{"not_picked":["ForeignInfluence","Halt"],"picked":"ReachHeaven","floor":5.0},{"not_picked":["SandsOfTime","LikeWater"],"picked":"Wallop","floor":7.0},{"not_picked":["ThirdEye","SashWhip"],"picked":"Prostrate","floor":8.0},{"not_picked":["DeusExMachina","SashWhip"],"picked":"CrushJoints","floor":10.0},{"not_picked":["EmptyBody","Perseverance"],"picked":"EmptyFist","floor":13},{"not_picked":["Wireheading","FollowUp"],"picked":"WheelKick","floor":14},{"not_picked":["Blasphemy","Scrawl"],"picked":"DevaForm","floor":16},{"not_picked":["ForeignInfluence","EmptyFist"],"picked":"Meditate","floor":18},{"not_picked":["Consecrate","EmptyFist"],"picked":"BattleHymn","floor":20},{"not_picked":["LikeWater","CrushJoints"],"picked":"Consecrate+1","floor":22}],"player_experience":657216,"relics_obtained":[{"floor":7.0,"key":"TungstenRod"},{"floor":9.0,"key":"Torii"},{"floor":14,"key":"Gambling Chip"}],"event_choices":[{"cards_removed":["Defend_P"],"damage_healed":0.0,"max_hp_gain":0.0,"max_hp_loss":0.0,"gold_gain":0.0,"event_name":"The Cleric","player_choice":"Card Removal","floor":2.0,"gold_loss":50.0,"damage_taken":0.0},{"damage_healed":0.0,"max_hp_gain":0.0,"max_hp_loss":0.0,"gold_gain":0.0,"cards_transformed":["Strike_P"],"event_name":"Living Wall","player_choice":"Change","floor":3.0,"gold_loss":0.0,"damage_taken":0.0,"cards_obtained":["Wish"]},{"cards_removed":["Strike_P"],"damage_healed":0.0,"max_hp_gain":0.0,"max_hp_loss":0.0,"gold_gain":0.0,"event_name":"Wheel of Change","player_choice":"Card Removal","floor":11.0,"gold_loss":0.0,"damage_taken":0.0},{"damage_healed":0,"gold_gain":100,"player_choice":"Bet on Murderer","damage_taken":0,"max_hp_gain":0,"max_hp_loss":0,"event_name":"The Joust","floor":19,"gold_loss":50}],"is_beta":false,"boss_relics":[{"not_picked":["HolyWater","Fusion Hammer"],"picked":"Astrolabe"}],"items_purged_floors":[21],"is_endless":false,"potions_floor_spawned":[1,7,13,14,16,18],"killed_by":"Gremlin Leader","ascension_level":11}}