{"host":"z16h96csw6gsetxl","time":1609515244,"event":{"mods":["BaseMod","Minty Spire (QoL Compilation)"],"gold_per_floor":[109,109,128,145,95,126,126,140,140,152,164,89,89,89,89,212,212,226,226,151,164,64,64,64],"floor_reached":23,"playtime":1479,"items_purged":["Strike_R","Defend_R"],"score":191,"play_id":"39741da1-6645-4b9c-980b-48d90b8cd64a","local_time":"20210101233404","is_ascension_mode":false,"campfire_choices":[{"floor":7,"key":"REST"},{"floor":13,"key":"REST"},{"data":"Berserk","floor":15,"key":"SMITH"}],"circlet_count":0,"master_deck":["Strike_R","Defend_R","Defend_R","Defend_R","Bash","Spot Weakness","Sword Boomerang","Berserk+1","Battle Trance","Burning Pact","Shockwave","Headbutt","Feed","Heavy Blade"],"relics":["Burning Blood","NeowsBlessing","WarpedTongs","Omamori","Paper Frog","Golden Idol","Empty Cage"],"acts_visited":["Exordium","TheCity"],"potions_floor_usage":[],"damage_taken":[{"damage":0,"enemies":"Cultist","floor":1,"turns":1},{"damage":2,"enemies":"Small Slimes","floor":3,"turns":1},{"damage":2,"enemies":"2 Louse","floor":4,"turns":1},{"damage":63,"enemies":"3 Sentries","floor":6,"turns":9},{"damage":1,"enemies":"Exordium Wildlife","floor":8,"turns":3},{"damage":14,"enemies":"Looter","floor":10,"turns":3},{"damage":12,"enemies":"Blue Slaver","floor":11,"turns":4},{"damage":39,"enemies":"Slime Boss","floor":16,"turns":8},{"damage":38,"enemies":"2 Thieves","floor":18,"turns":4},{"damage":23,"enemies":"3 Byrds","floor":21,"turns":5},{"damage":29,"enemies":"Slavers","floor":23,"turns":3}],"seed_played":"5446258556073200971","potions_obtained":[{"floor":1,"key":"BlessingOfTheForge"},{"floor":6,"key":"GamblersBrew"},{"floor":16,"key":"DuplicationPotion"}],"is_trial":false,"path_per_floor":["M","?","M","M","?","E","R","M","T","M","M","$","R","?","R","B",null,"M","?","?","M","$","E"],"character_chosen":"IRONCLAD","items_purchased":[],"campfire_rested":2,"item_purchase_floors":[],"current_hp_per_floor":[80,80,80,80,80,23,47,52,52,44,38,38,62,62,62,29,80,48,48,48,31,31,2,2],"gold":64,"neow_bonus":"THREE_ENEMY_KILL","is_daily":false,"chose_seed":false,"campfire_upgraded":1,"win_rate":0.0,"timestamp":1609515244,"path_taken":["M","?","M","?","?","E","R","M","T","M","M","$","R","?","R","BOSS","M","?","?","M","$","E"],"items_purchased_type":[],"build_version":"2020-12-22","purchased_purges":2,"victory":false,"max_hp_per_floor":[80,80,80,80,80,80,80,80,80,80,80,80,80,80,80,80,80,80,80,80,80,80,80,80],"card_choices":[{"not_picked":["Reckless Charge","Clothesline"],"picked":"Spot Weakness","floor":1},{"not_picked":["Flex","Clash"],"picked":"Sword Boomerang","floor":3},{"not_picked":["Pommel Strike","Metallicize"],"picked":"Berserk","floor":4},{"not_picked":["Clash","Flame Barrier"],"picked":"Battle Trance","floor":6},{"not_picked":["Warcry","Blood for Blood"],"picked":"Burning Pact","floor":8},{"not_picked":["Perfected Strike","True Grit"],"picked":"Shockwave","floor":10},{"not_picked":["Pommel Strike","Rupture"],"picked":"Headbutt","floor":11},{"not_picked":["Immolate","Reaper"],"picked":"Feed","floor":16},{"not_picked":["Perfected Strike","Pommel Strike","Flex"],"picked":"SKIP","floor":18},{"not_picked":["Headbutt","Iron Wave","Wild Strike+1"],"picked":"SKIP","floor":21}],"player_experience":19710,"relics_obtained":[{"floor":6,"key":"Omamori"},{"floor":9,"key":"Paper Frog"}],"event_choices":[{"damage_healed":0,"gold_gain":0,"player_choice":"Rummage","damage_taken":0,"relics_obtained":["WarpedTongs"],"max_hp_gain":0,"max_hp_loss":0,"event_name":"Accursed Blacksmith","floor":2,"gold_loss":0,"cards_obtained":["Pain"]},{"cards_removed":["Strike_R"],"damage_healed":0,"gold_gain":0,"player_choice":"Card Removal","damage_taken":0,"max_hp_gain":0,"max_hp_loss":0,"event_name":"The Cleric","floor":5,"gold_loss":50},{"damage_healed":0,"gold_gain":0,"player_choice":"Take Wound","damage_taken":0,"relics_obtained":["Golden Idol"],"max_hp_gain":0,"max_hp_loss":0,"event_name":"Golden Idol","floor":14,"gold_loss":0,"cards_obtained":["Injury"]},{"damage_healed":0,"gold_gain":0,"player_choice":"Read","damage_taken":0,"max_hp_gain":0,"max_hp_loss":0,"event_name":"The Library","floor":19,"gold_loss":0,"cards_obtained":["Heavy Blade"]},{"cards_removed":["Strike_R"],"damage_healed":0,"gold_gain":0,"player_choice":"Gave Gold","damage_taken":0,"max_hp_gain":0,"max_hp_loss":0,"event_name":"Beggar","floor":20,"gold_loss":75}],"is_beta":false,"boss_relics":[{"not_picked":["SacredBark","Velvet Choker"],"picked":"Empty Cage"}],"items_purged_floors":[12,22],"is_endless":false,"potions_floor_spawned":[1,6,16,21],"killed_by":"Slavers","ascension_level":0}}