{"host":"ooer26pcuunqa1a1","time":1609484086,"event":{"mods":["AchievementEnabler","Act Like it!","BaseMod","Best Route Mod","BetterRewards","Colored Powertips","Dio Mod","Downfall","Duelist Mod","Minty Spire (QoL Compilation)","Quick Restart","StSLib","The IronCluck","The Necromancer"],"gold_per_floor":[199,215,226,85,103,103,103,120,145,145,55,69,84,102,118,222,222,222,222,236,253,91,91,91,120,132,142,160,193,193,193,208,304,304,304,323,342,359,376,410,410,460,480,480,557,586,391,437,449,449],"floor_reached":51,"playtime":2357,"items_purged":["dioMod:Strike","dioMod:Strike"],"score":917,"play_id":"03007095-d787-4437-977b-1b0abc62cd08","local_time":"20201231225446","is_ascension_mode":true,"campfire_choices":[{"data":"Bite","floor":1,"key":"SMITH"},{"data":"dioMod:MudaMudaMuda","floor":10,"key":"SMITH"},{"data":"dioMod:Muda","floor":18,"key":"SMITH"},{"data":"dioMod:Muda","floor":23,"key":"SMITH"},{"data":"dioMod:Muda","floor":35,"key":"SMITH"},{"data":"dioMod:WRYYY","floor":44,"key":"SMITH"}],"circlet_count":0,"master_deck":["dioMod:Strike","dioMod:Strike","Bite+1","dioMod:Defend","dioMod:Defend","dioMod:Defend","dioMod:Defend+1","dioMod:Muda","dioMod:BloodShield","dioMod:DominatingPresence","dioMod:MudaMudaMuda+1","dioMod:Muda+1","dioMod:StreetSign","dioMod:DaggerToss","dioMod:WRYYY","dioMod:DoubleTime+1","dioMod:Muda+1","dioMod:Muda+1","dioMod:Muda","dioMod:MudaMudaMuda+1","dioMod:FlyAway+1","dioMod:Muda+1"],"relics":["dioMod:VampireBlood","Regal Pillow","Strawberry","Coffee Dripper","War Paint","Frozen Egg 2","Bag of Marbles","Toy Ornithopter","Black Star","InkBottle","Torii","CaptainsWheel","HornCleat","Happy Flower","Incense Burner","HandDrill","Blood Vial","Omamori","Calipers"],"acts_visited":["Exordium","TheCity","TheBeyond"],"potions_floor_usage":[22,36,39,39,39],"damage_taken":[{"damage":3,"enemies":"Cultist","floor":2,"turns":5},{"damage":0,"enemies":"2 Louse","floor":3,"turns":2},{"damage":5,"enemies":"downfall:FleeingMerchant","floor":4,"turns":4},{"damage":1,"enemies":"Jaw Worm","floor":5,"turns":2},{"damage":0,"enemies":"3 Louse","floor":8,"turns":2},{"damage":0,"enemies":"Gremlin Nob","floor":9,"turns":2},{"damage":1,"enemies":"downfall:FleeingMerchant","floor":11,"turns":4},{"damage":8,"enemies":"Exordium Wildlife","floor":12,"turns":2},{"damage":14,"enemies":"Lots of Slimes","floor":13,"turns":3},{"damage":0,"enemies":"2 Fungi Beasts","floor":14,"turns":2},{"damage":13,"enemies":"Blue Slaver","floor":15,"turns":3},{"damage":39,"enemies":"downfall:Silent","floor":16,"turns":5},{"damage":0,"enemies":"Chosen","floor":19,"turns":1},{"damage":1,"enemies":"Shell Parasite","floor":20,"turns":2},{"damage":16,"enemies":"Snake Plant","floor":21,"turns":2},{"damage":20,"enemies":"downfall:FleeingMerchant","floor":22,"turns":4},{"damage":2,"enemies":"theDuelist:KaibaA2","floor":25,"turns":3},{"damage":0,"enemies":"Sentry and Sphere","floor":26,"turns":3},{"damage":0,"enemies":"Centurion and Healer","floor":27,"turns":2},{"damage":26,"enemies":"Snake Plant","floor":28,"turns":3},{"damage":12,"enemies":"Book of Stabbing","floor":29,"turns":2},{"damage":8,"enemies":"Snecko","floor":32,"turns":3},{"damage":20,"enemies":"downfall:Ironclad","floor":33,"turns":3},{"damage":15,"enemies":"Orb Walker","floor":36,"turns":2},{"damage":26,"enemies":"3 Shapes","floor":37,"turns":3},{"damage":0,"enemies":"Transient","floor":38,"turns":5},{"damage":1,"enemies":"Sphere and 2 Shapes","floor":39,"turns":1},{"damage":19,"enemies":"Reptomancer","floor":40,"turns":2},{"damage":0,"enemies":"Mind Bloom Boss Battle","floor":42,"turns":2},{"damage":14,"enemies":"3 Darklings","floor":43,"turns":2},{"damage":13,"enemies":"Giant Head","floor":46,"turns":2},{"damage":0,"enemies":"downfall:FleeingMerchant","floor":47,"turns":2},{"damage":0,"enemies":"2 Orb Walkers","floor":48,"turns":1},{"damage":39,"enemies":"Transient","floor":49,"turns":5},{"damage":2,"enemies":"downfall:Defect","floor":50,"turns":2}],"seed_played":"-1488605392697007246","potions_obtained":[{"floor":8,"key":"Fruit Juice"},{"floor":12,"key":"Swift Potion"},{"floor":13,"key":"Dexterity Potion"},{"floor":25,"key":"AttackPotion"},{"floor":33,"key":"Regen Potion"},{"floor":36,"key":"Swift Potion"},{"floor":39,"key":"PowerPotion"},{"floor":43,"key":"FearPotion"},{"floor":48,"key":"Energy Potion"}],"is_trial":false,"path_per_floor":["R","M","M","$","M","?","T","M","E","R","$","M","M","M","M","B",null,"R","M","M","M","$","R","T","E","M","M","M","E","?","?","M","B",null,"R","M","M","M","M","E","T","?","M","R","?","E","$","?","M","B",null],"character_chosen":"THE_DEFAULT","items_purchased":["dioMod:MudaMudaMuda","dioMod:Muda","dioMod:StreetSign","War Paint","HandDrill","Blood Vial","Omamori"],"campfire_rested":0,"item_purchase_floors":[4,4,4,22,47,47,47],"current_hp_per_floor":[75,75,75,73,75,75,75,75,82,82,82,80,82,82,73,43,82,82,82,82,69,60,60,60,67,76,85,65,56,56,56,57,43,87,87,78,67,73,87,83,83,86,87,87,87,77,80,87,54,57],"gold":449,"neow_bonus":"HUNDRED_GOLD","is_daily":false,"chose_seed":false,"campfire_upgraded":6,"win_rate":0.0,"timestamp":1609484086,"path_taken":["R","M","M","$","M","?","T","M","E","R","$","M","M","M","M","BOSS","R","M","M","M","$","R","T","E","M","M","M","E","?","?","M","BOSS","R","M","M","M","M","E","T","?","M","R","?","E","$","?","M","BOSS"],"items_purchased_type":["Card","Card","Card","Relic","Relic","Relic","Relic"],"build_version":"2020-12-22","purchased_purges":2,"victory":true,"max_hp_per_floor":[75,75,75,75,75,75,75,75,82,82,82,82,82,82,82,82,82,82,82,82,82,87,87,87,87,87,87,87,87,87,87,87,87,87,87,87,87,87,87,87,87,87,87,87,87,87,87,87,87,87],"card_choices":[{"not_picked":["dioMod:Roundabout","dioMod:Hiss"],"picked":"dioMod:Muda","floor":2},{"not_picked":["dioMod:WRYYY","dioMod:SecretPlan"],"picked":"dioMod:BloodShield","floor":3},{"not_picked":["dioMod:RoadRoller","dioMod:Donut"],"picked":"dioMod:DominatingPresence","floor":4},{"not_picked":["dioMod:StreetSign","dioMod:CautiousMuda"],"picked":"dioMod:DaggerToss","floor":5},{"not_picked":["dioMod:Hiss","dioMod:HeavyLifting","dioMod:StreetSign"],"picked":"SKIP","floor":8},{"not_picked":["dioMod:HeavyLifting","dioMod:DoubleTime"],"picked":"dioMod:WRYYY","floor":9},{"not_picked":["dioMod:GoodbyeJojo","dioMod:LaserVision","dioMod:StreetSign"],"picked":"SKIP","floor":11},{"not_picked":["dioMod:FlyAway","dioMod:WRYYY","dioMod:CautiousMuda"],"picked":"SKIP","floor":12},{"not_picked":["dioMod:BloodTransfusion","dioMod:BloodSplash"],"picked":"dioMod:DoubleTime","floor":13},{"not_picked":["dioMod:CautiousMuda","dioMod:StreetSign","dioMod:Donut"],"picked":"SKIP","floor":14},{"not_picked":["dioMod:ComposedMuda","dioMod:SlashThroughTime","dioMod:Minions"],"picked":"SKIP","floor":15},{"not_picked":["dioMod:ComposedMuda","dioMod:CutDeep"],"picked":"dioMod:Muda","floor":19},{"not_picked":["dioMod:TripleThreat+1","dioMod:Hiss","dioMod:StreetSign"],"picked":"SKIP","floor":20},{"not_picked":["dioMod:DaggerSpree","dioMod:WRYYY","dioMod:VengefulMuda+1"],"picked":"SKIP","floor":21},{"not_picked":["dioMod:Minions","dioMod:ComposedMuda","dioMod:RoadRoller"],"picked":"SKIP","floor":22},{"not_picked":["dioMod:HeavyLifting","dioMod:StreetSign+1"],"picked":"dioMod:Muda","floor":25},{"not_picked":["dioMod:Hiss","dioMod:CutDeep+1"],"picked":"dioMod:Muda","floor":26},{"not_picked":["dioMod:BloodTransfusion+1","dioMod:BloodSuck","dioMod:CoffinBath"],"picked":"SKIP","floor":27},{"not_picked":["dioMod:Hiss+1","dioMod:GoodbyeJojo","dioMod:SecretPlan+1"],"picked":"SKIP","floor":28},{"not_picked":["dioMod:DaggerToss","dioMod:CoffinBath"],"picked":"dioMod:MudaMudaMuda+1","floor":29},{"not_picked":["dioMod:BloodShield","dioMod:DaggerToss+1","dioMod:CautiousMuda"],"picked":"SKIP","floor":32},{"not_picked":["dioMod:DaggerToss+1","dioMod:CautiousMuda+1"],"picked":"dioMod:FlyAway+1","floor":36},{"not_picked":["dioMod:ComboFever","dioMod:TripleThreat","dioMod:SecretPlan+1"],"picked":"SKIP","floor":37},{"not_picked":["dioMod:SecretPlan","dioMod:DaggerToss","dioMod:HeavyLifting+1"],"picked":"SKIP","floor":38},{"not_picked":["dioMod:Donut+1","dioMod:WRYYY","dioMod:DarkRebirth+1"],"picked":"SKIP","floor":39},{"not_picked":["dioMod:SevenPageMuda","dioMod:SlashThroughTime","dioMod:VengefulMuda"],"picked":"SKIP","floor":40},{"not_picked":["dioMod:DisarmingVoice+1","dioMod:GoodbyeJojo","dioMod:SecretPlan"],"picked":"SKIP","floor":43},{"not_picked":["dioMod:TripleThreat+1","dioMod:HeavyLifting+1","dioMod:DominatingPresence"],"picked":"SKIP","floor":46},{"not_picked":["dioMod:Hiss","dioMod:BlendIn+1","dioMod:CoffinBath+1"],"picked":"SKIP","floor":47},{"not_picked":["dioMod:DaggerSpree+1","dioMod:BloodSplash"],"picked":"dioMod:Muda+1","floor":49}],"player_experience":192000,"relics_obtained":[{"floor":7,"key":"Regal Pillow"},{"floor":9,"key":"Strawberry"},{"floor":24,"key":"Frozen Egg 2"},{"floor":25,"key":"Bag of Marbles"},{"floor":29,"key":"Toy Ornithopter"},{"floor":40,"key":"InkBottle"},{"floor":40,"key":"Torii"},{"floor":42,"key":"CaptainsWheel"},{"floor":45,"key":"HornCleat"},{"floor":46,"key":"Happy Flower"},{"floor":46,"key":"Incense Burner"},{"floor":48,"key":"Calipers"}],"event_choices":[{"damage_healed":0,"gold_gain":0,"player_choice":"Fight","damage_taken":0,"max_hp_gain":0,"max_hp_loss":0,"event_name":"Mysterious Sphere","floor":48,"gold_loss":0}],"is_beta":false,"boss_relics":[{"not_picked":["Runic Pyramid","Tiny House"],"picked":"Coffee Dripper"},{"not_picked":["Runic Dome","Astrolabe"],"picked":"Black Star"}],"items_purged_floors":[11,47],"is_endless":false,"potions_floor_spawned":[8,12,13,14,15,16,25,26,28,33,36,39,43,48,49],"ascension_level":1}}