{"host":"2yqfi47fogfu1ic4","time":1609503384,"event":{"mods":["AchievementEnabler","BaseMod","Colored Map","Colored Powertips","Highlight Path","Minty Spire (QoL Compilation)","Permanent Neow","Relic Stats","StSLib"],"gold_per_floor":[111,127,177,188,50,83,83,95,176,193,227,241,303,314,314,388,388,398,413,413,95,20,20,33,33,33,60,80,112,112,141,141,217,217,237,162,162,62,72,72,103,103,103,134,134,149,149,24,24,24,24,24,24,24,57,57,57],"floor_reached":56,"playtime":8436,"items_purged":["Strike_G","Strike_G","Distraction"],"score":2246,"play_id":"807c6ead-2b95-4436-89e2-206edf704bca","local_time":"20210101131624","is_ascension_mode":true,"campfire_choices":[{"data":"Eviscerate","floor":7.0,"key":"SMITH"},{"data":"Prepared","floor":15.0,"key":"SMITH"},{"data":"Adrenaline","floor":23.0,"key":"SMITH"},{"data":"Concentrate","floor":25.0,"key":"SMITH"},{"data":"Eviscerate","floor":30.0,"key":"SMITH"},{"data":"Night Terror","floor":32.0,"key":"SMITH"},{"data":"Burst","floor":40.0,"key":"SMITH"},{"data":"Acrobatics","floor":42.0,"key":"SMITH"},{"floor":47.0,"key":"RECALL"},{"data":"Blur","floor":49.0,"key":"SMITH"},{"data":"Neutralize","floor":53.0,"key":"SMITH"}],"circlet_count":0,"master_deck":["AscendersBane","Defend_G+1","Defend_G","Defend_G","Defend_G","Defend_G","Survivor","Neutralize+1","Backflip","Skewer","Eviscerate+1","Blade Dance","Backstab","Dagger Spray","PiercingWail+1","Prepared+1","Footwork+1","Eviscerate+1","Footwork+1","Adrenaline+1","After Image+1","CurseOfTheBell","Concentrate+1","Flying Knee","Prepared+1","Blur+1","Backflip","Underhanded Strike","Night Terror+1","Burst+1","Acrobatics+1","Blur"],"relics":["Ring of the Snake","Thread and Needle","Tough Bandages","Frozen Egg 2","War Paint","Turnip","Calling Bell","Toy Ornithopter","Ninja Scroll","Ginger","DollysMirror","CaptainsWheel","Juzu Bracelet","Regal Pillow","Potion Belt","Runic Pyramid","Ancient Tea Set","Pen Nib","Snake Skull","Akabeko"],"acts_visited":["Exordium","TheCity","TheBeyond","TheEnding"],"potions_floor_usage":[55,55,55,56],"damage_taken":[{"damage":0.0,"enemies":"Jaw Worm","floor":1.0,"turns":5.0},{"damage":0.0,"enemies":"Cultist","floor":2.0,"turns":5.0},{"damage":0.0,"enemies":"Small Slimes","floor":4.0,"turns":4.0},{"damage":22.0,"enemies":"3 Sentries","floor":6.0,"turns":9.0},{"damage":0.0,"enemies":"2 Fungi Beasts","floor":8.0,"turns":3.0},{"damage":5.0,"enemies":"Exordium Thugs","floor":10.0,"turns":4.0},{"damage":1.0,"enemies":"Gremlin Nob","floor":11.0,"turns":3.0},{"damage":1.0,"enemies":"Large Slime","floor":12.0,"turns":6.0},{"damage":10.0,"enemies":"3 Sentries","floor":13.0,"turns":5.0},{"damage":0.0,"enemies":"Blue Slaver","floor":14.0,"turns":3.0},{"damage":5.0,"enemies":"The Guardian","floor":16.0,"turns":17.0},{"damage":0.0,"enemies":"Chosen","floor":18.0,"turns":3.0},{"damage":0.0,"enemies":"2 Thieves","floor":19.0,"turns":4.0},{"damage":0.0,"enemies":"3 Cultists","floor":24.0,"turns":4.0},{"damage":0.0,"enemies":"Book of Stabbing","floor":27.0,"turns":7.0},{"damage":0.0,"enemies":"Chosen and Byrds","floor":28.0,"turns":7.0},{"damage":0.0,"enemies":"Slavers","floor":29.0,"turns":5.0},{"damage":0.0,"enemies":"Gremlin Leader","floor":31.0,"turns":10.0},{"damage":7.0,"enemies":"Collector","floor":33.0,"turns":15.0},{"damage":0.0,"enemies":"3 Shapes","floor":35.0,"turns":7.0},{"damage":0.0,"enemies":"Orb Walker","floor":39.0,"turns":4.0},{"damage":2.0,"enemies":"Nemesis","floor":41.0,"turns":9.0},{"damage":0.0,"enemies":"Reptomancer","floor":44.0,"turns":10.0},{"damage":0.0,"enemies":"Maw","floor":46.0,"turns":9.0},{"damage":22.0,"enemies":"Awakened One","floor":50.0,"turns":27.0},{"damage":0.0,"enemies":"Donu and Deca","floor":51.0,"turns":20.0},{"damage":6,"enemies":"Shield and Spear","floor":55,"turns":6},{"damage":79,"enemies":"The Heart","floor":56,"turns":14}],"seed_played":"-602141493924724857","potions_obtained":[{"floor":6.0,"key":"SkillPotion"},{"floor":8.0,"key":"Fruit Juice"},{"floor":10.0,"key":"SteroidPotion"},{"floor":11.0,"key":"LiquidMemories"},{"floor":18.0,"key":"GamblersBrew"},{"floor":19.0,"key":"GamblersBrew"},{"floor":28.0,"key":"Explosive Potion"},{"floor":33.0,"key":"SkillPotion"},{"floor":39.0,"key":"Swift Potion"},{"floor":41.0,"key":"SkillPotion"},{"floor":46.0,"key":"Block Potion"}],"is_trial":false,"path_per_floor":["M","M","?","M","$","E","R","M","T","M","E","M","?","M","R","B",null,"M","M","?","$","?","R","M","R","T","E","M","E","R","E","R","B",null,"M","?","?","$","M","R","E","R","T","E","T","M","R","$","R","B","B",null,"R","$","E","B"],"character_chosen":"THE_SILENT","items_purchased":["Blade Dance","Backstab","DollysMirror","Blur"],"campfire_rested":0,"item_purchase_floors":[5,5,21,21],"current_hp_per_floor":[59,59,53,53,53,31,31,31,31,31,30,29,19,19,19,14,52,57,62,62,62,62,62,65,65,65,65,65,65,65,65,65,58,63,63,63,63,63,63,63,61,61,61,61,61,61,61,61,61,39,39,59,59,59,64,0,0],"gold":57,"neow_bonus":"ONE_RARE_RELIC","is_daily":false,"chose_seed":false,"campfire_upgraded":10,"win_rate":0.0,"timestamp":1609503384,"path_taken":["M","M","?","M","$","E","R","M","T","?","E","M","?","M","R","BOSS","M","M","?","?","?","R","?","R","T","E","M","E","R","E","R","BOSS","M","?","?","$","M","R","E","R","T","E","?","M","R","$","R","BOSS","BOSS","R","$","E","BOSS"],"items_purchased_type":["Card","Card","Relic","Card"],"build_version":"2020-12-22","purchased_purges":3,"victory":false,"max_hp_per_floor":[60,60,60,60,60,60,60,60,60,65,65,65,65,65,65,65,65,65,65,65,65,65,65,65,65,65,65,65,65,65,65,65,65,65,65,65,65,65,65,65,65,65,65,65,65,65,65,65,65,65,65,65,65,65,65,65,65],"relic_stats":{"Tough Bandages":[1296],"Regal Pillow":0,"counters":[28,225],"Turnip":[12],"Pen Nib":[22],"Snake Skull":[0],"Juzu Bracelet":1,"Ginger":[26],"War Paint":["PiercingWail","Defend_G"],"obtain_stats":[{"Potion Belt":31,"Regal Pillow":29,"Thread and Needle":0,"Pen Nib":44,"Snake Skull":45,"Juzu Bracelet":27,"Ginger":17,"Frozen Egg 2":9,"War Paint":11,"Ancient Tea Set":41,"Akabeko":55,"Calling Bell":17,"Tough Bandages":6,"CaptainsWheel":26,"Ninja Scroll":17,"DollysMirror":21,"Turnip":13,"Toy Ornithopter":17,"Ring of the Snake":0,"Runic Pyramid":34},{"Potion Belt":18,"Regal Pillow":17,"Thread and Needle":0,"Pen Nib":23,"Snake Skull":23,"Juzu Bracelet":15,"Ginger":11,"Frozen Egg 2":5,"War Paint":7,"Ancient Tea Set":22,"Akabeko":27,"Calling Bell":11,"Tough Bandages":4,"CaptainsWheel":14,"Ninja Scroll":11,"DollysMirror":13,"Turnip":9,"Toy Ornithopter":11,"Ring of the Snake":0,"Runic Pyramid":19},{"Potion Belt":104,"Regal Pillow":94,"Thread and Needle":0,"Pen Nib":149,"Snake Skull":149,"Juzu Bracelet":82,"Ginger":64,"Frozen Egg 2":26,"War Paint":33,"Ancient Tea Set":139,"Akabeko":211,"Calling Bell":64,"Tough Bandages":23,"CaptainsWheel":75,"Ninja Scroll":64,"DollysMirror":71,"Turnip":44,"Toy Ornithopter":64,"Ring of the Snake":0,"Runic Pyramid":119}],"Toy Ornithopter":29,"Ring of the Snake":[56]},"card_choices":[{"not_picked":["Cloak And Dagger","Sucker Punch"],"picked":"Backflip","floor":1.0},{"not_picked":["Well Laid Plans","Tactician"],"picked":"Skewer","floor":2.0},{"not_picked":["Cloak And Dagger","Heel Hook"],"picked":"Eviscerate","floor":4.0},{"not_picked":["Underhanded Strike","Expertise"],"picked":"Dagger Spray","floor":6.0},{"not_picked":["Dash","Infinite Blades"],"picked":"PiercingWail","floor":8.0},{"not_picked":["Flechettes","Choke"],"picked":"Prepared","floor":10.0},{"not_picked":["Slice","Caltrops+1"],"picked":"Footwork+1","floor":11.0},{"not_picked":["Blade Dance","Dodge and Roll"],"picked":"Eviscerate","floor":12.0},{"not_picked":["Slice","Outmaneuver"],"picked":"Footwork+1","floor":13.0},{"not_picked":["Backflip","Dodge and Roll"],"picked":"Adrenaline","floor":14.0},{"not_picked":["Doppelganger","Envenom+1"],"picked":"After Image+1","floor":16.0},{"not_picked":["Sucker Punch","Escape Plan"],"picked":"Well Laid Plans+1","floor":18.0},{"not_picked":["Outmaneuver+1","Skewer"],"picked":"Concentrate","floor":19.0},{"not_picked":["Deadly Poison","Deflect"],"picked":"Backflip","floor":24.0},{"not_picked":["Setup","Quick Slash","Accuracy+1"],"picked":"SKIP","floor":27.0},{"not_picked":["Outmaneuver","Cloak And Dagger"],"picked":"Underhanded Strike","floor":28.0},{"not_picked":["Expertise","Masterful Stab+1","Leg Sweep"],"picked":"SKIP","floor":29.0},{"not_picked":["Endless Agony","Cloak And Dagger"],"picked":"Night Terror","floor":31.0},{"not_picked":["Wraith Form v2+1","Doppelganger"],"picked":"Burst","floor":33.0},{"not_picked":["Slice","Bane","Backflip"],"picked":"SKIP","floor":35.0},{"not_picked":["Riddle With Holes","Outmaneuver+1","Flying Knee"],"picked":"SKIP","floor":39.0},{"not_picked":["Blade Dance","Deflect+1"],"picked":"Acrobatics","floor":41.0},{"not_picked":["Glass Knife","Backstab","Cloak And Dagger"],"picked":"SKIP","floor":44.0},{"not_picked":["Underhanded Strike","Bane","Deadly Poison"],"picked":"SKIP","floor":46.0},{"not_picked":["Deflect","Slice"],"picked":"Blur","floor":55}],"player_experience":1986435,"relics_obtained":[{"floor":6.0,"key":"Tough Bandages"},{"floor":9.0,"key":"Frozen Egg 2"},{"floor":11.0,"key":"War Paint"},{"floor":13.0,"key":"Turnip"},{"floor":17.0,"key":"Toy Ornithopter"},{"floor":17.0,"key":"Ninja Scroll"},{"floor":17.0,"key":"Ginger"},{"floor":26.0,"key":"CaptainsWheel"},{"floor":27.0,"key":"Juzu Bracelet"},{"floor":29.0,"key":"Regal Pillow"},{"floor":31.0,"key":"Potion Belt"},{"floor":41.0,"key":"Ancient Tea Set"},{"floor":44.0,"key":"Pen Nib"},{"floor":45.0,"key":"Snake Skull"},{"floor":55,"key":"Akabeko"}],"event_choices":[{"damage_healed":0.0,"max_hp_gain":0.0,"max_hp_loss":0.0,"gold_gain":50.0,"event_name":"FaceTrader","player_choice":"Touch","floor":3.0,"gold_loss":0.0,"damage_taken":6.0},{"damage_healed":0.0,"max_hp_gain":0.0,"max_hp_loss":0.0,"gold_gain":0.0,"event_name":"Dead Adventurer","player_choice":"Searched \u00271\u0027 times","floor":13.0,"gold_loss":0.0,"damage_taken":0.0},{"damage_healed":0.0,"max_hp_gain":0.0,"max_hp_loss":0.0,"gold_gain":0.0,"cards_transformed":["Strike_G","Strike_G"],"event_name":"Drug Dealer","player_choice":"Became Test Subject","floor":20.0,"gold_loss":0.0,"damage_taken":0.0,"cards_obtained":["Distraction","Flying Knee"]},{"cards_removed":["Strike_G"],"damage_healed":0.0,"max_hp_gain":0.0,"max_hp_loss":0.0,"gold_gain":0.0,"event_name":"Beggar","player_choice":"Gave Gold","floor":22.0,"gold_loss":75.0,"damage_taken":0.0},{"cards_removed":["Well Laid Plans"],"damage_healed":0.0,"max_hp_gain":0.0,"max_hp_loss":0.0,"gold_gain":0.0,"event_name":"Designer","player_choice":"Single Remove","floor":36.0,"gold_loss":75.0,"damage_taken":0.0},{"damage_healed":0.0,"max_hp_gain":0.0,"max_hp_loss":0.0,"gold_gain":0.0,"event_name":"SecretPortal","player_choice":"Ignored","floor":37.0,"gold_loss":0.0,"damage_taken":0.0}],"is_beta":false,"boss_relics":[{"not_picked":["Ring of the Serpent","Tiny House"],"picked":"Calling Bell"},{"not_picked":["Philosopher\u0027s Stone","SacredBark"],"picked":"Runic Pyramid"}],"items_purged_floors":[21,38,48],"is_endless":false,"potions_floor_spawned":[6,8,10,11,18,19,28,33,39,41,46],"killed_by":"The Heart","ascension_level":20}}