{"host":"d9m9v0h6vo0edadb","time":1609498770,"event":{"mods":["BaseMod","Hermit","Keyboard Shortcuts","Minty Spire (QoL Compilation)","StSLib","SuperFastMode","The Cursed"],"gold_per_floor":[118,129,142,160,171,171,171,182,182,67,394,394,426,444,444,515,515,528,320,336,134,144,144,177,177,177,177,193,193,218,218,218,218,218],"floor_reached":33,"playtime":931,"items_purged":["Strike_G","Strike_G","Strike_G"],"score":644,"play_id":"c154a07f-3bbf-4318-85c0-530280fefbc2","local_time":"20210101195930","is_ascension_mode":true,"campfire_choices":[{"data":"Crippling Poison","floor":6.0,"key":"SMITH"},{"data":"Setup","floor":12.0,"key":"SMITH"},{"floor":15.0,"key":"REST"},{"floor":23,"key":"REST"},{"data":"After Image","floor":27,"key":"SMITH"},{"data":"Catalyst","floor":29,"key":"SMITH"},{"floor":32,"key":"REST"}],"circlet_count":0,"master_deck":["AscendersBane","Defend_G","Defend_G","Defend_G","Survivor","Neutralize","Predator","Escape Plan","Poisoned Stab","Crippling Poison+1","Terror","Deadly Poison","Setup+1","Reflex","Catalyst+1","After Image+1","Finesse","Well Laid Plans","Eviscerate","Blur","Footwork"],"relics":["Ring of the Snake","Blue Candle","Old Coin","Unceasing Top","Sozu","Kunai","Mummified Hand","FossilizedHelix"],"acts_visited":["Exordium","TheCity"],"potions_floor_usage":[24],"damage_taken":[{"damage":1.0,"enemies":"Small Slimes","floor":1.0,"turns":3.0},{"damage":11.0,"enemies":"Cultist","floor":2.0,"turns":5.0},{"damage":0.0,"enemies":"2 Louse","floor":3.0,"turns":2.0},{"damage":10.0,"enemies":"Exordium Wildlife","floor":4.0,"turns":6.0},{"damage":7.0,"enemies":"Blue Slaver","floor":5.0,"turns":5.0},{"damage":0.0,"enemies":"2 Fungi Beasts","floor":8.0,"turns":4.0},{"damage":17.0,"enemies":"Lagavulin","floor":11.0,"turns":5.0},{"damage":11.0,"enemies":"3 Sentries","floor":13.0,"turns":5.0},{"damage":14.0,"enemies":"Lots of Slimes","floor":14.0,"turns":4.0},{"damage":15.0,"enemies":"The Guardian","floor":16.0,"turns":9.0},{"damage":8.0,"enemies":"Spheric Guardian","floor":18.0,"turns":5.0},{"damage":6.0,"enemies":"Chosen","floor":20.0,"turns":4.0},{"damage":13,"enemies":"Snecko","floor":22,"turns":6},{"damage":0,"enemies":"Gremlin Leader","floor":24,"turns":7},{"damage":21,"enemies":"Cultist and Chosen","floor":28,"turns":6},{"damage":13,"enemies":"Book of Stabbing","floor":30,"turns":5},{"damage":57,"enemies":"Champ","floor":33,"turns":14}],"seed_played":"-4449149167157893565","potions_obtained":[{"floor":1.0,"key":"PowerPotion"},{"floor":8.0,"key":"Regen Potion"},{"floor":13.0,"key":"Dexterity Potion"},{"floor":14.0,"key":"FearPotion"},{"floor":16.0,"key":"PowerPotion"}],"is_trial":false,"path_per_floor":["M","M","M","M","M","R","?","M","T","$","E","R","E","M","R","B",null,"M","$","M","$","M","R","E","?","T","R","M","R","E","$","R","B"],"character_chosen":"THE_SILENT","items_purchased":["Catalyst","Finesse","Well Laid Plans"],"campfire_rested":3,"item_purchase_floors":[10,19,21],"current_hp_per_floor":[58,47,47,37,30,30,30,30,30,30,28,28,17,3,22,7,51,43,43,37,37,24,43,43,43,43,43,22,22,9,9,28,0,0],"gold":218,"neow_bonus":"TRANSFORM_CARD","is_daily":false,"chose_seed":false,"campfire_upgraded":4,"win_rate":0.0,"timestamp":1609498770,"path_taken":["M","M","M","M","M","R","?","M","T","$","E","R","E","M","R","BOSS","M","$","M","?","M","R","E","?","T","R","M","R","E","?","R","BOSS"],"items_purchased_type":["Card","Card","Card"],"build_version":"2020-12-22","purchased_purges":3,"victory":false,"max_hp_per_floor":[66,66,66,66,66,66,66,66,66,66,66,66,66,66,66,66,66,66,66,66,66,66,66,66,66,66,66,66,66,66,66,66,66,66],"card_choices":[{"not_picked":["Caltrops","Dodge and Roll"],"picked":"Escape Plan","floor":1.0},{"not_picked":["Caltrops","Outmaneuver"],"picked":"Poisoned Stab","floor":2.0},{"not_picked":["Concentrate","Acrobatics"],"picked":"Crippling Poison","floor":3.0},{"not_picked":["Backstab","Underhanded Strike"],"picked":"Terror","floor":4.0},{"not_picked":["All Out Attack","Quick Slash"],"picked":"Deadly Poison","floor":5.0},{"not_picked":["Phantasmal Killer","Dodge and Roll"],"picked":"Reflex","floor":8.0},{"not_picked":["Skewer","Underhanded Strike","Flying Knee"],"picked":"SKIP","floor":11.0},{"not_picked":["Masterful Stab","Reflex","Quick Slash"],"picked":"SKIP","floor":13.0},{"not_picked":["Sucker Punch","Backflip","Dagger Spray"],"picked":"SKIP","floor":14.0},{"not_picked":["A Thousand Cuts","Tools of the Trade"],"picked":"After Image","floor":16.0},{"not_picked":["Blade Dance","Dodge and Roll","Deflect"],"picked":"SKIP","floor":18.0},{"not_picked":["Outmaneuver","Blur","Bane"],"picked":"SKIP","floor":20.0},{"not_picked":["Poisoned Stab","Dodge and Roll+1","Quick Slash"],"picked":"SKIP","floor":22},{"not_picked":["Outmaneuver","Dagger Throw","Sucker Punch"],"picked":"SKIP","floor":24},{"not_picked":["Deflect","Accuracy","Eviscerate"],"picked":"SKIP","floor":28},{"not_picked":["Deadly Poison","Blade Dance"],"picked":"Footwork","floor":30}],"player_experience":945718,"relics_obtained":[{"floor":9.0,"key":"Blue Candle"},{"floor":11.0,"key":"Old Coin"},{"floor":13.0,"key":"Unceasing Top"},{"floor":24,"key":"Kunai"},{"floor":26,"key":"Mummified Hand"},{"floor":30,"key":"FossilizedHelix"}],"event_choices":[{"damage_healed":0.0,"max_hp_gain":0.0,"max_hp_loss":0.0,"gold_gain":0.0,"cards_transformed":["Strike_G"],"event_name":"Transmorgrifier","player_choice":"Transformed","floor":7.0,"gold_loss":0.0,"damage_taken":0.0,"cards_obtained":["Setup"]},{"damage_healed":0,"gold_gain":0,"cards_transformed":["Defend_G","Defend_G"],"player_choice":"Became Test Subject","damage_taken":0,"max_hp_gain":0,"max_hp_loss":0,"event_name":"Drug Dealer","floor":25,"gold_loss":0,"cards_obtained":["Eviscerate","Blur"]}],"is_beta":false,"boss_relics":[{"not_picked":["Ectoplasm","WristBlade"],"picked":"Sozu"}],"items_purged_floors":[10,19,21],"is_endless":false,"potions_floor_spawned":[1,8,13,14,16,18,22,30],"killed_by":"Champ","ascension_level":20}}