{"host":"4kgga43fr9t628g1","time":1609460688,"event":{"mods":["Act Like it!","BaseMod","Downfall","Minty Spire (QoL Compilation)","StSLib"],"gold_per_floor":[99,116,116,179,54,54,78,91,121,151,151,36,36,53,63,162,162,162,162,162,162,162,162,162,162,162,22,22,22,22,22,22,22,22,22,22,7,7,7,7,7,7,7,7,7,7,7,7,7,7,7,7],"floor_reached":50,"playtime":4321,"items_purged":["hexamod:Strike","hexamod:Defend","hexamod:Strike"],"score":535,"play_id":"7261020d-14f5-4805-8d8c-f21c67704ad1","local_time":"20201231162448","is_ascension_mode":false,"campfire_choices":[{"data":"hexamod:Sear","floor":1,"key":"SMITH"},{"data":"hexamod:EmpoweredFlame","floor":13,"key":"SMITH"},{"data":"hexamod:DynamicBlow","floor":18,"key":"SMITH"},{"floor":30,"key":"REST"},{"floor":35,"key":"RECALL"},{"data":"hexamod:HeatShield","floor":40,"key":"SMITH"}],"circlet_count":0,"master_deck":["hexamod:Defend+1","hexamod:Defend+1","hexamod:Sear+1","hexamod:Float","hexamod:SpectersWail+1","hexamod:FirstSeal","hexamod:NightmareStrike","hexamod:EmpoweredFlame+1","hexamod:RecurringNightmare+1","hexamod:ExtraCrispy+1","hexamod:BurningTouch","hexamod:DynamicBlow+1","hexamod:CrushingStance+1","hexamod:NightmareStrike+1","hexamod:ShieldOfDarkness","hexamod:HeatShield+1","hexamod:FourthSeal","hexamod:InspiringFlames+1","hexamod:NightmareGuise+1","hexamod:ChargedBarrage+1","CurseOfTheBell","hexamod:EmpoweredFlame+1","hexamod:HexaLevel+1"],"relics":["hexamod:SpiritBrand","MealTicket","Darkstone Periapt","PreservedInsect","Odd Mushroom","Pocketwatch","downfall:Hecktoplasm","Toy Ornithopter","Art of War","Calling Bell","Regal Pillow","The Courier","Incense Burner","White Beast Statue","Pear"],"acts_visited":["Exordium","TheCity","TheBeyond"],"potions_floor_usage":[16,23,25,33,33,43,43,43,45,46,46,49,50,50],"damage_taken":[{"damage":0,"enemies":"Small Slimes","floor":2,"turns":6},{"damage":36,"enemies":"Lagavulin Event","floor":4,"turns":7},{"damage":0,"enemies":"downfall:FleeingMerchant","floor":5,"turns":4},{"damage":0,"enemies":"Jaw Worm","floor":8,"turns":3},{"damage":11,"enemies":"The Mushroom Lair","floor":9,"turns":4},{"damage":20,"enemies":"Lagavulin","floor":10,"turns":6},{"damage":10,"enemies":"downfall:FleeingMerchant","floor":12,"turns":4},{"damage":7,"enemies":"2 Louse","floor":14,"turns":3},{"damage":2,"enemies":"Exordium Wildlife","floor":15,"turns":4},{"damage":45,"enemies":"downfall:Silent","floor":16,"turns":7},{"damage":0,"enemies":"Chosen","floor":19,"turns":1},{"damage":8,"enemies":"Centurion and Healer","floor":21,"turns":6},{"damage":47,"enemies":"Slavers","floor":23,"turns":5},{"damage":11,"enemies":"Snake Plant","floor":25,"turns":3},{"damage":4,"enemies":"downfall:FleeingMerchant","floor":27,"turns":4},{"damage":6,"enemies":"3 Cultists","floor":29,"turns":5},{"damage":2,"enemies":"Shelled Parasite and Fungi","floor":31,"turns":4},{"damage":20,"enemies":"Centurion and Healer","floor":32,"turns":7},{"damage":38,"enemies":"downfall:Watcher","floor":33,"turns":10},{"damage":6,"enemies":"3 Shapes","floor":36,"turns":7},{"damage":0,"enemies":"downfall:FleeingMerchant","floor":37,"turns":4},{"damage":3,"enemies":"Orb Walker","floor":38,"turns":3},{"damage":30,"enemies":"downfall:FleeingMerchant","floor":42,"turns":3},{"damage":13,"enemies":"Jaw Worm Horde","floor":43,"turns":6},{"damage":28,"enemies":"3 Darklings","floor":45,"turns":8},{"damage":12,"enemies":"4 Shapes","floor":46,"turns":6},{"damage":34,"enemies":"Jaw Worm Horde","floor":49,"turns":6},{"damage":110,"enemies":"downfall:Defect","floor":50,"turns":10}],"seed_played":"-4695534904304658731","potions_obtained":[{"floor":4,"key":"Weak Potion"},{"floor":8,"key":"Strength Potion"},{"floor":10,"key":"SmokeBomb"},{"floor":16,"key":"Explosive Potion"},{"floor":21,"key":"hexamod:InfernoChargePotion"},{"floor":29,"key":"AttackPotion"},{"floor":31,"key":"Block Potion"},{"floor":32,"key":"Ancient Potion"},{"floor":33,"key":"Guardian:BlockOnCardUsePotion"},{"floor":33,"key":"CultistPotion"},{"floor":36,"key":"FairyPotion"},{"floor":42,"key":"Dexterity Potion"},{"floor":43,"key":"Fruit Juice"},{"floor":43,"key":"Weak Potion"},{"floor":45,"key":"Strength Potion"},{"floor":45,"key":"PowerPotion"},{"floor":46,"key":"DuplicationPotion"},{"floor":46,"key":"Weak Potion"},{"floor":49,"key":"hexamod:EctoCoolerPotion"}],"is_trial":false,"path_per_floor":["R","M","?","?","$","?","T","M","?","E","?","$","R","M","M","B",null,"R","M","?","M","?","E","T","M","?","$","?","M","R","M","M","B",null,"R","M","$","M","?","R","T","$","M","?","M","M","?","?","M","B"],"character_chosen":"THE_SPIRIT","items_purchased":["hexamod:EmpoweredFlame"],"campfire_rested":1,"item_purchase_floors":[5],"current_hp_per_floor":[77,77,74,38,60,60,60,60,56,43,43,55,55,55,60,22,77,77,77,63,62,62,22,22,23,23,34,34,28,51,56,43,22,83,83,83,83,83,83,83,83,60,74,74,51,56,66,58,36,0,0,0],"gold":7,"neow_bonus":"TEN_PERCENT_HP_BONUS","is_daily":false,"chose_seed":false,"campfire_upgraded":4,"win_rate":0.0,"timestamp":1609460688,"path_taken":["R","M","?","?","$","?","T","?","?","E","?","$","R","M","M","BOSS","R","M","?","M","?","E","T","?","?","$","?","M","R","M","M","BOSS","R","M","$","M","?","R","T","$","M","?","M","?","?","?","M","BOSS"],"items_purchased_type":["Card"],"build_version":"2020-12-22","purchased_purges":3,"victory":false,"max_hp_per_floor":[77,77,77,77,77,77,77,77,77,77,77,77,77,77,77,77,77,77,77,77,77,77,77,77,77,77,77,77,77,77,77,77,77,83,83,83,83,83,83,83,83,83,88,88,88,88,98,98,98,98,98,98],"card_choices":[{"not_picked":["hexamod:SwordOfDarkness","hexamod:NightmareGuise"],"picked":"hexamod:SpectersWail","floor":2},{"not_picked":["hexamod:ThermalTransfer","hexamod:ThirdSeal"],"picked":"hexamod:FirstSeal","floor":4},{"not_picked":["hexamod:HeatCrush","hexamod:AdvancingGuard"],"picked":"hexamod:NightmareStrike","floor":5},{"not_picked":["hexamod:GhostShield","hexamod:AdvancingGuard"],"picked":"hexamod:RecurringNightmare","floor":8},{"not_picked":["hexamod:ShieldOfDarkness","hexamod:RetreatToShadows"],"picked":"hexamod:ExtraCrispy","floor":10},{"not_picked":["hexamod:FastForward","hexamod:EtherealExpedition"],"picked":"hexamod:BurningTouch","floor":12},{"not_picked":["hexamod:EtherealExpedition","hexamod:HeatShield"],"picked":"hexamod:DynamicBlow","floor":14},{"not_picked":["hexamod:EtherealExpedition","hexamod:GhostflameBarrier","hexamod:RainOfEmbers"],"picked":"SKIP","floor":15},{"not_picked":["hexamod:TimeWarp","hexamod:GhostflameInferno"],"picked":"hexamod:CrushingStance","floor":16},{"not_picked":["hexamod:FastForward","hexamod:RainOfEmbers+1"],"picked":"hexamod:NightmareStrike+1","floor":19},{"not_picked":["hexamod:HauntingEcho","hexamod:BacktrackSmack"],"picked":"hexamod:ShieldOfDarkness","floor":21},{"not_picked":["hexamod:RecurringNightmare","hexamod:Again","hexamod:BacktrackSmack"],"picked":"SKIP","floor":23},{"not_picked":["hexamod:StepThrough","hexamod:Rewind"],"picked":"hexamod:HeatShield","floor":25},{"not_picked":["hexamod:HeatMetal","hexamod:RainOfEmbers"],"picked":"hexamod:InspiringFlames+1","floor":27},{"not_picked":["hexamod:SecondSeal","hexamod:UnleashSpirits"],"picked":"hexamod:NightmareGuise+1","floor":29},{"not_picked":["hexamod:PhantomFireball+1","hexamod:NightmareStrike+1","hexamod:AdvancingGuard"],"picked":"SKIP","floor":31},{"not_picked":["hexamod:NightmareGuise","hexamod:CatchUp"],"picked":"hexamod:ChargedBarrage+1","floor":32},{"not_picked":["hexamod:TimeWarp","hexamod:FifthSeal"],"picked":"hexamod:SixthSeal","floor":33},{"not_picked":["hexamod:FirstSeal","hexamod:InspiringFlames","hexamod:GhostOfSpirePresent+1"],"picked":"SKIP","floor":36},{"not_picked":["hexamod:Hexaguard","hexamod:AdvancingGuard","hexamod:ShieldOfDarkness"],"picked":"SKIP","floor":37},{"not_picked":["hexamod:ThermalTransfer","hexamod:CatchUp","hexamod:SwordOfDarkness+1"],"picked":"SKIP","floor":38},{"not_picked":["hexamod:SpectersWail+1","hexamod:Firestarter+1"],"picked":"hexamod:EmpoweredFlame+1","floor":42},{"not_picked":["hexamod:RainOfEmbers+1","hexamod:GhostShield+1"],"picked":"hexamod:HexaLevel","floor":43},{"not_picked":["hexamod:AdvancingGuard+1","hexamod:SwordOfDarkness+1","hexamod:Again+1"],"picked":"SKIP","floor":45},{"not_picked":["hexamod:NightmareGuise","hexamod:ShieldOfDarkness","hexamod:BurningTouch"],"picked":"SKIP","floor":46},{"not_picked":["hexamod:UnleashSpirits","hexamod:ShieldOfDarkness","hexamod:ThirdSeal"],"picked":"SKIP","floor":49}],"player_experience":834291,"relics_obtained":[{"floor":4,"key":"Darkstone Periapt"},{"floor":7,"key":"PreservedInsect"},{"floor":9,"key":"Odd Mushroom"},{"floor":10,"key":"Pocketwatch"},{"floor":23,"key":"Toy Ornithopter"},{"floor":24,"key":"Art of War"},{"floor":34,"key":"Regal Pillow"},{"floor":34,"key":"The Courier"},{"floor":34,"key":"Incense Burner"},{"floor":41,"key":"White Beast Statue"},{"floor":47,"key":"Pear"}],"event_choices":[{"damage_healed":0,"gold_gain":0,"player_choice":"Success","damage_taken":3,"relics_obtained":["MealTicket"],"max_hp_gain":0,"max_hp_loss":0,"event_name":"Scrap Ooze","floor":3,"gold_loss":0},{"damage_healed":0,"gold_gain":0,"player_choice":"Fought Mushrooms","damage_taken":0,"max_hp_gain":0,"max_hp_loss":0,"event_name":"Mushrooms","floor":9,"gold_loss":0},{"cards_removed":["hexamod:Defend"],"damage_healed":0,"gold_gain":0,"player_choice":"Purged","damage_taken":0,"max_hp_gain":0,"max_hp_loss":0,"event_name":"Purifier","floor":22,"gold_loss":0},{"cards_removed":["hexamod:Strike"],"damage_healed":0,"gold_gain":0,"player_choice":"Elegance","damage_taken":0,"max_hp_gain":0,"max_hp_loss":0,"event_name":"Back to Basics","floor":28,"gold_loss":0},{"damage_healed":0,"gold_gain":0,"player_choice":"Upgraded","damage_taken":0,"max_hp_gain":0,"max_hp_loss":0,"event_name":"Upgrade Shrine","floor":44,"gold_loss":0,"cards_upgraded":["hexamod:HexaLevel"]}],"is_beta":false,"boss_relics":[{"not_picked":["Fusion Hammer","Tiny House"],"picked":"downfall:Hecktoplasm"},{"not_picked":["Astrolabe","Snecko Eye"],"picked":"Calling Bell"}],"items_purged_floors":[5,12,27],"is_endless":false,"potions_floor_spawned":[4,8,10,16,21,29,31,32,33,42,43,45,46,49],"killed_by":"downfall:Defect","ascension_level":0}}