{"host":"s0ikvqhe10eopvjn","time":1609514121,"event":{"mods":["Act Like it!","Bard","BaseMod","Better Third Choice","Block Reminder","Colored Map","Colored Powertips","DeckTracker","Downfall","GifTheSpireLib","Halation","Hallownest","Hermit","Highlight Path","Hubris","Infinite Spire","Mad Scientist","Minty Spire (QoL Compilation)","Permanent Neow","Random Character Button","Replay The Spire","StSLib","The Blackbeard","The Blue Laboratory","The Bug Knight","The Construct","The Cursed","The Disciple","The Hierophant","The Marked","The Mystic","The Necromancer","The Poker Player","The Runesmith","The Servant 0.9.4"],"gold_per_floor":[10,20,40,40,64,64,75,75,75,75,75,75,90,90,109,129,129,229,229,245,262,7,107,120,120,136,136,185,203,203,203,217,217,217,217,217],"floor_reached":35,"playtime":1811,"items_purged":[],"score":251,"play_id":"5da6ce72-12e6-4c0d-937c-e254840eb631","local_time":"20210101151521","is_ascension_mode":false,"campfire_choices":[{"data":"hermit:Grudge","floor":6,"key":"SMITH"},{"data":"hermit:HighNoon","floor":8,"key":"SMITH"},{"floor":12,"key":"DIG"},{"data":"hermit:GoldenBullet","floor":14,"key":"SMITH"},{"floor":17,"key":"REST"},{"floor":25,"key":"REST"},{"floor":27,"key":"REST"},{"floor":31,"key":"REST"},{"floor":34,"key":"DIG"}],"circlet_count":0,"master_deck":["hermit:Strike_Hermit","hermit:Strike_Hermit","hermit:Strike_Hermit","hermit:Strike_Hermit","hermit:Defend_Hermit","hermit:Defend_Hermit","hermit:Defend_Hermit","hermit:Defend_Hermit","hermit:Snapshot","hermit:Covet","hermit:FlashPowder","hermit:Coalescence","hermit:Grudge+1","Parasite","Voices","infinitespire:FutureSight","hermit:HighNoon+1","hermit:GoldenBullet+1","hermit:TakeAim","hermit:Ricochet","hermit:Reprieve","hermit:Enervate","hermit:Determination+1","hermit:Quickdraw+1","hermit:CalledShot","infinitespire:Starlight"],"relics":["hermit:Momento","hubris:CuriousFeather","Simple Rune","Replay:Multitool","hubris:Zylophone","halation:Risk","Iron Hammer","halation:AfternoonTea","halation:RedSoulGem","ReplayTheSpireMod:Ninjato","hubris:TenFootPole"],"acts_visited":["Exordium","TheCity"],"potions_floor_usage":[7,26,35],"damage_taken":[{"damage":5,"enemies":"Jaw Worm","floor":1,"turns":5},{"damage":0,"enemies":"Cultist","floor":2,"turns":3},{"damage":0,"enemies":"Small Slimes","floor":3,"turns":4},{"damage":5,"enemies":"Looter","floor":7,"turns":3},{"damage":7,"enemies":"Large Slime","floor":13,"turns":6},{"damage":6,"enemies":"Exordium Wildlife","floor":15,"turns":2},{"damage":3,"enemies":"Gremlin Gang","floor":16,"turns":3},{"damage":30,"enemies":"Fading Forest","floor":18,"turns":11},{"damage":20,"enemies":"2 Thieves","floor":20,"turns":2},{"damage":30,"enemies":"Shell Parasite","floor":21,"turns":3},{"damage":21,"enemies":"Snake Plant","floor":24,"turns":4},{"damage":3,"enemies":"Shelled Parasite and Fungi","floor":26,"turns":2},{"damage":10,"enemies":"Centurion and Healer","floor":29,"turns":4},{"damage":23,"enemies":"Cultist and Chosen","floor":32,"turns":5},{"damage":63,"enemies":"Automaton","floor":35,"turns":8}],"seed_played":"-7027772180410331237","potions_obtained":[{"floor":1,"key":"blueLaboratory:HummingbirdPotion"},{"floor":3,"key":"blueLaboratory:Moonshine"},{"floor":15,"key":"blueLaboratory:TrueEctoplasm"},{"floor":16,"key":"blueLaboratory:RememoryPotion"},{"floor":20,"key":"Block Potion"},{"floor":32,"key":"Dexterity Potion"}],"is_trial":false,"path_per_floor":["M","M","M","?","T","R","M","R","T","PTL","PTL","R","M","R","M","M","R","B",null,"M","M","$","?","M","R","M","R","T","M","?","R","M","AVR","R_BF","B"],"character_chosen":"HERMIT","items_purchased":["Iron Hammer"],"campfire_rested":4,"item_purchase_floors":[22],"current_hp_per_floor":[70,70,70,70,70,70,65,65,65,65,65,65,58,58,52,49,71,41,75,55,25,25,25,8,30,27,49,49,39,39,61,52,52,52,0,0],"gold":217,"neow_bonus":"ONE_RARE_RELIC","is_daily":false,"chose_seed":false,"campfire_upgraded":3,"win_rate":0.0,"timestamp":1609514121,"path_taken":["M","M","M","?","?","R","M","R","T","PTL","PTL","R","M","R","M","?","R","BOSS","M","M","$","?","?","R","M","R","T","M","?","R","M","AVR","R_BF","BOSS"],"items_purchased_type":["Relic"],"build_version":"2020-12-22","purchased_purges":0,"victory":false,"max_hp_per_floor":[75,75,75,75,75,75,75,75,75,75,75,75,75,75,75,75,75,75,75,75,75,75,75,75,75,75,75,75,75,75,75,75,75,75,75,75],"card_choices":[{"not_picked":["hermit:Vantage","hermit:Headshot"],"picked":"hermit:FlashPowder","floor":1},{"not_picked":["hermit:Dive","hermit:Misfire"],"picked":"hermit:Coalescence","floor":2},{"not_picked":["hermit:Roulette","hermit:WideOpen"],"picked":"hermit:Grudge","floor":3},{"not_picked":["hubris:Rewind","ReplayTheSpireMod:Echoes of Time"],"picked":"infinitespire:FutureSight","floor":4},{"not_picked":["hermit:Combo","hermit:ShadowCloak"],"picked":"hermit:HighNoon","floor":7},{"not_picked":["hermit:LowProfile","hermit:Cheat"],"picked":"hermit:GoldenBullet","floor":13},{"not_picked":["hermit:Coalescence","hermit:LowProfile"],"picked":"hermit:TakeAim","floor":15},{"not_picked":["hermit:GoldenBullet","hermit:SprayPray"],"picked":"hermit:Ricochet","floor":16},{"not_picked":["hermit:FromBeyond","hermit:FinalCanter"],"picked":"hermit:Reprieve","floor":18},{"not_picked":["hermit:HighCaliber","hermit:BodyArmor"],"picked":"hermit:Enervate","floor":20},{"not_picked":["hermit:TrackingShot","hermit:WideOpen+1"],"picked":"hermit:Determination+1","floor":21},{"not_picked":["hermit:Snipe","hermit:TrackingShot","hermit:LowProfile"],"picked":"SKIP","floor":24},{"not_picked":["hermit:LowProfile","hermit:Dive"],"picked":"hermit:Quickdraw+1","floor":26},{"not_picked":["hermit:EyeOfTheStorm+1","hermit:Ricochet","hermit:LowProfile"],"picked":"SKIP","floor":29},{"not_picked":["hermit:HighCaliber","hermit:Adapt"],"picked":"hermit:CalledShot","floor":32}],"player_experience":111384,"relics_obtained":[{"floor":5,"key":"Simple Rune"},{"floor":9,"key":"Replay:Multitool"},{"floor":12,"key":"hubris:Zylophone"},{"floor":28,"key":"halation:AfternoonTea"},{"floor":34,"key":"hubris:TenFootPole"}],"event_choices":[{"damage_healed":0,"gold_gain":100,"player_choice":"Pray","damage_taken":0,"max_hp_gain":0,"max_hp_loss":0,"event_name":"Golden Shrine","floor":23,"gold_loss":0}],"is_beta":false,"boss_relics":[{"not_picked":["halation:LoveArrow","halation:PinkAlligatorPlush"],"picked":"halation:Risk"}],"items_purged_floors":[],"is_endless":false,"potions_floor_spawned":[1,3,15,16,20,21,29,32],"killed_by":"Automaton","ascension_level":0}}