{"host":"9n6i2vl93jt4o42q","time":1609543287,"event":{"mods":["BaseMod","Minty Spire (QoL Compilation)","Relic Stats"],"gold_per_floor":[212,36,86,100,111,111,141,141,141,154,154,165,165,182,182,182,182],"floor_reached":16,"playtime":730,"items_purged":[],"score":204,"play_id":"08ab5852-f989-49a5-8578-19fb833275d4","local_time":"20210102002127","is_ascension_mode":true,"campfire_choices":[{"data":"Glass Knife","floor":6.0,"key":"SMITH"},{"data":"Terror","floor":8.0,"key":"SMITH"},{"floor":11.0,"key":"REST"},{"data":"Caltrops","floor":13.0,"key":"SMITH"},{"data":"Neutralize","floor":15.0,"key":"SMITH"}],"circlet_count":0,"master_deck":["AscendersBane","Strike_G","Strike_G","Strike_G","Strike_G","Strike_G","Defend_G","Defend_G","Defend_G","Defend_G","Defend_G","Survivor","Neutralize+1","Terror+1","Glass Knife+1","Deflect","Skewer","All Out Attack","PiercingWail","Caltrops+1"],"relics":["Ring of the Snake","Tingsha","Singing Bowl"],"acts_visited":["Exordium"],"potions_floor_usage":[16],"damage_taken":[{"damage":1.0,"enemies":"Small Slimes","floor":1.0,"turns":5.0},{"damage":0.0,"enemies":"Cultist","floor":4.0,"turns":2.0},{"damage":0.0,"enemies":"Jaw Worm","floor":5.0,"turns":2.0},{"damage":28.0,"enemies":"Lagavulin","floor":7.0,"turns":5.0},{"damage":14.0,"enemies":"Exordium Thugs","floor":10.0,"turns":3.0},{"damage":7.0,"enemies":"Large Slime","floor":12.0,"turns":3.0},{"damage":0.0,"enemies":"Gremlin Gang","floor":14.0,"turns":2.0},{"damage":34,"enemies":"Hexaghost","floor":16,"turns":9}],"seed_played":"-65122778677137696","potions_obtained":[{"floor":1.0,"key":"CunningPotion"},{"floor":7.0,"key":"Ancient Potion"},{"floor":14.0,"key":"SneckoOil"}],"is_trial":false,"path_per_floor":["M","$","?","M","M","R","E","R","T","M","R","M","R","M","R","B"],"character_chosen":"THE_SILENT","items_purchased":["Glass Knife"],"campfire_rested":1,"item_purchase_floors":[2],"current_hp_per_floor":[58,58,58,58,58,58,30,30,30,16,35,28,28,30,30,0,0],"gold":182,"neow_bonus":"HUNDRED_GOLD","is_daily":false,"chose_seed":false,"campfire_upgraded":4,"win_rate":0.0,"timestamp":1609543287,"path_taken":["M","$","?","M","M","R","E","R","T","M","R","M","R","M","R","BOSS"],"items_purchased_type":["Card"],"build_version":"2020-12-22","purchased_purges":0,"victory":false,"max_hp_per_floor":[66,66,66,66,66,66,66,66,66,66,66,66,66,68,68,68,68],"relic_stats":{"Singing Bowl":2,"counters":[8,31],"Tingsha":[21],"obtain_stats":[{"Singing Bowl":9,"Tingsha":7,"Ring of the Snake":0},{"Singing Bowl":4,"Tingsha":4,"Ring of the Snake":0},{"Singing Bowl":14,"Tingsha":14,"Ring of the Snake":0}],"Ring of the Snake":[16]},"card_choices":[{"not_picked":["Expertise","Prepared"],"picked":"Terror","floor":1.0},{"not_picked":["Bane","Calculated Gamble"],"picked":"Deflect","floor":4.0},{"not_picked":["Bane","Deadly Poison"],"picked":"Skewer","floor":5.0},{"not_picked":["Terror","Expertise"],"picked":"All Out Attack","floor":7.0},{"not_picked":["Dodge and Roll","Blade Dance"],"picked":"PiercingWail","floor":10.0},{"not_picked":["Underhanded Strike","Sucker Punch"],"picked":"Caltrops","floor":12.0},{"not_picked":["Underhanded Strike","Bane","Blade Dance"],"picked":"Singing Bowl","floor":14.0}],"player_experience":2039340,"relics_obtained":[{"floor":7.0,"key":"Tingsha"},{"floor":9.0,"key":"Singing Bowl"}],"event_choices":[{"damage_healed":0.0,"max_hp_gain":0.0,"max_hp_loss":0.0,"gold_gain":50.0,"event_name":"Golden Shrine","player_choice":"Pray","floor":3.0,"gold_loss":0.0,"damage_taken":0.0}],"is_beta":false,"boss_relics":[],"items_purged_floors":[],"is_endless":false,"potions_floor_spawned":[1,7,14],"killed_by":"Hexaghost","ascension_level":20}}