{"host":"j45ucdvl5ntpx4kf","time":1609470346,"event":{"mods":["AchievementEnabler","BaseMod","Colored Map","Colored Powertips","Minty Spire (QoL Compilation)","StSLib"],"gold_per_floor":[116,116,116,137,212,255,274,274,300,300,316,316,334,381,381,381,381],"floor_reached":16,"playtime":488,"items_purged":[],"score":138,"play_id":"57390b44-60f7-401d-8c49-60641fc2cb83","local_time":"20201231220546","is_ascension_mode":true,"campfire_choices":[{"data":"Catalyst","floor":8,"key":"SMITH"},{"data":"Caltrops","floor":10,"key":"SMITH"},{"data":"Acrobatics","floor":15,"key":"SMITH"}],"circlet_count":0,"master_deck":["Strike_G","Strike_G","Strike_G","Strike_G","Strike_G","Defend_G","Defend_G","Defend_G+1","Defend_G","Defend_G+1","Survivor","Neutralize+1","Caltrops+1","Dagger Spray","Flying Knee","Catalyst+1","Acrobatics+1","Heel Hook"],"relics":["Ring of the Snake","NeowsBlessing","Golden Idol","Tiny Chest","War Paint","Bag of Marbles"],"acts_visited":["Exordium"],"potions_floor_usage":[16,16],"damage_taken":[{"damage":0,"enemies":"2 Louse","floor":1,"turns":1},{"damage":0,"enemies":"Small Slimes","floor":4,"turns":1},{"damage":0,"enemies":"Lagavulin","floor":6,"turns":1},{"damage":0,"enemies":"Jaw Worm","floor":7,"turns":4},{"damage":1,"enemies":"Blue Slaver","floor":11,"turns":4},{"damage":1,"enemies":"Large Slime","floor":13,"turns":5},{"damage":60,"enemies":"Slime Boss","floor":16,"turns":13}],"seed_played":"5432230074261598985","potions_obtained":[{"floor":1,"key":"Energy Potion"},{"floor":6,"key":"CunningPotion"},{"floor":13,"key":"Regen Potion"}],"is_trial":false,"path_per_floor":["M","?","?","M","?","E","M","R","T","R","M","?","M","T","R","B"],"character_chosen":"THE_SILENT","items_purchased":[],"campfire_rested":0,"item_purchase_floors":[],"current_hp_per_floor":[70,53,53,53,42,42,42,42,42,42,41,41,40,40,40,0,0],"gold":381,"neow_bonus":"THREE_ENEMY_KILL","is_daily":false,"chose_seed":false,"campfire_upgraded":3,"win_rate":0.0,"timestamp":1609470346,"path_taken":["M","?","?","M","?","E","M","R","T","R","M","?","?","?","R","BOSS"],"items_purchased_type":[],"build_version":"2020-12-22","purchased_purges":0,"victory":false,"max_hp_per_floor":[70,70,70,70,70,70,70,70,70,70,70,70,70,70,70,70,70],"card_choices":[{"not_picked":["Bouncing Flask","Distraction"],"picked":"Caltrops","floor":1},{"not_picked":["Sucker Punch","Poisoned Stab"],"picked":"Dagger Spray","floor":4},{"not_picked":["Outmaneuver","Dash"],"picked":"Flying Knee","floor":6},{"not_picked":["Finisher","Outmaneuver"],"picked":"Catalyst","floor":7},{"not_picked":["Leg Sweep","Flying Knee"],"picked":"Acrobatics","floor":11},{"not_picked":["Dagger Throw","Acrobatics"],"picked":"Heel Hook","floor":13}],"player_experience":117121,"relics_obtained":[{"floor":6,"key":"Tiny Chest"},{"floor":9,"key":"War Paint"},{"floor":14,"key":"Bag of Marbles"}],"event_choices":[{"damage_healed":0,"gold_gain":0,"player_choice":"Take Damage","damage_taken":17,"relics_obtained":["Golden Idol"],"max_hp_gain":0,"max_hp_loss":0,"event_name":"Golden Idol","floor":2,"gold_loss":0},{"damage_healed":0,"gold_gain":0,"player_choice":"Grow","damage_taken":0,"max_hp_gain":0,"max_hp_loss":0,"event_name":"Living Wall","floor":3,"gold_loss":0,"cards_upgraded":["Neutralize"]},{"damage_healed":0,"gold_gain":75,"player_choice":"Gather Gold","damage_taken":11,"max_hp_gain":0,"max_hp_loss":0,"event_name":"World of Goop","floor":5,"gold_loss":0},{"damage_healed":0,"gold_gain":0,"player_choice":"Ignored","damage_taken":0,"max_hp_gain":0,"max_hp_loss":0,"event_name":"Liars Game","floor":12,"gold_loss":0}],"is_beta":false,"boss_relics":[],"items_purged_floors":[],"is_endless":false,"potions_floor_spawned":[1,6,13],"killed_by":"Slime Boss","ascension_level":2}}