{"host":"izzphuowq1fjji0g","time":1609493496,"event":{"mods":["Arknights The Spire","BaseMod","Downfall","Minty Spire (QoL Compilation)","StSLib"],"gold_per_floor":[116,116,131,22,297,297,328,328,328,345,357,357,371,40,40,40,40],"floor_reached":16,"playtime":379,"items_purged":["ats:Strike V","ats:Defend"],"score":124,"play_id":"f8cca7dc-713b-46dc-83ff-5a92d54d5aa6","local_time":"20210101173136","is_ascension_mode":false,"campfire_choices":[{"data":"ats:Red Shift","floor":6,"key":"SMITH"},{"data":"ats:Hook Shot","floor":8,"key":"SMITH"},{"data":"ats:Emotion Absorption","floor":15,"key":"SMITH"}],"circlet_count":0,"master_deck":["ats:Strike C","ats:Strike G","ats:Strike S","ats:Armor Crushing Shot","ats:Defend","ats:Defend","ats:Defend","ats:Emotion Absorption+1","ats:Red Shift+1","ats:Hook Shot+1","ats:Red Shift"],"relics":["ats:Sanity","NeowsBlessing","FaceOfCleric","ats:Originium","ats:Ability Aura","Ginger","Spirit Poop","Membership Card","Toxic Egg 2"],"acts_visited":["Exordium"],"potions_floor_usage":[16,16,16],"damage_taken":[{"damage":0,"enemies":"Jaw Worm","floor":1,"turns":1},{"damage":0,"enemies":"Cultist","floor":3,"turns":1},{"damage":0,"enemies":"Gremlin Nob","floor":7,"turns":1},{"damage":9,"enemies":"Small Slimes","floor":10,"turns":4},{"damage":6,"enemies":"Red Slaver","floor":11,"turns":4},{"damage":4,"enemies":"Blue Slaver","floor":13,"turns":3},{"damage":60,"enemies":"Hexaghost","floor":16,"turns":9}],"seed_played":"-2178407299483303630","potions_obtained":[{"floor":10,"key":"Guardian:BlockOnCardUsePotion"},{"floor":11,"key":"Explosive Potion"},{"floor":13,"key":"Block Potion"}],"is_trial":false,"path_per_floor":["M","?","M","$","?","R","E","R","T","M","M","?","M","$","R","B"],"character_chosen":"DOCTOR_CLASS","items_purchased":["ats:Hook Shot","Membership Card","Toxic Egg 2"],"campfire_rested":0,"item_purchase_floors":[4,14,14],"current_hp_per_floor":[72,72,73,73,73,73,74,74,74,66,61,61,58,58,58,0,0],"gold":40,"neow_bonus":"THREE_ENEMY_KILL","is_daily":false,"chose_seed":false,"campfire_upgraded":3,"win_rate":0.0,"timestamp":1609493496,"path_taken":["M","?","M","?","?","R","E","R","T","M","?","?","?","?","R","BOSS"],"items_purchased_type":["Card","Relic","Relic"],"build_version":"2020-12-22","purchased_purges":2,"victory":false,"max_hp_per_floor":[72,72,73,73,73,73,74,74,74,75,76,76,77,77,77,77,77],"card_choices":[{"not_picked":["ats:Childhood Dance","ats:Flexible Camouflage","ats:Revitalization"],"picked":"SKIP","floor":1},{"not_picked":["ats:Flexible Camouflage","ats:Shadow Raid"],"picked":"ats:Red Shift","floor":3},{"not_picked":["ats:Hammer On","ats:Sword Rain","ats:Song Of Battle"],"picked":"SKIP","floor":7},{"not_picked":["ats:Revitalization","ats:Shell Defense","ats:Ignite"],"picked":"SKIP","floor":10},{"not_picked":["ats:Shell Defense","ats:Consecutive Shot Auto","ats:Flexible Camouflage"],"picked":"SKIP","floor":11},{"not_picked":["ats:Consecutive Shot Auto","ats:Support Order"],"picked":"ats:Red Shift","floor":13}],"player_experience":271817,"relics_obtained":[{"floor":7,"key":"ats:Originium"},{"floor":7,"key":"ats:Ability Aura"},{"floor":9,"key":"Ginger"}],"event_choices":[{"damage_healed":0,"gold_gain":0,"player_choice":"Trade","damage_taken":0,"relics_obtained":["FaceOfCleric"],"max_hp_gain":0,"max_hp_loss":0,"event_name":"FaceTrader","floor":2,"gold_loss":0},{"damage_healed":0,"gold_gain":275,"player_choice":"Desecrate","damage_taken":0,"max_hp_gain":0,"max_hp_loss":0,"event_name":"Golden Shrine","floor":5,"gold_loss":0,"cards_obtained":["Regret"]},{"cards_removed":["Regret"],"damage_healed":0,"gold_gain":0,"player_choice":"Offered Curse","damage_taken":0,"relics_obtained":["Spirit Poop"],"max_hp_gain":0,"max_hp_loss":0,"event_name":"Bonfire Elementals","floor":12,"gold_loss":0}],"is_beta":false,"boss_relics":[],"items_purged_floors":[4,14],"is_endless":false,"potions_floor_spawned":[10,11,13],"killed_by":"Hexaghost","ascension_level":0}}