{"host":"2pt9f5ojqg0apn28","time":1609531282,"event":{"mods":["AchievementEnabler","BaseMod","Better Altar","Better Match","Better Note","Better Sensory Stone","Better Skull","Better Third Choice","Colored Map","Colored Powertips","Hubris","Infinite Spire","Lobotomy","LobotomyExtend","Minty Spire (QoL Compilation)","Replay The Spire","StSLib"],"gold_per_floor":[117,117,42,42,42,42,86,86,86,107,107,59,59,59],"floor_reached":13,"playtime":400,"items_purged":["Strike_G"],"score":83,"play_id":"8d4573a1-da9b-4751-9e1d-e47c4f126f23","local_time":"20210102030122","is_ascension_mode":true,"campfire_choices":[{"data":"Neutralize","floor":6,"key":"SMITH"},{"floor":11,"key":"REST"}],"circlet_count":0,"master_deck":["Strike_G","Strike_G","Strike_G","Strike_G","Defend_G","Defend_G","Defend_G","Defend_G","Survivor","Neutralize+1","Poisoned Stab","Flying Knee","Regret","Quick Slash","Blade Dance","ReplayTheSpireMod:IOU","ReplayTheSpireMod:IOU"],"relics":["hubris:HollowSoul","LetterFromLob","Golden Idol","Replay:Wax Seal","Happy Flower","Mirror","Molten Egg 2"],"acts_visited":["Exordium"],"potions_floor_usage":[7],"damage_taken":[{"damage":2,"enemies":"Small Slimes","floor":1,"turns":5},{"damage":31,"enemies":"Lagavulin","floor":7,"turns":8},{"damage":9,"enemies":"Jaw Worm","floor":10,"turns":3},{"damage":14,"enemies":"Gremlin Nob","floor":13,"turns":2}],"seed_played":"6996209332160039782","potions_obtained":[{"floor":1,"key":"Weak Potion"}],"is_trial":false,"path_per_floor":["M","?","$","?","?","R","E","?","T","M","R","$","E"],"character_chosen":"THE_SILENT","items_purchased":["Molten Egg 2"],"campfire_rested":1,"item_purchase_floors":[12],"current_hp_per_floor":[68,51,51,51,51,51,20,20,20,11,32,32,0,0],"gold":59,"neow_bonus":"BOSS_RELIC","is_daily":false,"chose_seed":false,"campfire_upgraded":1,"win_rate":0.0,"timestamp":1609531282,"path_taken":["M","?","$","?","?","R","E","?","T","M","R","?","E"],"items_purchased_type":["Relic"],"build_version":"2020-12-22","purchased_purges":1,"victory":false,"max_hp_per_floor":[70,70,70,70,70,70,70,70,70,70,70,70,70,70],"card_choices":[{"not_picked":["Acrobatics","Blade Dance"],"picked":"Poisoned Stab","floor":1},{"not_picked":["Deadly Poison","Acrobatics"],"picked":"Quick Slash","floor":7},{"not_picked":["Acrobatics","ReplayTheSpireMod:Tripwire"],"picked":"Blade Dance","floor":10}],"player_experience":16239,"relics_obtained":[{"floor":1,"key":"LetterFromLob"},{"floor":7,"key":"Happy Flower"},{"floor":9,"key":"Mirror"}],"event_choices":[{"damage_healed":0,"gold_gain":0,"player_choice":"Take Damage","damage_taken":17,"relics_obtained":["Golden Idol"],"max_hp_gain":0,"max_hp_loss":0,"event_name":"Golden Idol","floor":2,"gold_loss":0},{"damage_healed":0,"gold_gain":0,"player_choice":"Box","damage_taken":0,"relics_obtained":["Replay:Wax Seal"],"max_hp_gain":0,"max_hp_loss":0,"event_name":"Big Fish","floor":5,"gold_loss":0,"cards_obtained":["Regret"]}],"is_beta":false,"boss_relics":[],"items_purged_floors":[3],"is_endless":false,"potions_floor_spawned":[1],"killed_by":"Gremlin Nob","ascension_level":1}}