{"host":"w4b7hmige5bnqipq","time":1609477670,"event":{"mods":["2.2 Compatiblity","BaseMod","Colored Map","DeckTracker","Keyboard Shortcuts","Minty Spire (QoL Compilation)","Permanent Neow","Rare Cards Sparkle","SuperFastMode","everything is the same but u backflip on backflip","slay the spire mod where everything is the same but ironclad has a cowboy hat"],"gold_per_floor":[118,129,149,169,181,181,181,181,208,208,221,247,262,187,187,266,266,277,277,327,337,99,99,99,99,99,99,43,43,43],"floor_reached":29,"playtime":623,"items_purged":["Strike_R"],"score":446,"play_id":"8e9c7430-66c7-4088-b8f5-e3ec7a4ea367","local_time":"20210101140750","is_ascension_mode":true,"campfire_choices":[{"data":"Searing Blow","floor":6.0,"key":"SMITH"},{"data":"Searing Blow+1","floor":8.0,"key":"SMITH"},{"data":"Searing Blow+2","floor":10.0,"key":"SMITH"},{"data":"Armaments","floor":15.0,"key":"SMITH"},{"data":"Searing Blow+3","floor":23.0,"key":"SMITH"},{"data":"Searing Blow+4","floor":25,"key":"SMITH"},{"data":"Searing Blow+5","floor":27,"key":"SMITH"}],"circlet_count":0,"master_deck":["AscendersBane","Strike_R+1","Strike_R","Strike_R","Defend_R","Defend_R+1","Defend_R","Defend_R","Bash","Searing Blow+6","Burning Pact","Uppercut","Power Through","Feel No Pain","Armaments+1","Corruption","Headbutt"],"relics":["Black Blood","Orichalcum","Bronze Scales","Medical Kit","Omamori"],"acts_visited":["Exordium","TheCity"],"potions_floor_usage":[29],"damage_taken":[{"damage":10.0,"enemies":"Small Slimes","floor":1.0,"turns":3.0},{"damage":13.0,"enemies":"Jaw Worm","floor":2.0,"turns":5.0},{"damage":4.0,"enemies":"2 Louse","floor":3.0,"turns":3.0},{"damage":9.0,"enemies":"Red Slaver","floor":4.0,"turns":5.0},{"damage":11.0,"enemies":"3 Louse","floor":5.0,"turns":5.0},{"damage":0.0,"enemies":"Exordium Thugs","floor":11.0,"turns":4.0},{"damage":17.0,"enemies":"Gremlin Nob","floor":12.0,"turns":4.0},{"damage":0.0,"enemies":"2 Fungi Beasts","floor":13.0,"turns":3.0},{"damage":27.0,"enemies":"Slime Boss","floor":16.0,"turns":9.0},{"damage":27.0,"enemies":"Chosen","floor":18.0,"turns":7.0},{"damage":22.0,"enemies":"2 Thieves","floor":21.0,"turns":4.0},{"damage":57,"enemies":"Gremlin Leader","floor":29,"turns":4}],"seed_played":"-2670727380593548163","potions_obtained":[{"floor":3.0,"key":"CultistPotion"},{"floor":5.0,"key":"Strength Potion"},{"floor":13.0,"key":"BlessingOfTheForge"},{"floor":21.0,"key":"GamblersBrew"}],"is_trial":false,"path_per_floor":["M","M","M","M","M","R","?","R","T","R","M","E","M","?","R","B",null,"M","?","?","M","$","R","?","R","T","R","$","E"],"character_chosen":"IRONCLAD","items_purchased":["Medical Kit","Headbutt"],"campfire_rested":0,"item_purchase_floors":[22,28],"current_hp_per_floor":[64,57,59,56,51,51,28,28,28,28,34,23,29,29,29,8,58,43,43,43,33,33,33,48,48,48,48,48,0,0],"gold":43,"neow_bonus":"THREE_CARDS","is_daily":false,"chose_seed":false,"campfire_upgraded":7,"win_rate":0.0,"timestamp":1609477670,"path_taken":["M","M","M","M","M","R","?","R","T","R","M","E","M","?","R","BOSS","M","?","?","M","$","R","?","R","T","R","$","E"],"items_purchased_type":["Relic","Card"],"build_version":"2020-12-22","purchased_purges":1,"victory":false,"max_hp_per_floor":[75,75,75,75,75,75,75,75,75,75,75,75,75,75,75,75,75,75,75,75,75,75,75,75,75,75,75,75,75,75],"card_choices":[{"not_picked":["Heavy Blade","Headbutt"],"picked":"Searing Blow","floor":0.0},{"not_picked":["Thunderclap","Cleave"],"picked":"Burning Pact","floor":1.0},{"not_picked":["Searing Blow","Wild Strike","Uppercut"],"picked":"SKIP","floor":2.0},{"not_picked":["Searing Blow","Wild Strike"],"picked":"Uppercut","floor":2.0},{"not_picked":["Iron Wave","Thunderclap"],"picked":"Power Through","floor":3.0},{"not_picked":["Berserk","Clothesline","Uppercut"],"picked":"SKIP","floor":4.0},{"not_picked":["Rage","Havoc","Flame Barrier"],"picked":"SKIP","floor":5.0},{"not_picked":["Dropkick","Reckless Charge"],"picked":"Feel No Pain","floor":11.0},{"not_picked":["Bludgeon","Body Slam","Anger"],"picked":"SKIP","floor":12.0},{"not_picked":["Bloodletting","Body Slam"],"picked":"Armaments","floor":13.0},{"not_picked":["Limit Break","Impervious"],"picked":"Corruption","floor":16.0},{"not_picked":["Flex","Cleave","Warcry"],"picked":"SKIP","floor":18.0},{"not_picked":["Rupture","Armaments","Heavy Blade"],"picked":"SKIP","floor":21.0}],"player_experience":450647,"relics_obtained":[{"floor":9.0,"key":"Orichalcum"},{"floor":12.0,"key":"Bronze Scales"},{"floor":26,"key":"Omamori"}],"event_choices":[{"damage_healed":0.0,"max_hp_gain":0.0,"max_hp_loss":0.0,"gold_gain":0.0,"event_name":"Shining Light","player_choice":"Entered Light","floor":7.0,"gold_loss":0.0,"damage_taken":23.0,"cards_upgraded":["Defend_R","Strike_R"]},{"cards_removed":["Strike_R"],"damage_healed":0.0,"max_hp_gain":0.0,"max_hp_loss":0.0,"gold_gain":0.0,"event_name":"The Cleric","player_choice":"Card Removal","floor":14.0,"gold_loss":75.0,"damage_taken":0.0},{"damage_healed":0.0,"max_hp_gain":0.0,"max_hp_loss":0.0,"gold_gain":0.0,"event_name":"Ghosts","player_choice":"Ignored","floor":19.0,"gold_loss":0.0,"damage_taken":0.0},{"damage_healed":0.0,"max_hp_gain":0.0,"max_hp_loss":0.0,"gold_gain":50.0,"event_name":"Nest","player_choice":"Stole From Cult","floor":20.0,"gold_loss":0.0,"damage_taken":0.0},{"damage_healed":15,"gold_gain":0,"player_choice":"Heal","damage_taken":0,"max_hp_gain":0,"max_hp_loss":0,"event_name":"The Library","floor":24,"gold_loss":0}],"is_beta":false,"boss_relics":[{"not_picked":["Tiny House","SacredBark"],"picked":"Black Blood"}],"items_purged_floors":[22],"is_endless":false,"potions_floor_spawned":[3,5,12,13,21],"killed_by":"Gremlin Leader","ascension_level":20}}