{"host":"w9yruvs4bqht6bhw","time":1609545391,"event":{"mods":["BaseMod","Colored Powertips","Minty Spire (QoL Compilation)"],"gold_per_floor":[114,127,127,141,161,193,193,204,204,48,48,48,63,25,25,128,128,141,141,151,167,198,229,8,41,41,41,15,31,31,49,49,49,49],"floor_reached":33,"playtime":1359,"items_purged":["Defend_R"],"score":390,"play_id":"6efbbb70-e0ca-403a-a375-f48fa47750cf","local_time":"20210101185631","is_ascension_mode":true,"campfire_choices":[{"data":"Anger","floor":7,"key":"SMITH"},{"data":"Perfected Strike","floor":12,"key":"SMITH"},{"data":"Bash","floor":15,"key":"SMITH"},{"floor":27,"key":"REST"},{"floor":32,"key":"REST"}],"circlet_count":0,"master_deck":["Strike_R+1","Strike_R","Strike_R","Strike_R","Strike_R","Defend_R+1","Defend_R+1","Defend_R","Bash+1","Fiend Fire+1","Anger+1","Clash","Clothesline","Cleave","Twin Strike","Perfected Strike+1","Impervious","Twin Strike","Shrug It Off","Double Tap","Ghostly Armor","Ghostly Armor","Good Instincts","Headbutt","Seeing Red+1","Dual Wield","Double Tap+1","Dual Wield+1","Wild Strike"],"relics":["Burning Blood","Pen Nib","War Paint","Membership Card","SacredBark","Red Mask","Bag of Marbles","Ornamental Fan","Singing Bowl","Bronze Scales"],"acts_visited":["Exordium","TheCity"],"potions_floor_usage":[6,8,21,25,33],"damage_taken":[{"damage":1,"enemies":"Small Slimes","floor":1,"turns":3},{"damage":2,"enemies":"Jaw Worm","floor":2,"turns":3},{"damage":0,"enemies":"Cultist","floor":4,"turns":2},{"damage":8,"enemies":"Large Slime","floor":5,"turns":2},{"damage":30,"enemies":"Lagavulin","floor":6,"turns":5},{"damage":11,"enemies":"Exordium Thugs","floor":8,"turns":2},{"damage":0,"enemies":"Blue Slaver","floor":13,"turns":2},{"damage":34,"enemies":"Hexaghost","floor":16,"turns":8},{"damage":4,"enemies":"Chosen","floor":18,"turns":4},{"damage":26,"enemies":"Shell Parasite","floor":20,"turns":4},{"damage":16,"enemies":"Centurion and Healer","floor":21,"turns":7},{"damage":12,"enemies":"Masked Bandits","floor":22,"turns":3},{"damage":0,"enemies":"Gremlin Leader","floor":23,"turns":5},{"damage":27,"enemies":"Book of Stabbing","floor":25,"turns":6},{"damage":4,"enemies":"Chosen and Byrds","floor":29,"turns":3},{"damage":18,"enemies":"Snecko","floor":31,"turns":4},{"damage":83,"enemies":"Champ","floor":33,"turns":10}],"seed_played":"-9042729641452340572","potions_obtained":[{"floor":1,"key":"BlessingOfTheForge"},{"floor":6,"key":"BloodPotion"},{"floor":8,"key":"SmokeBomb"},{"floor":16,"key":"SneckoOil"},{"floor":21,"key":"SpeedPotion"},{"floor":23,"key":"BlessingOfTheForge"},{"floor":25,"key":"BlessingOfTheForge"}],"is_trial":false,"path_per_floor":["M","M","?","M","M","E","R","M","T","$","?","R","M","$","R","B",null,"M","?","M","M","?","E","$","E","T","R","$","M","?","M","R","B"],"character_chosen":"IRONCLAD","items_purchased":["Membership Card","Twin Strike","Shrug It Off","Double Tap","Ornamental Fan","Block Potion","PowerPotion"],"campfire_rested":2,"item_purchase_floors":[10,14,14,24,24,24,28],"current_hp_per_floor":[80,80,64,70,68,44,44,55,55,55,80,80,80,80,80,52,73,75,75,55,45,39,45,45,24,24,48,48,50,50,40,64,0,0],"gold":49,"neow_bonus":"ONE_RANDOM_RARE_CARD","is_daily":false,"chose_seed":false,"campfire_upgraded":3,"win_rate":0.0,"timestamp":1609545391,"path_taken":["M","M","?","M","M","E","R","M","T","$","?","R","M","?","R","BOSS","M","?","M","?","?","E","$","E","T","R","$","M","?","?","R","BOSS"],"items_purchased_type":["Relic","Card","Card","Card","Relic","Potion","Potion"],"build_version":"2020-12-22","purchased_purges":1,"victory":false,"max_hp_per_floor":[80,80,80,80,80,80,80,80,80,80,80,80,80,80,80,80,80,80,80,80,80,80,80,80,80,80,80,80,80,80,82,82,82,82],"card_choices":[{"not_picked":["Hemokinesis","Iron Wave"],"picked":"Anger","floor":1},{"not_picked":["Heavy Blade","Fire Breathing"],"picked":"Clash","floor":2},{"not_picked":["Pummel","True Grit"],"picked":"Clothesline","floor":4},{"not_picked":["Blood for Blood","Clothesline"],"picked":"Cleave","floor":5},{"not_picked":["Clothesline","Armaments"],"picked":"Twin Strike","floor":6},{"not_picked":["True Grit","Intimidate"],"picked":"Perfected Strike","floor":8},{"not_picked":["Blood for Blood","Thunderclap"],"picked":"Impervious","floor":13},{"not_picked":["Immolate","Feed"],"picked":"Double Tap","floor":16},{"not_picked":["Heavy Blade+1","Headbutt+1"],"picked":"Ghostly Armor","floor":18},{"not_picked":["True Grit+1","Perfected Strike"],"picked":"Headbutt","floor":20},{"not_picked":["Rupture","Havoc+1"],"picked":"Seeing Red+1","floor":21},{"not_picked":["Body Slam+1","Armaments+1"],"picked":"Dual Wield","floor":22},{"not_picked":["Sword Boomerang","Thunderclap","Rupture"],"picked":"SKIP","floor":23},{"not_picked":["Metallicize","Havoc"],"picked":"Dual Wield+1","floor":25},{"not_picked":["Body Slam","Sentinel"],"picked":"Wild Strike","floor":29},{"not_picked":["Pummel","Metallicize","Dropkick"],"picked":"Singing Bowl","floor":31}],"player_experience":239298,"relics_obtained":[{"floor":6,"key":"Pen Nib"},{"floor":9,"key":"War Paint"},{"floor":22,"key":"Red Mask"},{"floor":23,"key":"Bag of Marbles"},{"floor":25,"key":"Singing Bowl"},{"floor":26,"key":"Bronze Scales"}],"event_choices":[{"damage_healed":0,"gold_gain":0,"player_choice":"Entered Light","damage_taken":16,"max_hp_gain":0,"max_hp_loss":0,"event_name":"Shining Light","floor":3,"gold_loss":0,"cards_upgraded":["Strike_R","Fiend Fire"]},{"damage_healed":26,"gold_gain":0,"player_choice":"Banana","damage_taken":0,"max_hp_gain":0,"max_hp_loss":0,"event_name":"Big Fish","floor":11,"gold_loss":0},{"damage_healed":0,"gold_gain":0,"player_choice":"2 cards matched","damage_taken":0,"max_hp_gain":0,"max_hp_loss":0,"event_name":"Match and Keep!","floor":19,"gold_loss":0,"cards_obtained":["Ghostly Armor","Good Instincts"]},{"damage_healed":0,"gold_gain":0,"player_choice":"Fought Bandits","damage_taken":0,"max_hp_gain":0,"max_hp_loss":0,"event_name":"Masked Bandits","floor":22,"gold_loss":0},{"damage_healed":0,"gold_gain":0,"player_choice":"Forge","damage_taken":0,"max_hp_gain":0,"max_hp_loss":0,"event_name":"Accursed Blacksmith","floor":30,"gold_loss":0,"cards_upgraded":["Double Tap"]}],"is_beta":false,"boss_relics":[{"not_picked":["Pandora\u0027s Box","Velvet Choker"],"picked":"SacredBark"}],"items_purged_floors":[24],"is_endless":false,"potions_floor_spawned":[1,6,8,16,21,23,25,31],"killed_by":"Champ","ascension_level":5}}