{"host":"ygfasg9u7olr7skw","time":1609544130,"event":{"mods":["AchievementEnabler","BaseMod","Better Note","Better Vampires","Colored Powertips","Minty Spire (QoL Compilation)","Replay The Spire","Spicy Shops","StSLib","The IronCluck"],"gold_per_floor":[110,60,78,93,93,93,116,116,116,116,116,133,149,160,160,263,263,274,6,6,19,32,32,67,67,67,67,67,67],"floor_reached":28,"playtime":1407,"items_purged":["Strike_G"],"score":228,"play_id":"a34ee48e-050d-498a-b918-28148f31d666","local_time":"20210101183530","is_ascension_mode":false,"campfire_choices":[{"data":"Bouncing Flask","floor":6,"key":"SMITH"},{"data":"Replay:Bag of Tricks","floor":10,"key":"SMITH"},{"data":"Noxious Fumes","floor":15,"key":"SMITH"},{"data":"Noxious Fumes","floor":23,"key":"SMITH"},{"data":"Corpse Explosion","floor":27,"key":"SMITH"}],"circlet_count":0,"master_deck":["Strike_G","Defend_G","Defend_G","Defend_G","Defend_G","Defend_G","Survivor","Neutralize","Bouncing Flask+1","Replay:Bag of Tricks+1","Noxious Fumes+1","Corpse Explosion+1","Noxious Fumes+1","Pain"],"relics":["Coffee Dripper","Odd Mushroom","Tingsha","Paper Crane","Sozu","ClockworkSouvenir","Calipers","Shuriken","Bottled Tornado"],"acts_visited":["Exordium","TheCity"],"potions_floor_usage":[16],"damage_taken":[{"damage":0,"enemies":"2 Louse","floor":1,"turns":4},{"damage":1,"enemies":"Jaw Worm","floor":3,"turns":5},{"damage":0,"enemies":"Small Slimes","floor":4,"turns":5},{"damage":11,"enemies":"The Mushroom Lair","floor":7,"turns":5},{"damage":2,"enemies":"Exordium Thugs","floor":12,"turns":5},{"damage":0,"enemies":"Blue Slaver","floor":13,"turns":3},{"damage":1,"enemies":"2 Fungi Beasts","floor":14,"turns":2},{"damage":22,"enemies":"The Guardian","floor":16,"turns":9},{"damage":10,"enemies":"2 Thieves","floor":18,"turns":4},{"damage":6,"enemies":"Shell Parasite","floor":21,"turns":4},{"damage":11,"enemies":"Snecko","floor":22,"turns":4},{"damage":38,"enemies":"Book of Stabbing","floor":24,"turns":6},{"damage":6,"enemies":"Centurion and Healer","floor":28,"turns":2}],"seed_played":"-1645259896051337214","potions_obtained":[{"floor":4,"key":"Venom Potion"},{"floor":12,"key":"Strength Potion"},{"floor":14,"key":"SkillPotion"}],"is_trial":false,"path_per_floor":["M","?","M","M","?","R","?","?","T","R","T","M","M","M","R","B",null,"M","$","?","M","M","R","E","?","T","R","M"],"character_chosen":"THE_SILENT","items_purchased":["ClockworkSouvenir","Calipers"],"campfire_rested":0,"item_purchase_floors":[19,19],"current_hp_per_floor":[70,70,69,69,69,69,58,58,58,58,58,56,56,55,55,33,70,60,60,60,54,43,43,5,5,5,5,0,0],"gold":67,"neow_bonus":"BOSS_RELIC","is_daily":false,"chose_seed":false,"campfire_upgraded":5,"win_rate":0.0,"timestamp":1609544130,"path_taken":["M","?","M","M","?","R","?","?","T","R","?","M","?","M","R","BOSS","M","$","?","M","M","R","E","?","T","R","?"],"items_purchased_type":["Relic","Relic"],"build_version":"2020-12-22","purchased_purges":1,"victory":false,"max_hp_per_floor":[70,70,70,70,70,70,70,70,70,70,70,70,70,70,70,70,70,70,70,70,70,70,70,70,70,70,70,70,70],"card_choices":[{"not_picked":["Cloak And Dagger","Terror","Prepared"],"picked":"SKIP","floor":1},{"not_picked":["Sucker Punch","Well Laid Plans","Masterful Stab"],"picked":"SKIP","floor":3},{"not_picked":["Dodge and Roll","Outmaneuver"],"picked":"Bouncing Flask","floor":4},{"not_picked":["Dodge and Roll","Slice"],"picked":"Noxious Fumes","floor":12},{"not_picked":["Prepared","Die Die Die","Backflip"],"picked":"SKIP","floor":13},{"not_picked":["Prepared","Die Die Die","Backflip"],"picked":"SKIP","floor":13},{"not_picked":["Acrobatics","ReplayTheSpireMod:Tripwire","Endless Agony"],"picked":"SKIP","floor":14},{"not_picked":["Poison Darts","Malaise"],"picked":"Corpse Explosion","floor":16},{"not_picked":["Well Laid Plans+1","PiercingWail"],"picked":"Noxious Fumes","floor":18},{"not_picked":["Endless Agony+1","Reflex","Dodge and Roll"],"picked":"SKIP","floor":21},{"not_picked":["Hidden Blade","Footwork+1","Sucker Punch"],"picked":"SKIP","floor":22},{"not_picked":["Hidden Blade","Blade Dance","Fluid Movement+1"],"picked":"SKIP","floor":24}],"player_experience":201181,"relics_obtained":[{"floor":7,"key":"Odd Mushroom"},{"floor":9,"key":"Tingsha"},{"floor":11,"key":"Paper Crane"},{"floor":24,"key":"Shuriken"},{"floor":26,"key":"Bottled Tornado"}],"event_choices":[{"cards_removed":["Strike_G"],"damage_healed":0,"gold_gain":0,"player_choice":"Card Removal","damage_taken":0,"max_hp_gain":0,"max_hp_loss":0,"event_name":"The Cleric","floor":2,"gold_loss":50},{"damage_healed":0,"gold_gain":0,"player_choice":"Fought Mushrooms","damage_taken":0,"max_hp_gain":0,"max_hp_loss":0,"event_name":"Mushrooms","floor":7,"gold_loss":0},{"damage_healed":0,"gold_gain":0,"cards_transformed":["Strike_G"],"player_choice":"Change","damage_taken":0,"max_hp_gain":0,"max_hp_loss":0,"event_name":"Living Wall","floor":8,"gold_loss":0,"cards_obtained":["Replay:Bag of Tricks"]},{"cards_removed":["Strike_G"],"damage_healed":0,"gold_gain":0,"player_choice":"Give","damage_taken":0,"max_hp_gain":0,"max_hp_loss":0,"event_name":"betterNote:BetterNote","floor":20,"gold_loss":0,"cards_obtained":["Regret"]}],"is_beta":false,"boss_relics":[{"not_picked":["HoveringKite","WristBlade"],"picked":"Sozu"}],"items_purged_floors":[19],"is_endless":false,"potions_floor_spawned":[4,12,14,18,24],"killed_by":"Centurion and Healer","ascension_level":0}}