{"host":"wy23tj84iquxuyyu","time":1609545428,"event":{"mods":["Aspiration","BaseMod","Better Note","Colored Map","Fireblade Mod","Hermit","Marked Mod","Minty Spire (QoL Compilation)","Random Character Button","Rare Cards Sparkle","Relic Stats","Replay The Spire","Retaliation","Shade Mod","Spicy Shops","StSLib","The Cursed","The Death Knight","The Necromancer","Trackpad"],"gold_per_floor":[119,130,147,157,173,173,200,200,248,268,288,300,300,310,310,406,456,476,476,476,461,478,478,403,420,472,499,523,523,5,29,29,135,135,161,161,194,244,244,289,289,331,331,379,387,387],"floor_reached":45,"playtime":2738,"items_purged":[],"score":481,"play_id":"50a86f18-b942-4847-bf1a-788725698fa1","local_time":"20210101185708","is_ascension_mode":false,"campfire_choices":[{"data":"DeathKnight:DeathStrike","floor":6.0,"key":"SMITH"},{"floor":8.0,"key":"REST"},{"data":"DeathKnight:BludPresence","floor":15.0,"key":"SMITH"},{"floor":23.0,"key":"REST"},{"data":"DeathKnight:BloodBoil","floor":29.0,"key":"SMITH"},{"data":"Apotheosis","floor":32.0,"key":"SMITH"},{"floor":41,"key":"REST"}],"circlet_count":0,"master_deck":["DeathKnight:Strike_DeathKnight","DeathKnight:Strike_DeathKnight","DeathKnight:Strike_DeathKnight","DeathKnight:Strike_DeathKnight","DeathKnight:Strike_DeathKnight","DeathKnight:Defend_DeathKnight","DeathKnight:Defend_DeathKnight","DeathKnight:Defend_DeathKnight","DeathKnight:Defend_DeathKnight","DeathKnight:Defend_DeathKnight","DeathKnight:RuneTap+1","DeathKnight:RuneStrike","DeathKnight:DeathStrike+1","DeathKnight:BloodBoil+1","DeathKnight:Culling","DeathKnight:MindFreeze","DeathKnight:DeathGrip","DeathKnight:BludPresence+1","DeathKnight:DeathStrike","DeathKnight:MarkOfBlood+1","DeathKnight:DeathStrike+1","Corrupt","DeathKnight:WraithWalk","DeathKnight:ShatteringStrikes+1","Apotheosis+1","TheCursedMod:NeowsMight","Parasite","DeathKnight:BludPresence+1"],"relics":["DeathKnight:BrokenRuneblade","Potion Belt","trackpad:Compendium","Molten Egg 2","Tiny House","PrismaticShard","Replay:Bandana","Simple Rune","Ice Cream","Orichalcum","SacredBark","CeramicFish","StoneCalendar","Replay:Bottled Eggs","Toxic Egg 2"],"acts_visited":["Exordium","TheCity","TheBeyond"],"potions_floor_usage":[42,42,44],"damage_taken":[{"damage":3.0,"enemies":"Cultist","floor":1.0,"turns":5.0},{"damage":5.0,"enemies":"Small Slimes","floor":2.0,"turns":4.0},{"damage":1.0,"enemies":"Jaw Worm","floor":3.0,"turns":3.0},{"damage":16.0,"enemies":"Exordium Wildlife","floor":4.0,"turns":6.0},{"damage":4.0,"enemies":"Blue Slaver","floor":5.0,"turns":5.0},{"damage":18.0,"enemies":"Replay:BlueRogue","floor":7.0,"turns":6.0},{"damage":17.0,"enemies":"Red Slaver","floor":10.0,"turns":7.0},{"damage":2.0,"enemies":"Exordium Thugs","floor":11.0,"turns":3.0},{"damage":7.0,"enemies":"Large Slime","floor":12.0,"turns":6.0},{"damage":12.0,"enemies":"2 Fungi Beasts","floor":14.0,"turns":3.0},{"damage":41.0,"enemies":"Slime Boss","floor":16.0,"turns":11.0},{"damage":28.0,"enemies":"Shell Parasite","floor":18.0,"turns":8.0},{"damage":20.0,"enemies":"2 Thieves","floor":21.0,"turns":4.0},{"damage":51.0,"enemies":"Chosen and Byrds","floor":22.0,"turns":10.0},{"damage":11.0,"enemies":"Snake Plant","floor":25.0,"turns":6.0},{"damage":12.0,"enemies":"3 Cultists","floor":28.0,"turns":5.0},{"damage":18.0,"enemies":"Cultist and Chosen","floor":31.0,"turns":8.0},{"damage":24.0,"enemies":"Automaton","floor":33.0,"turns":9.0},{"damage":12,"enemies":"Orb Walker","floor":35,"turns":6},{"damage":15,"enemies":"3 Darklings","floor":37,"turns":4},{"damage":37,"enemies":"Giant Head","floor":40,"turns":8},{"damage":9,"enemies":"Writhing Mass","floor":42,"turns":4},{"damage":45,"enemies":"Reptomancer","floor":44,"turns":7},{"damage":67,"enemies":"Sphere and 2 Shapes","floor":45,"turns":3}],"seed_played":"6478771231288791819","potions_obtained":[{"floor":2.0,"key":"Elixir"},{"floor":3.0,"key":"DeathKnight:BottledBloodEchoes"},{"floor":5.0,"key":"DeathKnight:BottledBloodEchoes"},{"floor":10.0,"key":"Adrenaline Potion"},{"floor":14.0,"key":"SkillPotion"},{"floor":17.0,"key":"Cursed Concoction"},{"floor":28.0,"key":"DeathKnight:RimePotion"},{"floor":31.0,"key":"ColorlessPotion"},{"floor":33.0,"key":"SkillPotion"},{"floor":37,"key":"Languid Potion"},{"floor":40,"key":"Block Potion"},{"floor":42,"key":"DDmod:CleansePotion"}],"is_trial":false,"path_per_floor":["M","M","M","M","M","R","E","R","T","M","M","M","?","M","R","B",null,"M","?","?","M","M","R","?","M","T","T","M","R","$","M","R","B",null,"M","?","M","T","?","E","R","M","T","E","M"],"character_chosen":"DEATH_KNIGHT","items_purchased":["DeathKnight:ShatteringStrikes+1","Ice Cream","Orichalcum"],"campfire_rested":3,"item_purchase_floors":[30,30,30],"current_hp_per_floor":[75,75,75,66,62,62,55,75,75,69,75,75,75,63,63,40,80,72,72,64,56,37,61,61,62,62,62,80,80,80,66,66,78,80,77,80,77,77,77,60,80,71,71,62,0,0],"gold":387,"neow_bonus":"THREE_CARDS","is_daily":false,"chose_seed":false,"campfire_upgraded":4,"win_rate":0.0,"timestamp":1609545428,"path_taken":["M","?","M","M","M","R","E","R","T","M","M","M","?","M","R","BOSS","M","?","?","M","M","R","?","M","T","?","M","R","$","M","R","BOSS","M","?","M","?","?","E","R","M","T","E","M"],"items_purchased_type":["Card","Relic","Relic"],"build_version":"2020-12-22","purchased_purges":0,"victory":false,"max_hp_per_floor":[75,75,75,75,75,75,75,75,75,75,75,75,75,75,75,75,80,80,80,80,80,80,80,80,80,80,80,80,80,80,80,80,80,80,80,80,80,80,80,80,80,80,80,80,80,80],"relic_stats":{"counters":[24,141],"CeramicFish":18,"StoneCalendar":[0],"Orichalcum":[156],"obtain_stats":[{"Potion Belt":7,"Ice Cream":30,"Tiny House":17,"SacredBark":34,"CeramicFish":38,"StoneCalendar":40,"Orichalcum":30,"PrismaticShard":20,"Replay:Bandana":26,"Molten Egg 2":13,"Simple Rune":27,"trackpad:Compendium":9,"Replay:Bottled Eggs":43,"Toxic Egg 2":44,"DeathKnight:BrokenRuneblade":0},{"Potion Belt":6,"Ice Cream":16,"Tiny House":11,"SacredBark":18,"CeramicFish":20,"StoneCalendar":21,"Orichalcum":16,"PrismaticShard":12,"Replay:Bandana":15,"Molten Egg 2":9,"Simple Rune":15,"trackpad:Compendium":6,"Replay:Bottled Eggs":22,"Toxic Egg 2":23,"DeathKnight:BrokenRuneblade":0},{"Potion Belt":29,"Ice Cream":92,"Tiny House":59,"SacredBark":109,"CeramicFish":119,"StoneCalendar":127,"Orichalcum":92,"PrismaticShard":67,"Replay:Bandana":87,"Molten Egg 2":45,"Simple Rune":87,"trackpad:Compendium":29,"Replay:Bottled Eggs":131,"Toxic Egg 2":138,"DeathKnight:BrokenRuneblade":0}]},"card_choices":[{"not_picked":["DeathKnight:BloodStrike","DeathKnight:BladedArmor"],"picked":"DeathKnight:DeathStrike","floor":0.0},{"not_picked":["DeathKnight:DreadStrike","DeathKnight:Hysteria"],"picked":"DeathKnight:BloodBoil","floor":1.0},{"not_picked":["DeathKnight:IcyTouch","DeathKnight:HornOfWinter","DeathKnight:Parry"],"picked":"SKIP","floor":2.0},{"not_picked":["DeathKnight:RaiseAlly","DeathKnight:RunicCorruption"],"picked":"DeathKnight:Culling","floor":3.0},{"not_picked":["DeathKnight:DeathCoil","DeathKnight:Obliterate"],"picked":"DeathKnight:MindFreeze","floor":4.0},{"not_picked":["DeathKnight:BloodTap","DeathKnight:Hysteria"],"picked":"DeathKnight:DeathGrip","floor":5.0},{"not_picked":["DeathKnight:Pestilence","DeathKnight:VampiricBlood","DeathKnight:DreadStrike"],"picked":"SKIP","floor":7.0},{"not_picked":["DeathKnight:GargoyleSkin","DeathKnight:FrostStrike","DeathKnight:DeathAndDecay"],"picked":"SKIP","floor":10.0},{"not_picked":["DeathKnight:Parry","DeathKnight:FesteringStrike"],"picked":"DeathKnight:BludPresence","floor":11.0},{"not_picked":["DeathKnight:FrostStrike","DeathKnight:PillarOfFrost"],"picked":"DeathKnight:DeathStrike","floor":12.0},{"not_picked":["DeathKnight:UnholyFrenzy","DeathKnight:PillarOfFrost","DeathKnight:Hemostasis"],"picked":"SKIP","floor":14.0},{"not_picked":["DeathKnight:ArmyOfTheDead","DeathKnight:BoneStorm+1"],"picked":"DeathKnight:MarkOfBlood","floor":16.0},{"not_picked":["DeathKnight:Ossuary","DeathKnight:BladedArmor"],"picked":"DeathKnight:DeathStrike+1","floor":17.0},{"not_picked":["DeathKnight:BloodTap","DeathKnight:Parry","DeathKnight:BoneShield"],"picked":"SKIP","floor":18.0},{"not_picked":["DeathKnight:DeathAndDecay+1","DeathKnight:Lichborne"],"picked":"DeathKnight:WraithWalk","floor":20.0},{"not_picked":["Underhanded Strike+1","FireBladeMod:DoubleDash","hermit:ItchyTrigger+1"],"picked":"SKIP","floor":21.0},{"not_picked":["Adaptation","TheCursedMod:TacticalStrike+1"],"picked":"PiercingWail","floor":22.0},{"not_picked":["Replay:Vibes","Poisoned Stab+1","TheCursedMod:StingEye+1"],"picked":"SKIP","floor":25.0},{"not_picked":["TheCursedMod:CursedAmulet+1","Predator+1","Hidden Blade"],"picked":"SKIP","floor":28.0},{"not_picked":["DeathKnight:MutagenicPlague","CutThroughFate+1"],"picked":"Apotheosis","floor":31.0},{"not_picked":["Envenom","Judgement"],"picked":"TheCursedMod:NeowsMight","floor":33.0},{"not_picked":["TheCursedMod:AshesToAshes","Reinforced Body+1","hermit:LuckOfTheDraw+1"],"picked":"SKIP","floor":35},{"not_picked":["Shade:CoffinDance+1","CrushJoints+1","DeathKnight:IcyTouch+1"],"picked":"SKIP","floor":37},{"not_picked":["Shackles_Of_Pain","TheCursedMod:LuckyCharm+1","Poisoned Stab+1"],"picked":"SKIP","floor":40},{"not_picked":["hermit:Enervate+1","Compile Driver+1","FIFO Queue+1"],"picked":"SKIP","floor":42},{"not_picked":["TheCursedMod:CursedAmulet+1","hermit:FromBeyond+1"],"picked":"DeathKnight:BludPresence+1","floor":44}],"player_experience":872090,"relics_obtained":[{"floor":7.0,"key":"Potion Belt"},{"floor":9.0,"key":"trackpad:Compendium"},{"floor":20.0,"key":"PrismaticShard"},{"floor":26.0,"key":"Replay:Bandana"},{"floor":27.0,"key":"Simple Rune"},{"floor":38,"key":"CeramicFish"},{"floor":40,"key":"StoneCalendar"},{"floor":43,"key":"Replay:Bottled Eggs"},{"floor":44,"key":"Toxic Egg 2"}],"event_choices":[{"cards_removed":["DeathKnight:DeathGrip"],"damage_healed":0.0,"max_hp_gain":0.0,"max_hp_loss":0.0,"gold_gain":0.0,"event_name":"betterNote:BetterNote","player_choice":"Take \u0026 Give","floor":19.0,"gold_loss":0.0,"damage_taken":0.0,"cards_obtained":["Corrupt"]},{"cards_removed":["Injury"],"damage_healed":0.0,"max_hp_gain":0.0,"max_hp_loss":0.0,"gold_gain":0.0,"event_name":"Beggar","player_choice":"Gave Gold","floor":24.0,"gold_loss":75.0,"damage_taken":0.0},{"cards_removed":["PiercingWail"],"damage_healed":0,"gold_gain":0,"player_choice":"Removed Skill","damage_taken":0,"max_hp_gain":0,"max_hp_loss":0,"event_name":"Falling","floor":39,"gold_loss":0}],"is_beta":false,"boss_relics":[{"not_picked":["Replay:Drink Me","Astrolabe"],"picked":"Tiny House"},{"not_picked":["Empty Cage","trackpad:Trackpad"],"picked":"SacredBark"}],"items_purged_floors":[],"is_endless":false,"potions_floor_spawned":[2,3,5,10,14,28,31,33,37,40,42],"killed_by":"Sphere and 2 Shapes","ascension_level":0}}