{"host":"y56d1fjpgcjsodvy","time":1609506932,"event":{"mods":["BaseMod","Colored Powertips","GifTheSpireLib","Highlight Path","Minty Spire (QoL Compilation)","StSLib","SuperFastMode","everything is the same but u backflip on backflip"],"gold_per_floor":[109,34,34,34,50,75,89,89,89,101,126,126,155,155,155,227,227,241,241,241,261,261,261,261,261,261,271,271,196,207,241,241,241,241],"floor_reached":33,"playtime":663,"items_purged":["Defend_G"],"score":712,"play_id":"7539cf7a-9b0d-4857-a70f-69010c134cb9","local_time":"20210101221532","is_ascension_mode":true,"campfire_choices":[{"data":"Dagger Spray","floor":8,"key":"SMITH"},{"floor":12,"key":"REST"},{"data":"Predator","floor":15,"key":"SMITH"},{"data":"Footwork","floor":23,"key":"SMITH"},{"data":"Neutralize","floor":25,"key":"SMITH"},{"floor":32,"key":"RECALL"}],"circlet_count":0,"master_deck":["AscendersBane","Strike_G","Strike_G","Strike_G","Strike_G","Defend_G","Defend_G","Defend_G","Survivor","Neutralize+1","Dagger Spray+1","After Image","Footwork+1","Predator+1","Backstab","Adrenaline","Tactician","Wraith Form v2","Backflip+1","A Thousand Cuts"],"relics":["Ring of the Snake","NeowsBlessing","Mercury Hourglass","Bronze Scales","Shuriken","Pocketwatch","Coffee Dripper","Gremlin Horn","InkBottle","Nloth\u0027s Gift","Unceasing Top"],"acts_visited":["TheCity"],"potions_floor_usage":[11,11,33,33],"damage_taken":[{"damage":0.0,"enemies":"Jaw Worm","floor":1.0,"turns":1.0},{"damage":0.0,"enemies":"2 Louse","floor":5.0,"turns":1.0},{"damage":0.0,"enemies":"3 Sentries","floor":6.0,"turns":1.0},{"damage":1,"enemies":"Small Slimes","floor":7,"turns":3},{"damage":0,"enemies":"2 Fungi Beasts","floor":10,"turns":3},{"damage":7,"enemies":"Lagavulin","floor":11,"turns":7},{"damage":18,"enemies":"3 Sentries","floor":13,"turns":5},{"damage":0,"enemies":"Slime Boss","floor":16,"turns":6},{"damage":2,"enemies":"Spheric Guardian","floor":18,"turns":3},{"damage":4,"enemies":"3 Byrds","floor":21,"turns":2},{"damage":0,"enemies":"Cultist and Chosen","floor":27,"turns":5},{"damage":0,"enemies":"Centurion and Healer","floor":30,"turns":4},{"damage":4,"enemies":"Book of Stabbing","floor":31,"turns":5},{"damage":43,"enemies":"Collector","floor":33,"turns":7}],"seed_played":"5008263692200451592","potions_obtained":[{"floor":6.0,"key":"Swift Potion"},{"floor":10,"key":"Dexterity Potion"},{"floor":16,"key":"GamblersBrew"},{"floor":27,"key":"EssenceOfSteel"},{"floor":31,"key":"CunningPotion"}],"is_trial":false,"path_per_floor":["M","?","?","?","M","E","M","R","T","M","E","R","E","?","R","B",null,"M","?","?","M","?","R","?","R","T","M","?","$","M","E","R","B"],"character_chosen":"THE_SILENT","items_purchased":[],"campfire_rested":1,"item_purchase_floors":[],"current_hp_per_floor":[59,59,64,38,38,38,37,37,37,37,30,51,33,33,33,33,62,60,60,40,36,36,36,36,36,36,36,36,36,36,32,32,0,0],"gold":241,"neow_bonus":"THREE_ENEMY_KILL","is_daily":false,"chose_seed":false,"campfire_upgraded":4,"win_rate":0.0,"timestamp":1609506932,"path_taken":["M","?","?","?","M","E","M","R","T","?","E","R","E","?","R","BOSS","M","?","?","M","?","R","?","R","T","?","?","$","M","E","R","BOSS"],"items_purchased_type":[],"build_version":"2020-12-22","purchased_purges":1,"victory":false,"max_hp_per_floor":[66,66,71,71,71,71,71,71,71,71,71,71,71,71,71,71,71,71,71,76,76,76,76,76,76,76,76,76,76,76,76,76,76,76],"card_choices":[{"not_picked":["Blade Dance","Dagger Throw"],"picked":"Dagger Spray","floor":1.0},{"not_picked":["Dagger Throw","Finisher","Dagger Spray"],"picked":"SKIP","floor":5.0},{"not_picked":["Underhanded Strike","Deadly Poison"],"picked":"After Image","floor":6.0},{"not_picked":["Dagger Throw","Acrobatics"],"picked":"Footwork","floor":7},{"not_picked":["Dodge and Roll","Blade Dance"],"picked":"Flying Knee","floor":10},{"not_picked":["Caltrops","Bane"],"picked":"Predator","floor":11},{"not_picked":["Noxious Fumes","Leg Sweep"],"picked":"Backstab","floor":13},{"not_picked":["Wraith Form v2","Doppelganger"],"picked":"Adrenaline","floor":16},{"not_picked":["Backflip","Deflect","Underhanded Strike"],"picked":"SKIP","floor":18},{"not_picked":["Deadly Poison","Expertise","Prepared"],"picked":"SKIP","floor":21},{"not_picked":["Calculated Gamble","Blade Dance+1"],"picked":"Wraith Form v2","floor":27},{"not_picked":["Outmaneuver","Unload"],"picked":"Backflip+1","floor":30},{"not_picked":["Unload","Leg Sweep"],"picked":"A Thousand Cuts","floor":31}],"player_experience":1184882,"relics_obtained":[{"floor":6.0,"key":"Bronze Scales"},{"floor":9,"key":"Letter Opener"},{"floor":11,"key":"Shuriken"},{"floor":13,"key":"Pocketwatch"},{"floor":26,"key":"InkBottle"},{"floor":31,"key":"Unceasing Top"}],"event_choices":[{"cards_removed":["Strike_G"],"damage_healed":0.0,"max_hp_gain":0.0,"max_hp_loss":0.0,"gold_gain":0.0,"event_name":"The Cleric","player_choice":"Card Removal","floor":2.0,"gold_loss":75.0,"damage_taken":0.0},{"damage_healed":0.0,"max_hp_gain":5.0,"max_hp_loss":0.0,"gold_gain":0.0,"event_name":"Big Fish","player_choice":"Donut","floor":3.0,"gold_loss":0.0,"damage_taken":0.0},{"damage_healed":0.0,"max_hp_gain":0.0,"max_hp_loss":0.0,"gold_gain":0.0,"event_name":"Scrap Ooze","player_choice":"Success","floor":4.0,"gold_loss":0.0,"damage_taken":26.0,"relics_obtained":["Mercury Hourglass"]},{"damage_healed":0,"gold_gain":0,"player_choice":"Ignored","damage_taken":0,"max_hp_gain":0,"max_hp_loss":0,"event_name":"Liars Game","floor":14,"gold_loss":0},{"cards_removed":["Defend_G"],"damage_healed":0,"gold_gain":0,"player_choice":"Elegance","damage_taken":0,"max_hp_gain":0,"max_hp_loss":0,"event_name":"Back to Basics","floor":19,"gold_loss":0},{"damage_healed":0,"gold_gain":0,"player_choice":"Shed Blood","damage_taken":25,"max_hp_gain":5,"max_hp_loss":0,"event_name":"Forgotten Altar","floor":20,"gold_loss":0},{"damage_healed":0,"gold_gain":0,"player_choice":"Read","damage_taken":0,"max_hp_gain":0,"max_hp_loss":0,"event_name":"The Library","floor":22,"gold_loss":0,"cards_obtained":["Tactician"]},{"cards_removed":["Flying Knee"],"damage_healed":0,"gold_gain":0,"player_choice":"Gave Card","damage_taken":0,"relics_obtained":["Gremlin Horn"],"max_hp_gain":0,"max_hp_loss":0,"event_name":"WeMeetAgain","floor":24,"gold_loss":0},{"damage_healed":0,"gold_gain":0,"player_choice":"Traded Relic","damage_taken":0,"relics_obtained":["Nloth\u0027s Gift"],"max_hp_gain":0,"max_hp_loss":0,"event_name":"N\u0027loth","floor":28,"relics_lost":["Letter Opener"],"gold_loss":0}],"is_beta":false,"boss_relics":[{"not_picked":["SlaversCollar","Ring of the Serpent"],"picked":"Coffee Dripper"}],"items_purged_floors":[29],"is_endless":false,"potions_floor_spawned":[6,10,16,27,31],"killed_by":"Collector","ascension_level":20}}