{"host":"vjxpm20xjjgw99r7","time":1609498533,"event":{"mods":["AchievementEnabler","BaseMod","Colored Map","Minty Spire (QoL Compilation)","Quick Restart","SuperFastMode"],"gold_per_floor":[112,122,122,38,49,84,84,104,127,138,164,190,213,243,255,372,384,414,102,116,116,116],"floor_reached":21,"playtime":2296,"items_purged":[],"score":195,"play_id":"27a210ae-edf9-4e28-ba20-ba3e692597f1","local_time":"20210101195533","is_ascension_mode":false,"campfire_choices":[{"data":"Sever Soul","floor":7.0,"key":"SMITH"},{"floor":15.0,"key":"REST"}],"circlet_count":0,"master_deck":["Strike_R","Strike_R","Strike_R","Strike_R","Strike_R","Defend_R","Defend_R","Defend_R","Defend_R","Bash","Sever Soul+1","Inflame","Hemokinesis","Feel No Pain","True Grit","Iron Wave","Power Through","Clothesline","Flex","Rage","Dual Wield","Heavy Blade","Fiend Fire","Feed","Flex","Discovery","Reckless Charge","Thunderclap+1"],"relics":["Burning Blood","Lantern","Nunchaku","MawBank","Black Star","OrangePellets"],"acts_visited":[],"potions_floor_usage":[],"damage_taken":[{"damage":6.0,"enemies":"Cultist","floor":1.0,"turns":3.0},{"damage":0.0,"enemies":"2 Louse","floor":2.0,"turns":3.0},{"damage":8.0,"enemies":"Jaw Worm","floor":5.0,"turns":3.0},{"damage":18.0,"enemies":"3 Sentries","floor":6.0,"turns":11.0},{"damage":11.0,"enemies":"3 Louse","floor":8.0,"turns":3.0},{"damage":13.0,"enemies":"Blue Slaver","floor":10.0,"turns":3.0},{"damage":18.0,"enemies":"Gremlin Nob","floor":11.0,"turns":4.0},{"damage":2.0,"enemies":"2 Fungi Beasts","floor":12.0,"turns":4.0},{"damage":0.0,"enemies":"3 Louse","floor":13.0,"turns":3.0},{"damage":7.0,"enemies":"Exordium Thugs","floor":14.0,"turns":4.0},{"damage":39.0,"enemies":"Slime Boss","floor":16.0,"turns":10.0},{"damage":7.0,"enemies":"Chosen","floor":18.0,"turns":4.0},{"damage":54,"enemies":"3 Byrds","floor":20,"turns":6},{"damage":35,"enemies":"Centurion and Healer","floor":21,"turns":5}],"seed_played":"3272040603437380606","potions_obtained":[{"floor":1.0,"key":"Weak Potion"},{"floor":3.0,"key":"EntropicBrew"},{"floor":6.0,"key":"LiquidBronze"},{"floor":11.0,"key":"BlessingOfTheForge"},{"floor":14.0,"key":"BloodPotion"},{"floor":20,"key":"Explosive Potion"}],"is_trial":false,"path_per_floor":["M","M","?","$","M","E","R","M","T","M","E","M","M","M","R","B",null,"M","$","M","M"],"character_chosen":"IRONCLAD","items_purchased":["Feel No Pain","True Grit","OrangePellets","Discovery","Reckless Charge"],"campfire_rested":1,"item_purchase_floors":[4,4,19,19,19],"current_hp_per_floor":[80,80,80,80,78,66,66,61,61,54,42,46,52,51,75,58,80,82,82,34,0,0],"gold":116,"neow_bonus":"THREE_CARDS","is_daily":false,"chose_seed":false,"campfire_upgraded":1,"win_rate":0.0,"timestamp":1609498533,"path_taken":["M","M","?","$","M","E","R","M","T","M","E","M","?","?","R","BOSS","M","$","M","M"],"items_purchased_type":["Card","Card","Relic","Card","Card"],"build_version":"2020-12-22","purchased_purges":0,"victory":false,"max_hp_per_floor":[80,80,80,80,80,80,80,80,80,80,80,80,80,80,80,80,80,83,83,83,83,83],"card_choices":[{"not_picked":["Reckless Charge","Searing Blow"],"picked":"Sever Soul","floor":0.0},{"not_picked":["Dropkick","Armaments"],"picked":"Inflame","floor":1.0},{"not_picked":["Body Slam","Clash"],"picked":"Hemokinesis","floor":2.0},{"not_picked":["Battle Trance","Pummel"],"picked":"Iron Wave","floor":5.0},{"not_picked":["Second Wind","Bloodletting"],"picked":"Power Through","floor":6.0},{"not_picked":["Perfected Strike","Cleave"],"picked":"Clothesline","floor":8.0},{"not_picked":["Warcry","Hemokinesis"],"picked":"Flex","floor":10.0},{"not_picked":["True Grit","Power Through"],"picked":"Rage","floor":11.0},{"not_picked":["Pommel Strike","Headbutt"],"picked":"Dual Wield","floor":12.0},{"not_picked":["Iron Wave","True Grit"],"picked":"Heavy Blade","floor":13.0},{"not_picked":["Warcry","Iron Wave"],"picked":"Fiend Fire","floor":14.0},{"not_picked":["Berserk","Fiend Fire"],"picked":"Feed","floor":16.0},{"not_picked":["Clothesline","Inflame"],"picked":"Flex","floor":18.0},{"not_picked":["Perfected Strike","Whirlwind"],"picked":"Thunderclap+1","floor":20}],"player_experience":14553,"relics_obtained":[{"floor":6.0,"key":"Lantern"},{"floor":9.0,"key":"Nunchaku"},{"floor":11.0,"key":"MawBank"}],"event_choices":[{"damage_healed":0.0,"max_hp_gain":0.0,"max_hp_loss":0.0,"gold_gain":0.0,"event_name":"Lab","player_choice":"Got Potions","floor":3.0,"gold_loss":0.0,"damage_taken":0.0}],"is_beta":false,"boss_relics":[{"not_picked":["Tiny House","Sozu"],"picked":"Black Star"}],"items_purged_floors":[],"is_endless":false,"potions_floor_spawned":[1,6,10,11,14,20],"killed_by":"Centurion and Healer","ascension_level":0}}