{"host":"qc8h4lvnd2c314ki","time":1609494913,"event":{"mods":["ATMod(°¢èªMod)","AchievementEnabler","Act Like it!","Aspiration","BaseMod","Better Note","Better Third Choice","Curses Come First","Friendly Minions","GifTheSpireLib","Highlight Path","Mimic Mod","Minty Spire (QoL Compilation)","Random Character Button","Robot Space Explorer","Spicy Shops","StSLib","TheWitcher","¡¾ÒÅÎï¿¨ÅÆ¡¿REMEMod"],"gold_per_floor":[122,150,75,0,100,100,108,118,146,146,29,29,29,33,33,108,108,121,121,121,156,162,162,173,180,249,249,254,254],"floor_reached":28,"playtime":2710,"items_purged":["SnafuTest:DefaultCommonAttack","SnafuTest:DefaultCommonSkill"],"score":245,"play_id":"cc8cf08b-e3a7-4126-8818-9ceb61182777","local_time":"20210101175513","is_ascension_mode":false,"campfire_choices":[{"floor":10.0,"key":"RECALL"},{"data":"AT_FamilyPortrait","floor":12.0,"key":"SMITH"},{"data":"REME_BattleFury","floor":15.0,"key":"SMITH"},{"data":"SnafuTest:LandOfFables","floor":23.0,"key":"SMITH"},{"floor":27.0,"key":"REST"}],"circlet_count":0,"master_deck":["SnafuTest:DefaultCommonAttack","SnafuTest:DefaultCommonAttack","SnafuTest:BountyHunt","SnafuTest:DefaultCommonSkill","SnafuTest:DefaultCommonSkill","SnafuTest:SignQuen","AT_FamilyPortrait+1","SnafuTest:PowerFireDamnation","SnafuTest:PayArmorSmith","Enlightenment","SnafuTest:SignAard","SnafuTest:PowerHangmenTree","REME_BattleFury+1","SnafuTest:PowerTrialOfGrasses","SnafuTest:LandOfFables+1","SnafuTest:ShieldUp","SnafuTest:PowerBloodLust+1","SnafuTest:CareTaker+1","SnafuTest:SpellTortoise+1","SnafuTest:SpellChainLightning+1","Doubt"],"relics":["SnafuTest:UnstableMutagenRelic","AT_ATBox","REME_ComplimentaryCards","aspiration:Nostalgia","Ring of the Snake","Torii","aspiration:BabyByrd","Cursed Key","SnafuTest:CatRelic"],"acts_visited":["Exordium","TheCity"],"potions_floor_usage":[28],"damage_taken":[{"damage":1.0,"enemies":"2 Louse","floor":1.0,"turns":2.0},{"damage":1.0,"enemies":"Jaw Worm","floor":2.0,"turns":7.0},{"damage":0.0,"enemies":"Lagavulin","floor":6.0,"turns":17.0},{"damage":0.0,"enemies":"Cultist","floor":7.0,"turns":4.0},{"damage":3.0,"enemies":"Lots of Slimes","floor":8.0,"turns":2.0},{"damage":1.0,"enemies":"Looter","floor":9.0,"turns":17.0},{"damage":0.0,"enemies":"Looter","floor":14.0,"turns":2.0},{"damage":26.0,"enemies":"The Guardian","floor":16.0,"turns":12.0},{"damage":2.0,"enemies":"2 Thieves","floor":18.0,"turns":5.0},{"damage":17.0,"enemies":"3 Byrds","floor":21.0,"turns":5.0},{"damage":11.0,"enemies":"Snecko","floor":22.0,"turns":5.0},{"damage":20.0,"enemies":"Cultist and Chosen","floor":24.0,"turns":5.0},{"damage":26.0,"enemies":"Centurion and Healer","floor":25.0,"turns":6.0},{"damage":29,"enemies":"Slavers","floor":28,"turns":2}],"seed_played":"-2308001229321543073","potions_obtained":[{"floor":1.0,"key":"Swift Potion"},{"floor":6.0,"key":"BlessingOfTheForge"},{"floor":14.0,"key":"PowerPotion"}],"is_trial":false,"path_per_floor":["M","M","$","?","?","E","M","M","MIM","R","$","R","?","M","R","B",null,"M","$","?","M","M","R","M","M","T","R","E"],"character_chosen":"THE_WITCHER","items_purchased":["REME_BattleFury"],"campfire_rested":1,"item_purchase_floors":[11],"current_hp_per_floor":[74,73,73,79,79,79,79,76,75,75,75,75,75,75,75,49,81,79,79,79,62,51,51,31,5,5,29,0,0],"gold":254,"neow_bonus":"NOSTALGIA","is_daily":false,"chose_seed":false,"campfire_upgraded":3,"win_rate":0.0,"timestamp":1609494913,"path_taken":["M","M","$","?","?","E","M","?","MIM","R","$","R","?","M","R","BOSS","M","$","?","M","M","R","M","M","T","R","E"],"items_purchased_type":["Card"],"build_version":"2020-12-22","purchased_purges":2,"victory":false,"max_hp_per_floor":[75,75,75,81,81,81,81,81,81,81,81,81,81,81,81,81,81,81,81,81,81,81,81,81,81,81,81,81,81],"card_choices":[{"not_picked":["SnafuTest:CareTaker","SnafuTest:AncestralRitual"],"picked":"SnafuTest:PowerFireDamnation","floor":1.0},{"not_picked":["SnafuTest:SpellTelekinesis","SnafuTest:BombNorthernWind"],"picked":"SnafuTest:PayArmorSmith","floor":2.0},{"not_picked":["SnafuTest:PowerAlwaysAWay","SnafuTest:PayArmorSmith"],"picked":"SnafuTest:SignAard","floor":6.0},{"not_picked":["SnafuTest:PayWeaponSmith","SnafuTest:UndefeatedNarcissism"],"picked":"SnafuTest:PowerHangmenTree","floor":7.0},{"not_picked":["SnafuTest:BombDevilsPuffball","SnafuTest:PowerAlwaysOnRoads","SnafuTest:BombDimeritium"],"picked":"SKIP","floor":8.0},{"not_picked":["SnafuTest:QueensGuard","SnafuTest:PowerHangmenTree"],"picked":"SnafuTest:PowerTrialOfGrasses","floor":14.0},{"not_picked":["SnafuTest:OtherWorld","SnafuTest:IndifferentImmortality"],"picked":"SnafuTest:LandOfFables","floor":16.0},{"not_picked":["SnafuTest:BombMoonDust","SnafuTest:ExcessiveLevies"],"picked":"SnafuTest:ShieldUp","floor":18.0},{"not_picked":["SnafuTest:SwiftAssault","SnafuTest:Meditation"],"picked":"SnafuTest:CareTaker+1","floor":21.0},{"not_picked":["SnafuTest:PaySmithWorkshop","SnafuTest:SignAard","SnafuTest:SmashingSlash"],"picked":"SKIP","floor":22.0},{"not_picked":["SnafuTest:ExcessiveLevies","SnafuTest:SignAxii"],"picked":"SnafuTest:SpellTortoise+1","floor":24.0},{"not_picked":["SnafuTest:PowerAlwaysOnRoads","SnafuTest:SpellIncendiaryShower+1"],"picked":"SnafuTest:SpellChainLightning+1","floor":25.0}],"player_experience":495065,"relics_obtained":[{"floor":6.0,"key":"Torii"},{"floor":26.0,"key":"SnafuTest:CatRelic"}],"event_choices":[{"damage_healed":0.0,"max_hp_gain":0.0,"max_hp_loss":0.0,"gold_gain":0.0,"event_name":"betterThird:BetterSerpent","player_choice":"RENOUNCE","floor":4.0,"gold_loss":75.0,"damage_taken":75.0,"cards_obtained":["Enlightenment"]},{"damage_healed":0.0,"max_hp_gain":0.0,"max_hp_loss":0.0,"gold_gain":100.0,"event_name":"Wheel of Change","player_choice":"Gold","floor":5.0,"gold_loss":0.0,"damage_taken":0.0},{"cards_removed":["REME_BattleFury"],"damage_healed":0.0,"max_hp_gain":0.0,"max_hp_loss":0.0,"gold_gain":0.0,"event_name":"betterNote:BetterNote","player_choice":"Take \u0026 Give","floor":20.0,"gold_loss":0.0,"damage_taken":0.0,"cards_obtained":["SnafuTest:PowerBloodLust"]}],"is_beta":false,"boss_relics":[{"not_picked":["aspiration:FutureDiary","Runic Dome"],"picked":"Cursed Key"}],"items_purged_floors":[3,11],"is_endless":false,"potions_floor_spawned":[1,6,14,16,18,21,24],"killed_by":"Slavers","ascension_level":0}}