{"host":"e5u7qs1emxzejr12","time":1609502480,"event":{"mods":["2.2 Compatiblity","Act Like it!","Arknights The Spire","BaseMod","Card Forge","Custom Start","Hermit","Highlight Path","Luminous","Minty Spire (QoL Compilation)","Quick Restart","Reimu£®≤©¿ˆ¡È√Œ£©","Replay The Spire","Shop Mod","StSLib","SuperFastMode","UnlockEverythingMod"],"gold_per_floor":[129,44,44,44,44,146,221,308,308,124,124,205,292,376,376,601,601,652,490,529,449,291,384,465,570,619,619,619],"floor_reached":27,"playtime":1079,"items_purged":[],"score":947,"play_id":"9652e4e8-afc9-445e-8ccb-d98b3a8af4a6","local_time":"20210101200120","daily_mods":["Heirloom","Flight","DeadlyEvents","Elite Swarm","Midas"],"is_ascension_mode":true,"campfire_choices":[{"floor":11.0,"key":"RECALL"},{"floor":15.0,"key":"REST"}],"circlet_count":0,"master_deck":["AscendersBane","Defend_B+1","Zap+1","Dualcast+1","Ball Lightning+1","Storm+1","Electrodynamics+1","Mirror Shield+1","Pot Of Greed+1","Pot Of Greed+1","Machine Learning+1","Fission+1","All For One+1","Machine Learning+1","Storm+1","White Noise+1","Ball Lightning+1","Pot Of Greed+1","Creative AI+1"],"relics":["Cracked Core","Hammer of Thor","Seething Fire","Anvil of the Gods","Pocketwatch","Anchor","Ring of Misfortune","ReplayTheSpireMod:Ring of Collecting","Calipers","Mango","War Paint","Ring of Fury","Replay:Bottled Snecko","MerchantsRug","ReplayTheSpireMod:CursedCoin","Grinning Jar","Tea:ReiMu","Unceasing Top","Prayer Wheel","Busted Crown","DollysMirror","ZunR:ReiMu","Orrery","Nunchaku","StrikeDummy","CeramicFish","Lantern","Ring of Panic"],"acts_visited":["Exordium","TheCity"],"potions_floor_usage":[],"damage_taken":[{"damage":0.0,"enemies":"Cultist","floor":1.0,"turns":2.0},{"damage":13.0,"enemies":"Lagavulin","floor":6.0,"turns":4.0},{"damage":0.0,"enemies":"3 Sentries","floor":7.0,"turns":2.0},{"damage":0.0,"enemies":"Gremlin Nob","floor":8.0,"turns":3.0},{"damage":0.0,"enemies":"Replay:BlueRogue","floor":12.0,"turns":3.0},{"damage":6.0,"enemies":"Gremlin Nob","floor":13.0,"turns":3.0},{"damage":2.0,"enemies":"3 Sentries","floor":14.0,"turns":2.0},{"damage":0,"enemies":"Fading Forest","floor":16,"turns":13},{"damage":0,"enemies":"Spheric Guardian","floor":18,"turns":2},{"damage":11,"enemies":"Shell Parasite","floor":20,"turns":2},{"damage":8,"enemies":"Gremlin Leader","floor":23,"turns":2},{"damage":2,"enemies":"Slavers","floor":24,"turns":2},{"damage":4,"enemies":"Book of Stabbing","floor":25,"turns":2},{"damage":0,"enemies":"Gremlin Leader","floor":27,"turns":1}],"seed_played":"-8912288578135507355","potions_obtained":[{"floor":7.0,"key":"EssenceOfDarkness"},{"floor":13.0,"key":"Toxic Potion"},{"floor":20,"key":"FocusPotion"}],"is_trial":true,"path_per_floor":["M","$","?","?","?","E","E","E","T","$","R","E","E","E","R","B",null,"M","$","M","?","$","E","E","E","T","E"],"character_chosen":"DEFECT","items_purchased":["Storm","MerchantsRug","ReplayTheSpireMod:CursedCoin","Grinning Jar","DollysMirror","Orrery"],"campfire_rested":1,"item_purchase_floors":[2,10,10,10,19,22],"current_hp_per_floor":[64,64,64,64,64,51,65,65,65,65,65,65,59,57,82,82,84,84,84,73,65,65,57,55,51,51,51,51],"gold":619,"neow_bonus":"","is_daily":false,"chose_seed":false,"campfire_upgraded":0,"win_rate":0.0,"timestamp":1609502480,"path_taken":["M","?","?","?","?","E","E","?","T","$","R","E","E","E","R","BOSS","M","$","M","?","$","E","E","E","T","E"],"items_purchased_type":["Card","Relic","Relic","Relic","Relic","Relic"],"build_version":"2020-12-22","purchased_purges":0,"victory":false,"max_hp_per_floor":[71,71,71,71,71,71,85,85,85,85,85,85,85,85,85,85,85,85,85,85,85,85,85,85,85,85,85,85],"card_choices":[{"not_picked":["Conserve Battery","Beam Cell"],"picked":"Ball Lightning","floor":1.0},{"not_picked":["Thunder Strike","ReplayRNGCard"],"picked":"Electrodynamics","floor":6.0},{"not_picked":["Rainbow","ReplayRNGCard"],"picked":"Mirror Shield","floor":7.0},{"not_picked":["ReplayRNGCard","Multi-Cast"],"picked":"Machine Learning","floor":8.0},{"not_picked":["Thunder Strike","Reboot"],"picked":"Machine Learning","floor":12.0},{"not_picked":["ReplayRNGCard","Buffer"],"picked":"Fission","floor":13.0},{"not_picked":["Hyperbeam","Buffer"],"picked":"All For One","floor":14.0},{"not_picked":["Hyperbeam","Seek"],"picked":"Machine Learning","floor":16},{"not_picked":["Streamline"],"picked":"SKIP","floor":18},{"not_picked":["Hologram"],"picked":"SKIP","floor":18},{"not_picked":["Turbo"],"picked":"SKIP","floor":20},{"not_picked":["Cold Snap"],"picked":"SKIP","floor":20},{"not_picked":[],"picked":"White Noise","floor":22},{"not_picked":[],"picked":"Ball Lightning","floor":22},{"not_picked":["Core Surge"],"picked":"SKIP","floor":23},{"not_picked":[],"picked":"Creative AI","floor":24},{"not_picked":["Machine Learning"],"picked":"SKIP","floor":25}],"player_experience":48327,"relics_obtained":[{"floor":5.0,"key":"Ring of Misfortune"},{"floor":5.0,"key":"ReplayTheSpireMod:Ring of Collecting"},{"floor":6.0,"key":"Calipers"},{"floor":7.0,"key":"Mango"},{"floor":8.0,"key":"War Paint"},{"floor":9.0,"key":"Ring of Fury"},{"floor":9.0,"key":"Replay:Bottled Snecko"},{"floor":12.0,"key":"Tea:ReiMu"},{"floor":13.0,"key":"Unceasing Top"},{"floor":14.0,"key":"Prayer Wheel"},{"floor":23,"key":"Nunchaku"},{"floor":24,"key":"StrikeDummy"},{"floor":25,"key":"CeramicFish"},{"floor":26,"key":"Lantern"},{"floor":26,"key":"Ring of Panic"}],"event_choices":[{"damage_healed":0.0,"max_hp_gain":0.0,"max_hp_loss":0.0,"gold_gain":0.0,"event_name":"Shining Light","player_choice":"Ignored","floor":3.0,"gold_loss":0.0,"damage_taken":0.0},{"damage_healed":0.0,"max_hp_gain":0.0,"max_hp_loss":0.0,"gold_gain":0.0,"event_name":"Big Fish","player_choice":"Box","floor":4.0,"gold_loss":0.0,"damage_taken":0.0,"relics_obtained":["Anchor"],"cards_obtained":["Regret"]},{"damage_healed":0,"gold_gain":0,"player_choice":"π∫¬Ú…Òæ∆","damage_taken":8,"relics_obtained":["ZunR:ReiMu"],"max_hp_gain":0,"max_hp_loss":0,"event_name":"ZunEvent","floor":21,"gold_loss":0}],"is_beta":false,"boss_relics":[{"not_picked":["Empty Cage","Replay:Wanted Poster"],"picked":"Busted Crown"}],"items_purged_floors":[],"is_endless":false,"potions_floor_spawned":[7,13,16,20,23,25],"killed_by":"Gremlin Leader","ascension_level":20}}