{"host":"63howft1cojq0ioc","time":1609478065,"event":{"mods":["Act Like it!","Aspiration","BaseMod","DeckTracker","Downfall","Infinite Spire","Minty Spire (QoL Compilation)","Quick Restart","Relic Stats","Replay The Spire","StSLib","SuperFastMode","The Jungle"],"gold_per_floor":[113,113,67,84,101,134,150,180,262,262,276,276,17,52,52,147,147,161,180,180,25,39,39,39,52,52,77,77,87,87,122,122,223,223,235,250,250,280,294,294,294],"floor_reached":40,"playtime":2043,"items_purged":[],"score":620,"play_id":"a3f5691a-fff5-4426-a2b2-e35099017d92","local_time":"20210101031425","is_ascension_mode":true,"campfire_choices":[{"floor":10,"key":"REST"},{"data":"Offering","floor":12,"key":"SMITH"},{"floor":15,"key":"DIG"},{"floor":23,"key":"REST"},{"floor":32,"key":"REST"}],"circlet_count":0,"master_deck":["Strike_R+1","Strike_R+1","Strike_R+1","Strike_R+1","Defend_R","Defend_R","Defend_R","Bash","Flex","Clash","Cleave","Armaments","Offering+1","Flex","Inflame+1","Anger+1","Double Tap+1","Thunderclap+1","Rampage","Battle Trance","Anger+1","Demonic Infusion","Thunderclap+1","Flex","Pommel Strike"],"relics":["Black Blood","NeowsBlessing","Frozen Egg 2","Meat on the Bone","Replay:Bottled Eggs","infinitespire:BottledMercury","Toy Ornithopter","infinitespire:PuzzleCube","Black Star","Regal Pillow","aspiration:StickyExplosives_weak","aspiration:HummingbirdHeart","Unceasing Top","infinitespire:Joker Card","Whetstone","Self Forming Clay","Another Sword"],"acts_visited":["Exordium","TheCity","TheBeyond"],"potions_floor_usage":[33,33],"damage_taken":[{"damage":0,"enemies":"Cultist","floor":1,"turns":1},{"damage":0,"enemies":"Jaw Worm","floor":4,"turns":1},{"damage":0,"enemies":"2 Louse","floor":5,"turns":1},{"damage":21,"enemies":"Gremlin Nob","floor":6,"turns":4},{"damage":0,"enemies":"Gremlin Gang","floor":7,"turns":3},{"damage":36,"enemies":"Lagavulin","floor":8,"turns":4},{"damage":6,"enemies":"2 Fungi Beasts","floor":11,"turns":2},{"damage":11,"enemies":"3 Sentries","floor":14,"turns":3},{"damage":6,"enemies":"Slime Boss","floor":16,"turns":4},{"damage":20,"enemies":"Shell Parasite","floor":18,"turns":2},{"damage":26,"enemies":"Spheric Guardian","floor":19,"turns":4},{"damage":25,"enemies":"Chosen and Byrds","floor":22,"turns":3},{"damage":13,"enemies":"Cultist and Chosen","floor":25,"turns":3},{"damage":31,"enemies":"Book of Stabbing","floor":27,"turns":3},{"damage":23,"enemies":"Snecko","floor":29,"turns":4},{"damage":14,"enemies":"Replay:Snechameleon","floor":31,"turns":3},{"damage":27,"enemies":"Automaton","floor":33,"turns":6},{"damage":11,"enemies":"3 Darklings","floor":35,"turns":3},{"damage":3,"enemies":"Orb Walker","floor":36,"turns":2},{"damage":15,"enemies":"Spire Growth","floor":39,"turns":3},{"damage":57,"enemies":"Nightmare","floor":40,"turns":5}],"seed_played":"2694893848778619521","potions_obtained":[{"floor":1,"key":"Elixir"},{"floor":11,"key":"HeartOfIron"},{"floor":19,"key":"Milkshake"},{"floor":22,"key":"Energy Potion"},{"floor":33,"key":"Block Potion"},{"floor":35,"key":"SmokeBomb"}],"is_trial":false,"path_per_floor":["M","?","$","M","M","E","M","E","T","R","M","R","$","E","R","B",null,"M","M","?","$","M","R","?","M","T","E","AVR","M","$","E","R","B",null,"M","M","?","?","M","NM"],"character_chosen":"IRONCLAD","items_purchased":["Clash","infinitespire:BottledMercury","Regal Pillow"],"campfire_rested":3,"item_purchase_floors":[3,13,21],"current_hp_per_floor":[80,80,80,80,80,65,71,41,41,65,65,65,65,60,60,60,75,61,53,53,53,46,80,80,73,73,48,48,43,43,47,80,59,75,76,80,80,60,57,0,0],"gold":294,"neow_bonus":"THREE_ENEMY_KILL","is_daily":false,"chose_seed":false,"campfire_upgraded":1,"win_rate":0.0,"timestamp":1609478065,"path_taken":["M","?","?","M","?","E","M","E","T","R","M","R","$","E","R","BOSS","M","M","?","?","?","R","?","M","T","E","AVR","M","$","E","R","BOSS","M","?","?","?","M","NM"],"items_purchased_type":["Card","Relic","Relic"],"build_version":"2020-12-22","purchased_purges":0,"victory":false,"max_hp_per_floor":[80,80,80,80,80,80,80,80,80,80,80,80,80,80,80,80,80,80,80,80,80,80,80,80,80,80,80,80,80,80,80,80,80,80,80,80,80,80,80,80,80],"relic_stats":{"Regal Pillow":19,"counters":[21,63],"Self Forming Clay":[48],"Black Blood":115,"Black Star":2,"Whetstone":["Anger","Anger"],"obtain_stats":[{"infinitespire:BottledMercury":13,"Regal Pillow":21,"NeowsBlessing":0,"Self Forming Clay":31,"Black Blood":34,"infinitespire:Joker Card":28,"aspiration:HummingbirdHeart":27,"Whetstone":31,"Frozen Egg 2":6,"Burning Blood":0,"aspiration:StickyExplosives_weak":26,"Another Sword":38,"Black Star":17,"Replay:Bottled Eggs":9,"Toy Ornithopter":14,"infinitespire:PuzzleCube":15,"Unceasing Top":27,"Meat on the Bone":8},{"infinitespire:BottledMercury":7,"Regal Pillow":11,"NeowsBlessing":0,"Self Forming Clay":16,"Black Blood":17,"infinitespire:Joker Card":14,"aspiration:HummingbirdHeart":14,"Whetstone":16,"Frozen Egg 2":4,"Burning Blood":0,"aspiration:StickyExplosives_weak":13,"Another Sword":19,"Black Star":9,"Replay:Bottled Eggs":6,"Toy Ornithopter":8,"infinitespire:PuzzleCube":8,"Unceasing Top":14,"Meat on the Bone":6},{"infinitespire:BottledMercury":16,"Regal Pillow":29,"NeowsBlessing":0,"Self Forming Clay":44,"Black Blood":50,"infinitespire:Joker Card":38,"aspiration:HummingbirdHeart":38,"Whetstone":44,"Frozen Egg 2":7,"Burning Blood":0,"aspiration:StickyExplosives_weak":35,"Another Sword":55,"Black Star":23,"Replay:Bottled Eggs":14,"Toy Ornithopter":19,"infinitespire:PuzzleCube":19,"Unceasing Top":38,"Meat on the Bone":14}],"Toy Ornithopter":0,"Unceasing Top":[3],"Meat on the Bone":48},"card_choices":[{"not_picked":["Sword Boomerang","Dropkick"],"picked":"Flex","floor":1},{"not_picked":["Wild Strike","Run Through"],"picked":"Cleave","floor":4},{"not_picked":["Uppercut","ReplayTheSpireMod:Muscle Training"],"picked":"Armaments","floor":5},{"not_picked":["Barricade+1","Battle Trance"],"picked":"Offering","floor":6},{"not_picked":["Headbutt","Pommel Strike"],"picked":"Flex","floor":7},{"not_picked":["Disarm","Sever Soul"],"picked":"Inflame+1","floor":8},{"not_picked":["Pummel","Run Through"],"picked":"Anger","floor":11},{"not_picked":["Reckless Charge","Havoc","Shockwave"],"picked":"SKIP","floor":14},{"not_picked":["Demonic Infusion","Fiend Fire"],"picked":"Double Tap","floor":16},{"not_picked":["Iron Wave+1","Wild Strike","ReplayTheSpireMod:Strike From Hell+1"],"picked":"SKIP","floor":18},{"not_picked":["Dual Wield+1","Iron Wave","True Grit"],"picked":"SKIP","floor":19},{"not_picked":["Demonic Infusion","Warcry"],"picked":"Thunderclap+1","floor":22},{"not_picked":["Perfected Strike","Combust+1"],"picked":"Battle Trance","floor":25},{"not_picked":["ReplayTheSpireMod:Stacked","Armaments+1"],"picked":"Anger","floor":27},{"not_picked":["Berserk+1","Run Through","Flex"],"picked":"SKIP","floor":29},{"not_picked":["Corruption+1","Headbutt","True Grit"],"picked":"SKIP","floor":31},{"not_picked":["Bludgeon","Hemogenesis"],"picked":"Demonic Infusion","floor":33},{"not_picked":["Iron Wave","Replay:Undeath\u0027s Touch+1"],"picked":"Thunderclap+1","floor":35},{"not_picked":["Perfected Strike","Havoc"],"picked":"Flex","floor":36},{"not_picked":["Intimidate+1","Corruption+1"],"picked":"Pommel Strike","floor":38},{"not_picked":["Hemokinesis+1","ReplayTheSpireMod:Stacked","Havoc"],"picked":"SKIP","floor":39}],"player_experience":105287,"relics_obtained":[{"floor":6,"key":"Frozen Egg 2"},{"floor":8,"key":"Meat on the Bone"},{"floor":9,"key":"Replay:Bottled Eggs"},{"floor":14,"key":"Toy Ornithopter"},{"floor":15,"key":"infinitespire:PuzzleCube"},{"floor":26,"key":"aspiration:StickyExplosives_weak"},{"floor":27,"key":"aspiration:HummingbirdHeart"},{"floor":27,"key":"Unceasing Top"},{"floor":31,"key":"Whetstone"},{"floor":31,"key":"Self Forming Clay"},{"floor":38,"key":"Another Sword"}],"event_choices":[{"cards_removed":["Strike_R"],"damage_healed":0,"gold_gain":0,"player_choice":"Card Removal","damage_taken":0,"max_hp_gain":0,"max_hp_loss":0,"event_name":"Wheel of Change","floor":2,"gold_loss":0},{"damage_healed":0,"gold_gain":0,"player_choice":"Forge","damage_taken":0,"max_hp_gain":0,"max_hp_loss":0,"event_name":"Accursed Blacksmith","floor":20,"gold_loss":0,"cards_upgraded":["Double Tap"]},{"damage_healed":0,"gold_gain":0,"cards_transformed":["Defend_R"],"player_choice":"Transformed","damage_taken":0,"max_hp_gain":0,"max_hp_loss":0,"event_name":"Transmorgrifier","floor":24,"gold_loss":0,"cards_obtained":["Rampage"]}],"is_beta":false,"boss_relics":[{"not_picked":["aspiration:RitualDagger","ReplayTheSpireMod:DimensionalGlitch"],"picked":"Black Star"},{"not_picked":["Painkiller Herb","SlaversCollar"],"picked":"Black Blood"}],"items_purged_floors":[],"is_endless":false,"potions_floor_spawned":[1,11,19,22,27,29,33,35,39],"killed_by":"Nightmare","ascension_level":5}}