{"host":"5fasz840ryq7obdf","time":1609536813,"event":{"mods":["AchievementEnabler","BaseMod","Bestiary","Better Altar","Better Skull","Better Third Choice","BetterRewards","Block Reminder","Colored Powertips","Curses Come First","Highlight Path","Minty Spire (QoL Compilation)","Quick Restart","Relic Sorter","Relic Stats","Replay The Spire","Shop Mod","Spicy Shops","StSLib","SuperFastMode"],"gold_per_floor":[119,135,154,18,18,45,65,97,120,120,146,146,146,156,156,227,227,242,76,126,146,10,10,10,36,36,63,63,91,108,136,136,209,209,223,223,223,239,288,318,348,383,383,409,409,424,90,116,116,116,116,116],"floor_reached":51,"playtime":4158,"items_purged":["Strike_B","Strike_B"],"score":2349,"play_id":"d06de444-546f-49ea-80a9-006bee395513","local_time":"20210101213333","is_ascension_mode":true,"campfire_choices":[{"floor":10.0,"key":"REST"},{"data":"Seek","floor":13.0,"key":"SMITH"},{"data":"Hyperbeam","floor":23.0,"key":"SMITH"},{"data":"Reboot","floor":28.0,"key":"SMITH"},{"data":"Go for the Eyes","floor":32.0,"key":"SMITH"},{"data":"Replay:Many Hands","floor":45,"key":"SMITH"},{"floor":49,"key":"RECALL"}],"circlet_count":0,"master_deck":["AscendersBane","Strike_B","Strike_B","Defend_B","Defend_B","Defend_B","Defend_B","Zap","Dualcast","Beam Cell","Hyperbeam+1","Coolheaded+1","ReplayTheSpireMod:Private Reserves","Compile Driver","Conserve Battery","Melter","Beam Cell","Scrape+1","Gash","Turbo","Seek+1","Steam","Replay:Many Hands+1","Reboot+1","Go for the Eyes","Gash","Go for the Eyes+1","ReplaySolidLightProjector","Skim","Core Surge","Stack+1","Poisoned Strike","Seek","Doom and Gloom","White Noise+1","Streamline","Undo+1","Reinforced Body"],"relics":["Cracked Core","ReplayTheSpireMod:Lightbulb","Snack Pack","Akabeko","Smiling Mask","Toy Ornithopter","Nuclear Battery","Replay:Mystery Machine","Boot","Blue Candle","Singing Bowl","Centennial Puzzle","Iron Hammer","WingedGreaves","Coffee Dripper","Gambling Chip","Vajra","Omamori","Mercury Hourglass","StrikeDummy","Pen Nib","Replay:Bottled Snecko"],"acts_visited":["Exordium","TheCity","TheBeyond"],"potions_floor_usage":[50,50],"damage_taken":[{"damage":1.0,"enemies":"2 Louse","floor":1.0,"turns":2.0},{"damage":0.0,"enemies":"Cultist","floor":2.0,"turns":2.0},{"damage":0.0,"enemies":"Small Slimes","floor":3.0,"turns":1.0},{"damage":21.0,"enemies":"3 Sentries","floor":6.0,"turns":6.0},{"damage":7.0,"enemies":"Red Slaver","floor":7.0,"turns":3.0},{"damage":0.0,"enemies":"Lagavulin","floor":8.0,"turns":4.0},{"damage":10.0,"enemies":"3 Sentries","floor":11.0,"turns":3.0},{"damage":5.0,"enemies":"Looter","floor":14.0,"turns":2.0},{"damage":44.0,"enemies":"The Guardian","floor":16.0,"turns":9.0},{"damage":7.0,"enemies":"3 Byrds","floor":18.0,"turns":4.0},{"damage":0.0,"enemies":"Spheric Guardian","floor":21.0,"turns":3.0},{"damage":2.0,"enemies":"Book of Stabbing","floor":25.0,"turns":3.0},{"damage":26.0,"enemies":"Slavers","floor":27.0,"turns":3.0},{"damage":24.0,"enemies":"Gremlin Leader","floor":29.0,"turns":4.0},{"damage":18.0,"enemies":"Snake Plant","floor":30.0,"turns":2.0},{"damage":0.0,"enemies":"Book of Stabbing","floor":31.0,"turns":3.0},{"damage":37.0,"enemies":"Pondfish","floor":33.0,"turns":5.0},{"damage":9.0,"enemies":"3 Shapes","floor":35.0,"turns":3.0},{"damage":0,"enemies":"3 Darklings","floor":38,"turns":1},{"damage":1,"enemies":"2 Orb Walkers","floor":39,"turns":3},{"damage":1,"enemies":"Nemesis","floor":40,"turns":5},{"damage":1,"enemies":"R_Hoarder","floor":41,"turns":5},{"damage":0,"enemies":"Giant Head","floor":42,"turns":4},{"damage":36,"enemies":"R_Hoarder","floor":44,"turns":7},{"damage":0,"enemies":"Transient","floor":46,"turns":6},{"damage":0,"enemies":"Nemesis","floor":48,"turns":2},{"damage":94,"enemies":"Donu and Deca","floor":50,"turns":10},{"damage":34,"enemies":"Time Eater","floor":51,"turns":4}],"seed_played":"4757645694349111104","potions_obtained":[{"floor":1.0,"key":"ColorlessPotion"},{"floor":2.0,"key":"ColorlessPotion"},{"floor":5.0,"key":"LiquidMemories"},{"floor":6.0,"key":"Strength Potion"},{"floor":27.0,"key":"Fire Potion"},{"floor":29.0,"key":"Venom Potion"},{"floor":30.0,"key":"LiquidMemories"},{"floor":31.0,"key":"Elixir"},{"floor":38,"key":"LifebloodPotion"},{"floor":39,"key":"LifebloodPotion"}],"is_trial":false,"path_per_floor":["M","M","M","$","?","E","M","E","T","R","E","?","R","M","R","B",null,"M","$","?","M","$","R","?","E","T","E","R","E","M","E","R","B",null,"M","?","?","M","?","E","E","E","T","E","R","M","$","E","R","B","B"],"character_chosen":"DEFECT","items_purchased":["Beam Cell","Hyperbeam","Coolheaded+1","ReplayTheSpireMod:Private Reserves","ReplayTheSpireMod:Lightbulb","Compile Driver","Conserve Battery","Scrape","Gash","Replay:Mystery Machine","Boot","Pen Nib","Reinforced Body"],"campfire_rested":1,"item_purchase_floors":[0,0,0,0,0,0,0,4,4,19,22,47,47],"current_hp_per_floor":[31,31,31,31,31,10,5,9,9,30,24,21,21,20,41,16,57,56,56,56,58,58,58,58,64,64,46,46,32,27,42,42,23,62,55,55,55,61,70,79,81,81,81,55,55,79,79,85,85,15,0,0],"gold":116,"neow_bonus":"","is_daily":false,"chose_seed":false,"campfire_upgraded":5,"win_rate":0.0,"timestamp":1609536813,"path_taken":["M","M","M","$","?","E","?","E","T","R","E","?","R","M","R","BOSS","M","$","?","?","$","R","?","E","T","E","R","E","M","E","R","BOSS","M","?","?","?","?","E","E","E","T","E","R","M","$","E","R","BOSS","BOSS"],"items_purchased_type":["Card","Card","Card","Card","Relic","Card","Card","Card","Card","Relic","Relic","Relic","Card"],"build_version":"2020-12-22","purchased_purges":2,"victory":false,"max_hp_per_floor":[71,71,71,71,71,71,71,71,71,71,71,71,71,71,71,71,71,71,71,71,71,71,71,71,71,71,73,73,73,73,75,75,75,75,75,75,75,77,79,79,81,81,81,81,81,83,83,85,85,85,85,85],"relic_stats":{"Centennial Puzzle":[30],"Singing Bowl":14,"counters":[129,576],"Blue Candle":[4],"Gambling Chip":[18],"Pen Nib":[7],"Smiling Mask":75,"Boot":[215],"obtain_stats":[{"Ice Cream":0,"Divine Protection":40,"Golden Egg":0,"CeramicFish":31,"Vajra":9,"Runic Capacitor":0,"Boot":22,"FrozenCore":0,"Sozu":17,"Centennial Puzzle":27,"Replay:Frozen Program":0,"DollysMirror":31,"Strawberry":9,"Prayer Wheel":18,"Iron Hammer":23,"HandDrill":0,"Kunai":25,"Replay:Bottled Steam":7,"Happy Flower":19,"Blue Candle":25,"Oddly Smooth Stone":0,"Velvet Choker":17,"Pen Nib":6,"Akabeko":8,"Cables":0,"WarpedTongs":4,"SlaversCollar":34,"OrangePellets":0,"Replay:Baseball":8,"Bottled Flame":9,"ReplayTheSpireMod:Shallot":38,"Shuriken":9,"ReplayTheSpireMod:TigerMarble":8,"Symbiotic Virus":0,"StrikeDummy":44,"Meat on the Bone":11,"Darkstone Periapt":30,"Lantern":0,"Replay:PocketPolymizer":13,"Torii":0,"Singing Bowl":0,"Blue Doll":27,"Juzu Bracelet":26,"Replay:Mystery Machine":19,"Ancient Tea Set":14,"Smiling Mask":9,"Emotion Chip":0,"Dream Catcher":29,"Replay:Bandana":47,"Nunchaku":6,"TheAbacus":3,"Mummified Hand":9,"Gambling Chip":6,"Tiny Chest":0,"WingedGreaves":31,"Red Mask":20,"Replay:Bottled Snecko":48,"Cracked Core":0,"InkBottle":23,"BargainBundle":0,"Golden Idol":2,"PreservedInsect":28,"Geode":6,"Omamori":41,"MawBank":12,"Mercury Hourglass":6,"Nuclear Battery":17,"Peace Pipe":14,"DataDisk":25,"Busted Crown":17,"Orrery":0,"Turnip":21,"Garlic":0,"Art of War":3,"Snack Pack":6,"Coffee Dripper":34,"Membership Card":38,"ReplayTheSpireMod:Lightbulb":0,"TungstenRod":23,"Toy Ornithopter":11},{"Ice Cream":18,"Divine Protection":52,"Golden Egg":76,"CeramicFish":46,"Vajra":61,"Runic Capacitor":25,"Boot":112,"FrozenCore":67,"Sozu":9,"Centennial Puzzle":114,"Replay:Frozen Program":25,"DollysMirror":17,"Strawberry":71,"Prayer Wheel":86,"Iron Hammer":89,"HandDrill":25,"Kunai":14,"Replay:Bottled Steam":98,"Happy Flower":10,"Blue Candle":113,"Oddly Smooth Stone":0,"Velvet Choker":39,"Pen Nib":23,"Akabeko":107,"Cables":0,"WarpedTongs":68,"SlaversCollar":47,"OrangePellets":95,"Replay:Baseball":61,"Bottled Flame":98,"ReplayTheSpireMod:Shallot":50,"Shuriken":6,"ReplayTheSpireMod:TigerMarble":35,"Symbiotic Virus":28,"StrikeDummy":125,"Meat on the Bone":7,"Darkstone Periapt":17,"Lantern":28,"Replay:PocketPolymizer":84,"Torii":0,"Singing Bowl":0,"Blue Doll":91,"Juzu Bracelet":44,"Replay:Mystery Machine":111,"Ancient Tea Set":8,"Smiling Mask":107,"Emotion Chip":0,"Dream Catcher":45,"Replay:Bandana":54,"Nunchaku":80,"TheAbacus":78,"Mummified Hand":35,"Gambling Chip":5,"Tiny Chest":18,"WingedGreaves":117,"Red Mask":11,"Replay:Bottled Snecko":127,"Cracked Core":0,"InkBottle":43,"BargainBundle":76,"Golden Idol":68,"PreservedInsect":16,"Geode":33,"Omamori":123,"MawBank":84,"Mercury Hourglass":70,"Nuclear Battery":110,"Peace Pipe":38,"DataDisk":44,"Busted Crown":85,"Orrery":0,"Turnip":41,"Garlic":56,"Art of War":96,"Snack Pack":105,"Coffee Dripper":118,"Membership Card":50,"ReplayTheSpireMod:Lightbulb":101,"TungstenRod":13,"Toy Ornithopter":108},{"Ice Cream":76,"Divine Protection":261,"Golden Egg":371,"CeramicFish":213,"Vajra":317,"Runic Capacitor":103,"Boot":506,"FrozenCore":343,"Sozu":31,"Centennial Puzzle":512,"Replay:Frozen Program":103,"DollysMirror":66,"Strawberry":358,"Prayer Wheel":410,"Iron Hammer":426,"HandDrill":103,"Kunai":50,"Replay:Bottled Steam":457,"Happy Flower":35,"Blue Candle":509,"Oddly Smooth Stone":0,"Velvet Choker":164,"Pen Nib":97,"Akabeko":485,"Cables":0,"WarpedTongs":346,"SlaversCollar":227,"OrangePellets":449,"Replay:Baseball":317,"Bottled Flame":457,"ReplayTheSpireMod:Shallot":241,"Shuriken":18,"ReplayTheSpireMod:TigerMarble":144,"Symbiotic Virus":113,"StrikeDummy":554,"Meat on the Bone":21,"Darkstone Periapt":66,"Lantern":113,"Replay:PocketPolymizer":397,"Torii":0,"Singing Bowl":0,"Blue Doll":436,"Juzu Bracelet":192,"Replay:Mystery Machine":503,"Ancient Tea Set":24,"Smiling Mask":485,"Emotion Chip":0,"Dream Catcher":204,"Replay:Bandana":278,"Nunchaku":383,"TheAbacus":376,"Mummified Hand":144,"Gambling Chip":15,"Tiny Chest":76,"WingedGreaves":521,"Red Mask":36,"Replay:Bottled Snecko":562,"Cracked Core":0,"InkBottle":186,"BargainBundle":371,"Golden Idol":346,"PreservedInsect":61,"Geode":130,"Omamori":543,"MawBank":397,"Mercury Hourglass":355,"Nuclear Battery":499,"Peace Pipe":158,"DataDisk":192,"Busted Crown":406,"Orrery":0,"Turnip":173,"Garlic":298,"Art of War":451,"Snack Pack":478,"Coffee Dripper":526,"Membership Card":241,"ReplayTheSpireMod:Lightbulb":467,"TungstenRod":46,"Toy Ornithopter":488}],"Toy Ornithopter":25,"Mercury Hourglass":[58]},"card_choices":[{"not_picked":["Barrage","Compile Driver","Time Bomb"],"picked":"SKIP","floor":1.0},{"not_picked":["Coolheaded","Panic Button"],"picked":"Melter","floor":2.0},{"not_picked":["Barrage","Blizzard"],"picked":"Beam Cell","floor":3.0},{"not_picked":["Redo","Compile Driver"],"picked":"Turbo","floor":6.0},{"not_picked":["Stack","ReplayTheSpireMod:Repulse"],"picked":"Seek","floor":7.0},{"not_picked":["Barrage","Recycle"],"picked":"Steam","floor":8.0},{"not_picked":["Cold Snap","Time Bomb","Hello World"],"picked":"SKIP","floor":11.0},{"not_picked":["Panic Button","Aggregate","Sweeping Beam"],"picked":"SKIP","floor":14.0},{"not_picked":["Mirror Shield","Multi-Cast"],"picked":"Reboot","floor":16.0},{"not_picked":["Turbo","Gash"],"picked":"Go for the Eyes","floor":18.0},{"not_picked":["Consume","Barrage"],"picked":"Gash","floor":21.0},{"not_picked":["Ball Lightning","Blizzard"],"picked":"Go for the Eyes","floor":25.0},{"not_picked":["Rainbow","Redo","Rebound"],"picked":"Singing Bowl","floor":27.0},{"not_picked":["ReplayRNGCard","Beam Cell"],"picked":"ReplaySolidLightProjector","floor":29.0},{"not_picked":["Chaos","ReplayTheSpireMod:Calculation Training"],"picked":"Skim","floor":30.0},{"not_picked":["Go for the Eyes","Ball Lightning","Coolheaded"],"picked":"Singing Bowl","floor":31.0},{"not_picked":["Echo Form","Biased Cognition"],"picked":"Core Surge","floor":33.0},{"not_picked":["Streamline","Cold Snap"],"picked":"Stack+1","floor":35.0},{"not_picked":["Survey Options","Jack Of All Trades"],"picked":"Poisoned Strike","floor":36.0},{"not_picked":["Sweeping Beam","Compile Driver","Panic Button"],"picked":"Singing Bowl","floor":38},{"not_picked":["Go for the Eyes","Auto Shields","ReplayGash"],"picked":"Singing Bowl","floor":39},{"not_picked":["Beam Cell","Glacier+1"],"picked":"White Noise+1","floor":40},{"not_picked":["Loop+1","Tempest","ReplayTheSpireMod:Calculation Training"],"picked":"Singing Bowl","floor":41},{"not_picked":["Barrage","Chaos"],"picked":"Streamline","floor":42},{"not_picked":["Skim","Rip and Tear+1"],"picked":"Undo+1","floor":44},{"not_picked":["Consume","Rip and Tear","Glacier"],"picked":"Singing Bowl","floor":46},{"not_picked":["BasicCrystalCard","Cold Snap+1","Barrage"],"picked":"Singing Bowl","floor":48}],"player_experience":1347876,"relics_obtained":[{"floor":6.0,"key":"Snack Pack"},{"floor":8.0,"key":"Akabeko"},{"floor":9.0,"key":"Smiling Mask"},{"floor":11.0,"key":"Toy Ornithopter"},{"floor":25.0,"key":"Blue Candle"},{"floor":26.0,"key":"Singing Bowl"},{"floor":27.0,"key":"Centennial Puzzle"},{"floor":29.0,"key":"Iron Hammer"},{"floor":31.0,"key":"WingedGreaves"},{"floor":39,"key":"Gambling Chip"},{"floor":40,"key":"Vajra"},{"floor":41,"key":"Omamori"},{"floor":42,"key":"Mercury Hourglass"},{"floor":44,"key":"StrikeDummy"},{"floor":48,"key":"Replay:Bottled Snecko"}],"event_choices":[{"damage_healed":0.0,"max_hp_gain":0.0,"max_hp_loss":0.0,"gold_gain":0.0,"event_name":"Lab","player_choice":"Got Potions","floor":5.0,"gold_loss":0.0,"damage_taken":0.0},{"damage_healed":0.0,"max_hp_gain":0.0,"max_hp_loss":0.0,"gold_gain":0.0,"event_name":"betterThird:BetterScrap","player_choice":"Card ","floor":12.0,"gold_loss":0.0,"damage_taken":3.0,"cards_obtained":["Replay:Many Hands"]},{"damage_healed":0.0,"max_hp_gain":0.0,"max_hp_loss":0.0,"gold_gain":50.0,"event_name":"Golden Shrine","player_choice":"Pray","floor":20.0,"gold_loss":0.0,"damage_taken":0.0},{"damage_healed":0.0,"max_hp_gain":0.0,"max_hp_loss":0.0,"gold_gain":0.0,"event_name":"SensoryStone","player_choice":"Memory 1","floor":36.0,"gold_loss":0.0,"damage_taken":0.0},{"damage_healed":0.0,"max_hp_gain":0.0,"max_hp_loss":0.0,"gold_gain":0.0,"event_name":"Match and Keep!","player_choice":"2 cards matched","floor":37.0,"gold_loss":0.0,"damage_taken":0.0,"cards_obtained":["Seek","Doom and Gloom"]},{"damage_healed":0,"gold_gain":0,"player_choice":"Fight","damage_taken":0,"max_hp_gain":0,"max_hp_loss":0,"event_name":"Mysterious Sphere","floor":39,"gold_loss":0}],"is_beta":false,"boss_relics":[{"not_picked":["Honey Jar","Velvet Choker"],"picked":"Nuclear Battery"},{"not_picked":["Runic Pyramid","Fusion Hammer"],"picked":"Coffee Dripper"}],"items_purged_floors":[22,47],"is_endless":false,"potions_floor_spawned":[1,2,6,27,29,30,31,38,39,42],"killed_by":"Time Eater","ascension_level":20}}