{"host":"p5axfb00mxhraew6","time":1609470067,"event":{"mods":["Abigail Mod","Act Like it!","BaseMod","CapriCore","Friendly Minions","GifTheSpireLib","Jedi Mod","KomeijiMod","MarisaÅiñ∂âJÅ@ñÇóùçπÅj","Minty Spire (QoL Compilation)","Prisma Mod","ReimuÅiîé??öÎÅj","RemiliaÅiÂQïƒ‰ª?Åj","SOSÅiézîb?îVéqÅj","StSLib","Td1madao Mod","The Alterego","The Immortal","The Problem Sleuth","Yakumo Yukari mod"],"gold_per_floor":[131,151,151,33,33,76,76,90,90,130,130,70,104,127,127,223,223,239,120,17,67,16,49,72,72,95,138,159,192,211,211,211,304,304,320,341,366,366,385,423,423,423,447,447,470,483,483,483,483,483,483,483,14,55,55],"floor_reached":56,"playtime":3077,"items_purged":["AT_purpleEX"],"score":2792,"play_id":"0aaecd83-8259-4927-8125-22a22e9361be","local_time":"20210101120107","is_ascension_mode":true,"campfire_choices":[{"data":"CommonSense_AntiCommonSense_purple","floor":7,"key":"SMITH"},{"data":"Bait_HighSpeedFlying_purple","floor":11,"key":"SMITH"},{"floor":15,"key":"REST"},{"data":"SharpContractionReality_purple","floor":25,"key":"SMITH"},{"data":"Observe_purple_2","floor":32,"key":"SMITH"},{"floor":41,"key":"RECALL"},{"data":"Bait_Toxicbait_purple","floor":44,"key":"SMITH"},{"data":"Mirror_FourBoundary_purple","floor":47,"key":"SMITH"},{"data":"WangLiang_OokamiKakushi_purple","floor":49,"key":"SMITH"},{"data":"WingOfChimera_purple","floor":52,"key":"SMITH"}],"circlet_count":0,"master_deck":["AT_purpleEX","AT_purpleEX","Defend_purpleEX","Defend_purpleEX","Defend_purpleEX","Defend_purpleEX","Observe_purple_1","Observe_purple_2+1","WingOfChimera_purple+1","CommonSense_AntiCommonSense_purple+1","Mirror_FourBoundary_purple+1","DimensionStaggered_purple+1","Bait_HighSpeedFlying_purple+1","MNeedle_purple+1","BarrageBoundary_PipeDream_purple+1","MonsterNeedle_purple","Shallow_ocean_purpleEX","WangLiang_OokamiKakushi_purple+1","DimensionStaggered_purple","SharpContractionReality_purple+1","MeetDecomposer_purple","OmniscientAndOmnipotent_Monster_purple","OmniscientAndOmnipotent_Monster_purple","Charmbait_purple","Mirror_WaveAndshot_purple+1","OpenedBox_purple+1","Human_Monster_Realm_purple+1","Bait_Toxicbait_purple+1","Realm_recovery_purpleEX+1","DimensionStaggered_purple+1","WingOfChimera_purple+1","Regret","RuleDissolution_purple+1","StateErode_purple","Confused","Boundary_of_Extermination_purpleEX","RuptureOfTimeAndSpace_purple"],"relics":["Boundary_crack","Memoryfragments_purpleEX","NeowsBlessing","Golden Idol","Pantograph","Potion Belt","jedi:crownofsimplicity","PaintedHorse:ReiMu","jedi:heavyjacket","Philosopher\u0027s Stone","Happy Flower","Dream Catcher","Oddly Smooth Stone","Question Card","theSleuth:SaltedMelon","Coffee Dripper","Whetstone","Bag of Marbles","War Paint","HoshigumaDish"],"acts_visited":["Exordium","TheCity","TheBeyond","TheEnding"],"potions_floor_usage":[10,13,29,54,55],"damage_taken":[{"damage":0,"enemies":"Cultist","floor":1,"turns":1},{"damage":0,"enemies":"Jaw Worm","floor":2,"turns":1},{"damage":18,"enemies":"Lagavulin","floor":6,"turns":1},{"damage":2,"enemies":"Small Slimes","floor":8,"turns":4},{"damage":25,"enemies":"3 Sentries","floor":10,"turns":8},{"damage":7,"enemies":"Lagavulin","floor":13,"turns":5},{"damage":0,"enemies":"Exordium Wildlife","floor":14,"turns":2},{"damage":0,"enemies":"Hexaghost","floor":16,"turns":9},{"damage":5,"enemies":"Shell Parasite","floor":18,"turns":4},{"damage":28,"enemies":"Slavers","floor":23,"turns":6},{"damage":0,"enemies":"3 Byrds","floor":24,"turns":4},{"damage":0,"enemies":"Book of Stabbing","floor":27,"turns":3},{"damage":5,"enemies":"Shelled Parasite and Fungi","floor":28,"turns":4},{"damage":0,"enemies":"Slavers","floor":29,"turns":3},{"damage":0,"enemies":"Centurion and Healer","floor":30,"turns":2},{"damage":0,"enemies":"Champ","floor":33,"turns":5},{"damage":0,"enemies":"Orb Walker","floor":35,"turns":3},{"damage":0,"enemies":"3 Shapes","floor":36,"turns":3},{"damage":0,"enemies":"Jaw Worm Horde","floor":37,"turns":4},{"damage":12,"enemies":"4 Shapes","floor":39,"turns":4},{"damage":0,"enemies":"Reptomancer","floor":40,"turns":4},{"damage":3,"enemies":"Spire Growth","floor":45,"turns":3},{"damage":1,"enemies":"Jaw Worm Horde","floor":46,"turns":3},{"damage":17,"enemies":"Time Eater","floor":50,"turns":10},{"damage":10,"enemies":"Shield and Spear","floor":54,"turns":6},{"damage":0,"enemies":"The Heart","floor":55,"turns":6}],"seed_played":"5329614113748709821","potions_obtained":[{"floor":1,"key":"LiquidMemories"},{"floor":2,"key":"Weak Potion"},{"floor":23,"key":"jedi:wingpotion"},{"floor":27,"key":"LiquidMemories"},{"floor":29,"key":"Ancient Potion"},{"floor":30,"key":"jedi:tentaclejuice"},{"floor":39,"key":"SpeedPotion"},{"floor":40,"key":"Regen Potion"},{"floor":54,"key":"jedi:StrikingPotion"}],"is_trial":false,"path_per_floor":["M","M","?","$","?","E","R","M","T","E","R","?","E","M","R","B",null,"M","?","$","?","$","E","M","R","T","E","M","E","M","?","R","B",null,"M","M","M","?","M","E","R","?","T","R","M","M","R","?","R","B",null,"R","$","E","B",null],"character_chosen":"Youkari","items_purchased":["Mirror_FourBoundary_purple","DimensionStaggered_purple","SharpContractionReality_purple","MeetDecomposer_purple","Bag of Marbles","War Paint","Block Potion","Boundary_of_Extermination_purpleEX"],"campfire_rested":1,"item_purchase_floors":[4,4,20,22,53,53,53,53],"current_hp_per_floor":[59,59,59,59,59,41,41,44,44,24,24,24,19,19,36,59,59,56,56,56,56,56,29,29,29,29,32,31,36,39,39,40,60,60,60,60,60,60,51,55,56,56,56,57,59,62,63,63,64,51,61,62,62,57,65],"gold":55,"neow_bonus":"THREE_ENEMY_KILL","is_daily":false,"chose_seed":false,"campfire_upgraded":8,"win_rate":0.0,"timestamp":1609470067,"path_taken":["M","M","?","$","?","E","R","M","T","E","R","?","E","M","R","BOSS","M","?","$","?","$","E","?","R","T","E","M","E","M","?","R","BOSS","M","M","M","?","?","E","R","?","T","R","?","M","R","?","R","BOSS","R","$","E","BOSS"],"items_purchased_type":["Card","Card","Card","Card","Relic","Relic","Potion","Card"],"build_version":"2020-12-22","purchased_purges":1,"victory":true,"max_hp_per_floor":[65,65,65,65,59,59,59,59,59,59,59,59,59,59,59,59,59,59,59,59,59,59,59,59,59,59,59,59,59,59,59,60,60,60,60,60,60,60,60,60,61,61,61,62,62,62,63,63,64,64,64,65,65,65,65],"card_choices":[{"not_picked":["Mirror_FormAndEmptin_purple","EighthInstrument_OneDividesIntoTwo_purple"],"picked":"WingOfChimera_purple","floor":1},{"not_picked":["Charmbait_purple","WorldDissolvedintheRealm_purple"],"picked":"CommonSense_AntiCommonSense_purple","floor":2},{"not_picked":["DimensionStaggered_purple","Shallow_ocean_purpleEX"],"picked":"Bait_HighSpeedFlying_purple","floor":6},{"not_picked":["StateDuplicate_purple","ProofOfUnderstanding_purple"],"picked":"MNeedle_purple","floor":8},{"not_picked":["PositiveMatter_Antimatter_Universe_purple","EighthInstrument_OneDividesIntoTwo_purple"],"picked":"BarrageBoundary_PipeDream_purple","floor":10},{"not_picked":["Line_surface_state_purple","Boundary_ObjectiveBoundary_purple"],"picked":"MonsterNeedle_purple","floor":13},{"not_picked":["AdvanceAttack_purple","SharpContractionReality_purple"],"picked":"Shallow_ocean_purpleEX","floor":14},{"not_picked":["Price_of_realm_purpleEX","GluttonyofRealm_purpleEX"],"picked":"WangLiang_OokamiKakushi_purple","floor":16},{"not_picked":["ExistenceContinue_purple","SharpContractionReality_purple"],"picked":"DimensionStaggered_purple","floor":18},{"not_picked":["MeetDecomposer_purple+1","StretchesForeverDream_purple"],"picked":"OmniscientAndOmnipotent_Monster_purple","floor":23},{"not_picked":["Mirror_FormAndEmptin_purple","SfantasyHide_purple"],"picked":"OmniscientAndOmnipotent_Monster_purple","floor":24},{"not_picked":["Extrememeaning_purpleEX","DimensionStaggered_purple"],"picked":"Charmbait_purple","floor":27},{"not_picked":["Bait_HighSpeedFlying_purple","Erosivefilter_purple"],"picked":"Mirror_WaveAndshot_purple+1","floor":28},{"not_picked":["Price_of_realm_purpleEX","ExternalForce_HighSpeedFlying_purple","PurpleNeedle_purple"],"picked":"SKIP","floor":29},{"not_picked":["EighthInstrument_OneDividesIntoTwo_purple+1","Mirror_FourBoundary_purple","MeetDecomposer_purple"],"picked":"OpenedBox_purple+1","floor":30},{"not_picked":["Know_ledgeAbilityRealm_purple","UniverseChoice_purple","MagicEyes_LaplaceDemon_purple"],"picked":"Human_Monster_Realm_purple","floor":33},{"not_picked":["SfantasyHide_purple","OmniscientAndOmnipotent_Monster_purple","EighthInstrument_OneDividesIntoTwo_purple"],"picked":"Bait_Toxicbait_purple","floor":35},{"not_picked":["Mirror_FormAndEmptin_purple","Umbrella_purple","Worldmountain_purple+1","Extrememeaning_purpleEX"],"picked":"SKIP","floor":36},{"not_picked":["Boundary_of_Extermination_purpleEX","Worldmountain_purple","ExistenceContinue_purple"],"picked":"Realm_recovery_purpleEX+1","floor":37},{"not_picked":["Fantasy_PerpetualMotionMachine_purple","SharpContractionReality_purple","Boundary_LightAndDark_purple"],"picked":"DimensionStaggered_purple+1","floor":39},{"not_picked":["RuleDissolution_purple","StateErode_purple","Shallow_ocean_purpleEX"],"picked":"WingOfChimera_purple+1","floor":40},{"not_picked":["SfantasyHide_purple","Mirror_FormAndEmptin_purple","Worldmountain_purple+1"],"picked":"RuleDissolution_purple+1","floor":45},{"not_picked":["RuleDissolution_purple","MeetDecomposer_purple","Worldmountain_purple"],"picked":"StateErode_purple","floor":46},{"not_picked":["BarrageBoundary_PipeDream_purple","AdvanceAttack_purple","Nest_LightFlightworm_purple+1"],"picked":"RuptureOfTimeAndSpace_purple","floor":54}],"player_experience":1177574,"relics_obtained":[{"floor":6,"key":"Pantograph"},{"floor":9,"key":"Potion Belt"},{"floor":10,"key":"jedi:crownofsimplicity"},{"floor":13,"key":"jedi:heavyjacket"},{"floor":23,"key":"Happy Flower"},{"floor":26,"key":"Dream Catcher"},{"floor":27,"key":"Oddly Smooth Stone"},{"floor":29,"key":"Question Card"},{"floor":40,"key":"Whetstone"},{"floor":54,"key":"HoshigumaDish"}],"event_choices":[{"damage_healed":0,"gold_gain":0,"player_choice":"Lose Max HP","damage_taken":0,"relics_obtained":["Golden Idol"],"max_hp_gain":0,"max_hp_loss":6,"event_name":"Golden Idol","floor":5,"gold_loss":0},{"damage_healed":0,"gold_gain":0,"player_choice":"Donate","damage_taken":0,"relics_obtained":["PaintedHorse:ReiMu"],"max_hp_gain":0,"max_hp_loss":0,"event_name":"yidonshenshe","floor":12,"gold_loss":60},{"damage_healed":0,"gold_gain":50,"player_choice":"Stole From Cult","damage_taken":0,"max_hp_gain":0,"max_hp_loss":0,"event_name":"Nest","floor":21,"gold_loss":0},{"cards_removed":["AT_purpleEX"],"damage_healed":0,"gold_gain":0,"player_choice":"Offered Basic","damage_taken":0,"max_hp_gain":0,"max_hp_loss":0,"event_name":"Bonfire Elementals","floor":38,"gold_loss":0}],"is_beta":false,"boss_relics":[{"not_picked":["Snecko Eye","Seventeenyearold_girl_Forever"],"picked":"Philosopher\u0027s Stone"},{"not_picked":["jedi:paperlyon","Astrolabe"],"picked":"Coffee Dripper"}],"items_purged_floors":[20],"is_endless":false,"potions_floor_spawned":[1,2,8,23,27,29,30,39,40,45,54],"ascension_level":19}}