{"host":"2se5dq1do2gp0x9k","time":1609475145,"event":{"mods":["AchievementEnabler","BaseMod","Block Reminder","Colored Map","Colored Powertips","Minty Spire (QoL Compilation)","Relic Stats","StSLib","SuperFastMode"],"gold_per_floor":[114,114,39,39,53,53,83,96,147,62,89,103,103,117,117,190,190,206,223,50,67,67,67,79,4,4,21,21,36,36,86,86,157,157,175,175,58,74,87,87,87,87,87,422,422,322,322,322,322,322,322,322],"floor_reached":51,"playtime":1630,"items_purged":["Zap","Defend_B"],"score":1416,"play_id":"660756d2-8ed8-44bb-83ef-55771d9e80aa","local_time":"20201231202545","is_ascension_mode":true,"campfire_choices":[{"data":"Rip and Tear","floor":6.0,"key":"SMITH"},{"floor":13.0,"key":"REST"},{"data":"Defragment","floor":15.0,"key":"SMITH"},{"floor":23.0,"key":"REST"},{"floor":28.0,"key":"REST"},{"data":"Recycle","floor":30.0,"key":"SMITH"},{"floor":32.0,"key":"REST"},{"data":"Loop","floor":40,"key":"SMITH"},{"floor":42,"key":"REST"},{"data":"Secret Technique","floor":49,"key":"SMITH"}],"circlet_count":0,"master_deck":["AscendersBane","Defend_B","Ball Lightning","Rip and Tear+1","Loop","Loop+1","Leap","Recycle+1","BootSequence","Defragment+1","Buffer+1","Core Surge","Defragment+1","Beam Cell+1","Capacitor+1","Loop+1","Go for the Eyes","Cold Snap","Self Repair+1","Fusion+1","Core Surge","Barrage","Undo","Defragment","FTL","Coolheaded+1","Jack Of All Trades","The Bomb","Secret Technique+1"],"relics":["Cracked Core","NeowsBlessing","Art of War","Dream Catcher","Omamori","Astrolabe","DataDisk","Thread and Needle","Nuclear Battery","Frozen Egg 2","Old Coin"],"acts_visited":["Exordium","TheCity","TheBeyond"],"potions_floor_usage":[],"damage_taken":[{"damage":0.0,"enemies":"Small Slimes","floor":1.0,"turns":1.0},{"damage":0.0,"enemies":"2 Louse","floor":5.0,"turns":1.0},{"damage":0.0,"enemies":"Lagavulin","floor":7.0,"turns":1.0},{"damage":6.0,"enemies":"Cultist","floor":8.0,"turns":3.0},{"damage":36.0,"enemies":"3 Sentries","floor":11.0,"turns":6.0},{"damage":0.0,"enemies":"2 Fungi Beasts","floor":12.0,"turns":3.0},{"damage":0.0,"enemies":"Large Slime","floor":14.0,"turns":4.0},{"damage":0.0,"enemies":"Slime Boss","floor":16.0,"turns":7.0},{"damage":17.0,"enemies":"Spheric Guardian","floor":18.0,"turns":4.0},{"damage":29.0,"enemies":"2 Thieves","floor":19.0,"turns":3.0},{"damage":6.0,"enemies":"Chosen and Byrds","floor":21.0,"turns":5.0},{"damage":2.0,"enemies":"Sentry and Sphere","floor":24.0,"turns":5.0},{"damage":9.0,"enemies":"Snecko","floor":27.0,"turns":5.0},{"damage":28.0,"enemies":"3 Cultists","floor":29.0,"turns":5.0},{"damage":50.0,"enemies":"Collector","floor":33.0,"turns":11.0},{"damage":0.0,"enemies":"3 Shapes","floor":35.0,"turns":8.0},{"damage":50,"enemies":"3 Darklings","floor":38,"turns":9},{"damage":6,"enemies":"Sphere and 2 Shapes","floor":39,"turns":9},{"damage":27,"enemies":"Nemesis","floor":44,"turns":9},{"damage":57,"enemies":"Time Eater","floor":50,"turns":16},{"damage":0,"enemies":"Donu and Deca","floor":51,"turns":1}],"seed_played":"-3935164852670284166","potions_obtained":[{"floor":5.0,"key":"DistilledChaos"},{"floor":8.0,"key":"ColorlessPotion"},{"floor":14.0,"key":"EssenceOfSteel"},{"floor":18.0,"key":"DistilledChaos"},{"floor":19.0,"key":"ColorlessPotion"},{"floor":29.0,"key":"LiquidBronze"},{"floor":39,"key":"DuplicationPotion"},{"floor":44,"key":"GamblersBrew"}],"is_trial":false,"path_per_floor":["M","?","?","?","M","R","E","M","T","$","E","M","R","M","R","B",null,"M","M","$","M","?","R","M","$","T","M","R","M","R","?","R","B",null,"M","?","$","M","M","R","$","R","T","E","?","$","?","?","R","B","B"],"character_chosen":"DEFECT","items_purchased":["Recycle","DataDisk","Undo","Defragment"],"campfire_rested":5,"item_purchase_floors":[10,20,37,37],"current_hp_per_floor":[64,57,57,57,57,57,57,51,51,51,15,15,36,36,36,36,62,45,16,16,10,10,31,29,29,29,30,51,33,33,33,54,14,57,67,67,67,27,31,31,31,52,52,35,35,35,25,71,71,24,24,24],"gold":322,"neow_bonus":"THREE_ENEMY_KILL","is_daily":false,"chose_seed":false,"campfire_upgraded":5,"win_rate":0.0,"timestamp":1609475145,"path_taken":["M","?","?","?","M","R","E","M","T","$","E","M","R","M","R","BOSS","M","M","$","M","?","R","M","$","T","M","R","?","R","?","R","BOSS","M","?","$","M","?","R","$","R","T","E","?","$","?","?","R","BOSS","BOSS"],"items_purchased_type":["Card","Relic","Card","Card"],"build_version":"2020-12-22","purchased_purges":2,"victory":false,"max_hp_per_floor":[71,71,71,71,71,71,71,71,71,71,71,71,71,71,71,71,71,71,71,71,71,71,71,71,71,71,71,71,71,71,71,71,71,71,71,71,71,71,71,71,71,71,71,71,71,71,71,71,71,71,71,71],"relic_stats":{"Dream Catcher":5,"counters":[21,112],"Astrolabe":["Defragment","Beam Cell","Capacitor"],"Art of War":[24],"obtain_stats":[{"Dream Catcher":9,"DataDisk":20,"NeowsBlessing":0,"Astrolabe":17,"Thread and Needle":26,"Art of War":7,"Omamori":11,"Frozen Egg 2":43,"Cracked Core":0,"Nuclear Battery":34,"Old Coin":44},{"Dream Catcher":4,"DataDisk":10,"NeowsBlessing":0,"Astrolabe":8,"Thread and Needle":12,"Art of War":3,"Omamori":5,"Frozen Egg 2":18,"Cracked Core":0,"Nuclear Battery":15,"Old Coin":19},{"Dream Catcher":6,"DataDisk":31,"NeowsBlessing":0,"Astrolabe":24,"Thread and Needle":39,"Art of War":3,"Omamori":12,"Frozen Egg 2":86,"Cracked Core":0,"Nuclear Battery":60,"Old Coin":95}]},"card_choices":[{"not_picked":["Cold Snap","Beam Cell"],"picked":"Ball Lightning","floor":1.0},{"not_picked":["Reprogram","Rebound"],"picked":"Loop","floor":5.0},{"not_picked":["Streamline","Gash"],"picked":"Loop","floor":7.0},{"not_picked":["Sweeping Beam","Turbo"],"picked":"Leap","floor":8.0},{"not_picked":["Streamline","Darkness"],"picked":"BootSequence","floor":11.0},{"not_picked":["Hello World","Stack"],"picked":"Defragment","floor":12.0},{"not_picked":["Compile Driver","Redo"],"picked":"Buffer","floor":14.0},{"not_picked":["Machine Learning","Creative AI"],"picked":"Core Surge","floor":16.0},{"not_picked":["Beam Cell+1","Skim+1"],"picked":"Loop+1","floor":18.0},{"not_picked":["Steam","Streamline"],"picked":"Go for the Eyes","floor":19.0},{"not_picked":["Beam Cell","Sweeping Beam","Rebound+1"],"picked":"SKIP","floor":21.0},{"not_picked":["Lockon","Meteor Strike"],"picked":"Cold Snap","floor":23.0},{"not_picked":["Rebound","Doom and Gloom"],"picked":"Self Repair+1","floor":24.0},{"not_picked":["Go for the Eyes","Redo+1","Gash"],"picked":"SKIP","floor":27.0},{"not_picked":["Hello World","White Noise","Self Repair"],"picked":"SKIP","floor":29.0},{"not_picked":["Redo","Ball Lightning"],"picked":"Fusion+1","floor":32.0},{"not_picked":["Thunder Strike","Hyperbeam"],"picked":"Core Surge","floor":33.0},{"not_picked":["Go for the Eyes","Steam"],"picked":"Barrage","floor":35.0},{"not_picked":["Sweeping Beam+1","Multi-Cast","Rebound"],"picked":"SKIP","floor":38},{"not_picked":["Ball Lightning+1","Redo","Stack"],"picked":"SKIP","floor":39},{"not_picked":["Darkness+1","Sweeping Beam+1"],"picked":"FTL","floor":42},{"not_picked":["Compile Driver+1","Barrage"],"picked":"Coolheaded+1","floor":44},{"not_picked":["Swift Strike","The Bomb"],"picked":"Jack Of All Trades","floor":47},{"not_picked":["Enlightenment","Forethought"],"picked":"The Bomb","floor":47},{"not_picked":["Flash of Steel","Panacea"],"picked":"Secret Technique","floor":47}],"player_experience":3682454,"relics_obtained":[{"floor":7.0,"key":"Art of War"},{"floor":9.0,"key":"Dream Catcher"},{"floor":11.0,"key":"Omamori"},{"floor":26.0,"key":"Thread and Needle"},{"floor":43,"key":"Frozen Egg 2"},{"floor":44,"key":"Old Coin"}],"event_choices":[{"cards_removed":["Strike_B"],"damage_healed":0.0,"max_hp_gain":0.0,"max_hp_loss":0.0,"gold_gain":0.0,"event_name":"Golden Wing","player_choice":"Card Removal","floor":2.0,"gold_loss":0.0,"damage_taken":7.0},{"cards_removed":["Strike_B"],"damage_healed":0.0,"max_hp_gain":0.0,"max_hp_loss":0.0,"gold_gain":0.0,"event_name":"The Cleric","player_choice":"Card Removal","floor":3.0,"gold_loss":75.0,"damage_taken":0.0},{"damage_healed":0.0,"max_hp_gain":0.0,"max_hp_loss":0.0,"gold_gain":0.0,"cards_transformed":["Strike_B"],"event_name":"Living Wall","player_choice":"Change","floor":4.0,"gold_loss":0.0,"damage_taken":0.0,"cards_obtained":["Rip and Tear"]},{"damage_healed":0.0,"max_hp_gain":0.0,"max_hp_loss":0.0,"gold_gain":0.0,"event_name":"Upgrade Shrine","player_choice":"Upgraded","floor":22.0,"gold_loss":0.0,"damage_taken":0.0,"cards_upgraded":["Buffer"]},{"damage_healed":0.0,"max_hp_gain":0.0,"max_hp_loss":0.0,"gold_gain":50.0,"event_name":"Nest","player_choice":"Stole From Cult","floor":31.0,"gold_loss":0.0,"damage_taken":0.0},{"cards_removed":["Dualcast"],"damage_healed":0.0,"max_hp_gain":0.0,"max_hp_loss":0.0,"gold_gain":0.0,"event_name":"Bonfire Elementals","player_choice":"Offered Basic","floor":36.0,"gold_loss":0.0,"damage_taken":0.0},{"damage_healed":0,"gold_gain":0,"player_choice":"Ignored","damage_taken":0,"max_hp_gain":0,"max_hp_loss":0,"event_name":"Tomb of Lord Red Mask","floor":45,"gold_loss":0},{"damage_healed":0,"gold_gain":0,"player_choice":"Memory 3","damage_taken":10,"max_hp_gain":0,"max_hp_loss":0,"event_name":"SensoryStone","floor":47,"gold_loss":0},{"damage_healed":46,"gold_gain":0,"player_choice":"Heal","damage_taken":0,"max_hp_gain":0,"max_hp_loss":0,"event_name":"MindBloom","floor":48,"gold_loss":0,"cards_obtained":["Doubt"]}],"is_beta":false,"boss_relics":[{"not_picked":["Calling Bell","Coffee Dripper"],"picked":"Astrolabe"},{"not_picked":["Tiny House","SlaversCollar"],"picked":"Nuclear Battery"}],"items_purged_floors":[25,46],"is_endless":false,"potions_floor_spawned":[5,8,14,18,19,29,39,44],"killed_by":"Donu and Deca","ascension_level":20}}