{"host":"jydwu1shxxemady1","time":1609501302,"event":{"mods":["BaseMod","Colored Powertips","Conspire","Downfall","Hermit","Highlight Path","Marisa（F雨　魔理沙）","Minty Spire (QoL Compilation)","READ ME - Guardian Mod","Replay The Spire","Shop Mod","StSLib","TestMod","The Bladedancer","The Cursed","The Servant 0.9.4"],"gold_per_floor":[113,13,13,13,39,25,57,57,97,97,97,97,0,400,400,436,436,515,515,532,558,558,558,575,613,613,650,676,691,691,712,712,743,743,845,845,861,879,241,241,260,302,302,321,347,359,405,417,471,486,486],"floor_reached":50,"playtime":1959,"items_purged":["Regret"],"score":1168,"play_id":"d10f0593-35ef-471e-83dd-ca4c35160ee7","local_time":"20210101194142","is_ascension_mode":true,"campfire_choices":[{"data":"conspire:Banana","floor":8.0,"key":"SMITH"},{"floor":10.0,"key":"RECALL"},{"data":"Terror","floor":12.0,"key":"SMITH"},{"data":"Quick Slash","floor":17.0,"key":"SMITH"},{"floor":26,"key":"REST"},{"data":"expansioncontent:GuardianWhirl","floor":30,"key":"SMITH"},{"data":"Venomology","floor":32,"key":"SMITH"},{"data":"Poisoned Stab","floor":34,"key":"SMITH"},{"data":"testmod-Bloodthirsty","floor":43,"key":"SMITH"},{"data":"Replay:SS_forest_2","floor":48,"key":"SMITH"}],"circlet_count":0,"master_deck":["AscendersBane","Strike_G","Strike_G","Strike_G","Strike_G","Strike_G","Defend_G","Defend_G","Defend_G","Defend_G","Defend_G","Survivor","conspire:Banana+1","Terror+1","Injury","Quick Slash+1","Poisoned Stab+1","expansioncontent:GuardianWhirl+1","ReplayTheSpireMod:Necrosis","Venomology+1","Grand Finale","conspire:Banana+1","Deflect+1","Dagger Spray+1","Sucker Punch+1","Quick Slash","Backflip+1","Adrenaline","Dagger Spray+1","Deadly Poison","testmod-Arrangement","Bandage Up","testmod-Bloodthirsty+1","Replay:SS_forest_2+1","testmod-DeathImprint","Bandage Up","Outmaneuver+1","Poisoned Stab","Blade Dance+1"],"relics":["Ring of the Snake","testmod-TheFather","NeowsBlessing","Mummified Hand","ReplayTheSpireMod:CursedCoin","Boot","Odd Mushroom","ReplayTheSpireMod:Ninjato","testmod-ThousandKnives","Strawberry","testmod-EnergyCheck","MutagenicStrength","Bag of Marbles","MealTicket","Vajra","testmod-AssaultLearning","SlaversCollar","ReplayTheSpireMod:ShopPack","conspire:BottledYoYo","Bag of Preparation","Letter Opener","MawBank","Bronze Scales"],"acts_visited":["Exordium","TheCity","TheBeyond"],"potions_floor_usage":[25,27,29,29,33,33,35,35,42,42,50],"damage_taken":[{"damage":0.0,"enemies":"Small Slimes","floor":1.0,"turns":1.0},{"damage":0.0,"enemies":"conspire:MimicChest","floor":5.0,"turns":1.0},{"damage":0.0,"enemies":"The Mushroom Lair","floor":7.0,"turns":1.0},{"damage":13.0,"enemies":"3 Sentries","floor":9.0,"turns":6.0},{"damage":11.0,"enemies":"Gremlin Nob","floor":16.0,"turns":3.0},{"damage":26.0,"enemies":"Hexaghost","floor":18.0,"turns":6.0},{"damage":21.0,"enemies":"2 Thieves","floor":20.0,"turns":4.0},{"damage":0.0,"enemies":"3 Byrds","floor":21.0,"turns":1.0},{"damage":0,"enemies":"Centurion and Healer","floor":24,"turns":1},{"damage":27,"enemies":"Slavers","floor":25,"turns":4},{"damage":6,"enemies":"Gremlin Leader","floor":27,"turns":4},{"damage":0,"enemies":"Cultist and Chosen","floor":29,"turns":2},{"damage":0,"enemies":"Shelled Parasite and Fungi","floor":31,"turns":1},{"damage":17,"enemies":"Book of Stabbing","floor":33,"turns":3},{"damage":22,"enemies":"Pondfish","floor":35,"turns":6},{"damage":0,"enemies":"Orb Walker","floor":37,"turns":1},{"damage":28,"enemies":"3 Shapes","floor":38,"turns":1},{"damage":0,"enemies":"3 Darklings","floor":41,"turns":2},{"damage":22,"enemies":"Giant Head","floor":42,"turns":5},{"damage":21,"enemies":"Sphere and 2 Shapes","floor":44,"turns":1},{"damage":7,"enemies":"4 Shapes","floor":47,"turns":1},{"damage":48,"enemies":"R_Hoarder","floor":49,"turns":5},{"damage":106,"enemies":"Maw","floor":50,"turns":3}],"seed_played":"9098411412575175001","potions_obtained":[{"floor":1.0,"key":"Swift Potion"},{"floor":7.0,"key":"Dexterity Potion"},{"floor":9.0,"key":"Strength Potion"},{"floor":20.0,"key":"Elixir"},{"floor":29,"key":"LiquidMemories"},{"floor":38,"key":"Explosive Potion"},{"floor":44,"key":"Strength Potion"}],"is_trial":false,"path_per_floor":["M","$","PTL","PTL","?","$","?","R","E","R","T","R","$","?","?","E","R","B",null,"M","M","?","?","M","E","R","E","T","M","R","M","R","E","R","B",null,"M","M","$","?","M","E","R","M","T","?","M","R","E","M"],"character_chosen":"THE_SILENT","items_purchased":["conspire:Banana","ReplayTheSpireMod:CursedCoin","Boot","expansioncontent:GuardianWhirl","ReplayTheSpireMod:ShopPack","conspire:BottledYoYo","Bag of Preparation"],"campfire_rested":1,"item_purchase_floors":[2,6,6,13,39,39,39],"current_hp_per_floor":[59,59,59,59,60,60,60,60,49,49,49,49,49,49,49,47,47,23,66,47,49,49,49,49,26,52,50,50,52,52,54,54,41,41,23,84,86,58,73,63,75,91,91,75,75,75,77,77,73,0,0],"gold":486,"neow_bonus":"THREE_ENEMY_KILL","is_daily":false,"chose_seed":false,"campfire_upgraded":8,"win_rate":0.0,"timestamp":1609501302,"path_taken":["M","$","PTL","PTL","?","$","?","R","E","R","T","R","$","?","?","E","R","BOSS","M","M","?","?","M","E","R","E","T","?","R","M","R","E","R","BOSS","M","M","$","?","M","E","R","M","T","?","M","R","E","M"],"items_purchased_type":["Card","Relic","Relic","Card","Relic","Relic","Relic"],"build_version":"2020-12-22","purchased_purges":1,"victory":false,"max_hp_per_floor":[66,66,66,66,67,67,67,67,69,69,69,69,69,69,69,78,78,80,80,82,84,84,84,84,88,88,92,92,94,94,96,96,100,100,104,104,106,106,106,106,106,110,110,110,110,110,110,110,114,116,116],"card_choices":[{"not_picked":["Fluid Movement","Sucker Punch","Dodge and Roll"],"picked":"SKIP","floor":1.0},{"not_picked":["Replay:Poison Smokescreen","Bane"],"picked":"Terror","floor":5.0},{"not_picked":["Prepared","Expertise"],"picked":"Quick Slash","floor":7.0},{"not_picked":["Flying Knee","Underhanded Strike"],"picked":"Poisoned Stab","floor":9.0},{"not_picked":["Replay:Poison Smokescreen","Dodge and Roll"],"picked":"ReplayTheSpireMod:Necrosis","floor":16.0},{"not_picked":["Phantasmal Killer","After Image"],"picked":"Venomology","floor":18.0},{"not_picked":["Underhanded Strike","Leg Sweep","Dodge and Roll"],"picked":"SKIP","floor":20.0},{"not_picked":["Flying Knee","conspire:DoublingDagger"],"picked":"Grand Finale","floor":21.0},{"not_picked":["Cloak And Dagger","Hidden Blade"],"picked":"Deflect+1","floor":24},{"not_picked":["Endless Agony+1","Caltrops"],"picked":"Dagger Spray+1","floor":25},{"not_picked":["conspire:PoisonWeapons","Deflect"],"picked":"Sucker Punch+1","floor":27},{"not_picked":["Grand Finale","PiercingWail","Acrobatics"],"picked":"SKIP","floor":29},{"not_picked":["Footwork","Cloak And Dagger"],"picked":"Quick Slash","floor":31},{"not_picked":["Infinite Blades","Sucker Punch"],"picked":"Backflip+1","floor":33},{"not_picked":["Glass Knife","Burst"],"picked":"Adrenaline","floor":35},{"not_picked":["Blade Dance","Sucker Punch"],"picked":"Dagger Spray+1","floor":37},{"not_picked":["Deflect","Backflip"],"picked":"Deadly Poison","floor":38},{"not_picked":["Master of Strategy","expansioncontent:Corrupt"],"picked":"testmod-Arrangement","floor":39},{"not_picked":["Blind","Replay:Bootleg Shield Generator"],"picked":"Bandage Up","floor":39},{"not_picked":["testmod-BloodShelter","testmod-Automaton"],"picked":"testmod-Bloodthirsty","floor":39},{"not_picked":["Forethought","expansioncontent:Torchfire"],"picked":"Replay:SS_forest_2","floor":40},{"not_picked":["expansioncontent:PolyBeam","ReplayTheSpireMod:Trickstab"],"picked":"testmod-DeathImprint","floor":40},{"not_picked":["Magnetism","testmod-ShutDown"],"picked":"Bandage Up","floor":40},{"not_picked":["ReplayTheSpireMod:Exploit Weakness","Poisoned Stab","Bane"],"picked":"SKIP","floor":41},{"not_picked":["Hidden Blade+1","Prepared+1"],"picked":"Outmaneuver+1","floor":42},{"not_picked":["Reflex","ReplayTheSpireMod:The Works+1"],"picked":"Poisoned Stab","floor":44},{"not_picked":["Poisoned Stab","Prepared"],"picked":"Blade Dance+1","floor":47},{"not_picked":["Draining Mist","Escape Plan","Deflect"],"picked":"SKIP","floor":49}],"player_experience":606694,"relics_obtained":[{"floor":5.0,"key":"Mummified Hand"},{"floor":7.0,"key":"Odd Mushroom"},{"floor":9.0,"key":"ReplayTheSpireMod:Ninjato"},{"floor":16.0,"key":"Strawberry"},{"floor":25,"key":"Bag of Marbles"},{"floor":27,"key":"MealTicket"},{"floor":28,"key":"Vajra"},{"floor":33,"key":"testmod-AssaultLearning"},{"floor":42,"key":"Letter Opener"},{"floor":45,"key":"MawBank"},{"floor":49,"key":"Bronze Scales"}],"event_choices":[{"damage_healed":0.0,"max_hp_gain":0.0,"max_hp_loss":0.0,"gold_gain":0.0,"event_name":"Mushrooms","player_choice":"Fought Mushrooms","floor":7.0,"gold_loss":0.0,"damage_taken":0.0},{"damage_healed":0.0,"max_hp_gain":0.0,"max_hp_loss":0.0,"gold_gain":400.0,"event_name":"恩洛斯的盘子","player_choice":"Sell","floor":14.0,"relics_lost":["testmod-TestBox"],"gold_loss":0.0,"damage_taken":0.0},{"damage_healed":0.0,"max_hp_gain":0.0,"max_hp_loss":0.0,"gold_gain":0.0,"event_name":"Big Fish","player_choice":"Box","floor":15.0,"gold_loss":0.0,"damage_taken":0.0,"relics_obtained":["testmod-ThousandKnives"],"cards_obtained":["Regret"]},{"damage_healed":0.0,"max_hp_gain":0.0,"max_hp_loss":0.0,"gold_gain":0.0,"event_name":"Drug Dealer","player_choice":"Inject Mutagens","floor":22.0,"gold_loss":0.0,"damage_taken":0.0,"relics_obtained":["MutagenicStrength"]},{"damage_healed":0,"gold_gain":0,"player_choice":"Copied","damage_taken":0,"max_hp_gain":0,"max_hp_loss":0,"event_name":"Duplicator","floor":23,"gold_loss":0,"cards_obtained":["conspire:Banana"]},{"damage_healed":0,"gold_gain":0,"player_choice":"Memory 3","damage_taken":10,"max_hp_gain":0,"max_hp_loss":0,"event_name":"SensoryStone","floor":40,"gold_loss":0},{"cards_removed":["Neutralize"],"damage_healed":0,"gold_gain":0,"player_choice":"Removed Attack","damage_taken":0,"max_hp_gain":0,"max_hp_loss":0,"event_name":"Falling","floor":46,"gold_loss":0}],"is_beta":false,"boss_relics":[{"not_picked":["testmod-KeyOfTheVoid","testmod-StringDisintegrator"],"picked":"testmod-EnergyCheck"},{"not_picked":["Kintsugi","Snecko Heart"],"picked":"SlaversCollar"}],"items_purged_floors":[39],"is_endless":false,"potions_floor_spawned":[1,7,9,20,25,27,29,38,44,49],"killed_by":"Maw","ascension_level":18}}