{"host":"4nqeo0vu1vuav7gg","time":1609503223,"event":{"mods":["AchievementEnabler","BaseMod","Block Reminder","Colored Map","Colored Powertips","Highlight Path","Minty Spire (QoL Compilation)","Quick Restart","Rare Cards Sparkle","Relic Relevance Reorder","StSLib"],"gold_per_floor":[112,187,199,210,135,135,145,145,145,158,158,2,21,31,31,31,31],"floor_reached":16,"playtime":628,"items_purged":["Strike_B"],"score":183,"play_id":"5b6bfed6-9421-4cfe-a689-23ad6ad8e222","local_time":"20210101131343","is_ascension_mode":true,"campfire_choices":[{"data":"Gash","floor":6.0,"key":"SMITH"},{"floor":8.0,"key":"REST"},{"floor":15,"key":"REST"}],"circlet_count":0,"master_deck":["AscendersBane","Strike_B","Defend_B","Defend_B","Defend_B","Defend_B","Zap","Dualcast","Hologram","Gash+1","Conserve Battery","Beam Cell","Undo"],"relics":["Cracked Core","Shuriken"],"acts_visited":["Exordium"],"potions_floor_usage":[13,16],"damage_taken":[{"damage":9.0,"enemies":"Jaw Worm","floor":1.0,"turns":3.0},{"damage":3.0,"enemies":"Small Slimes","floor":3.0,"turns":4.0},{"damage":7.0,"enemies":"2 Louse","floor":4.0,"turns":3.0},{"damage":6.0,"enemies":"Blue Slaver","floor":7.0,"turns":4.0},{"damage":37,"enemies":"Gremlin Gang","floor":10,"turns":6},{"damage":2,"enemies":"Red Slaver","floor":13,"turns":4},{"damage":9,"enemies":"3 Louse","floor":14,"turns":5},{"damage":45,"enemies":"Hexaghost","floor":16,"turns":10}],"seed_played":"5066842255408014430","potions_obtained":[{"floor":10,"key":"EssenceOfSteel"},{"floor":13,"key":"ColorlessPotion"},{"floor":14,"key":"FairyPotion"}],"is_trial":false,"path_per_floor":["M","?","M","M","?","R","M","R","T","M","?","$","M","M","R","B"],"character_chosen":"DEFECT","items_purchased":["Undo"],"campfire_rested":2,"item_purchase_floors":[12],"current_hp_per_floor":[55,44,41,34,34,34,28,49,49,12,12,12,10,1,22,2,2],"gold":31,"neow_bonus":"REMOVE_CARD","is_daily":false,"chose_seed":false,"campfire_upgraded":1,"win_rate":0.0,"timestamp":1609503223,"path_taken":["M","?","M","M","?","R","M","R","T","M","?","$","M","M","R","BOSS"],"items_purchased_type":["Card"],"build_version":"2020-12-22","purchased_purges":1,"victory":false,"max_hp_per_floor":[71,71,71,71,71,71,71,71,71,71,71,71,71,71,71,71,71],"card_choices":[{"not_picked":["Coolheaded","Barrage"],"picked":"Hologram","floor":1.0},{"not_picked":["Loop","Genetic Algorithm"],"picked":"Gash","floor":3.0},{"not_picked":["Recycle","Reprogram","Streamline"],"picked":"SKIP","floor":4.0},{"not_picked":["Stack","Aggregate"],"picked":"Conserve Battery","floor":7.0},{"not_picked":["Amplify","Steam"],"picked":"Beam Cell","floor":10},{"not_picked":["Heatsinks","Beam Cell","Darkness"],"picked":"SKIP","floor":13},{"not_picked":["Sweeping Beam","Heatsinks","FTL"],"picked":"SKIP","floor":14}],"player_experience":1049130,"relics_obtained":[{"floor":9.0,"key":"Shuriken"}],"event_choices":[{"damage_healed":0.0,"max_hp_gain":0.0,"max_hp_loss":0.0,"gold_gain":75.0,"event_name":"World of Goop","player_choice":"Gather Gold","floor":2.0,"gold_loss":0.0,"damage_taken":11.0},{"cards_removed":["Strike_B"],"damage_healed":0.0,"max_hp_gain":0.0,"max_hp_loss":0.0,"gold_gain":0.0,"event_name":"The Cleric","player_choice":"Card Removal","floor":5.0,"gold_loss":75.0,"damage_taken":0.0},{"damage_healed":0,"gold_gain":0,"player_choice":"Fled","damage_taken":0,"max_hp_gain":0,"max_hp_loss":0,"event_name":"Scrap Ooze","floor":11,"gold_loss":0}],"is_beta":false,"boss_relics":[],"items_purged_floors":[12],"is_endless":false,"potions_floor_spawned":[10,13,14],"killed_by":"Hexaghost","ascension_level":19}}