{"host":"pfy6u49v5s5r680p","time":1609494918,"event":{"mods":["BaseMod","Colored Map","DeckTracker","Highlight Path","Keyboard Shortcuts","Minty Spire (QoL Compilation)","Permanent Neow","Quick Restart","StSLib","SuperFastMode","everything is the same but u backflip on backflip"],"gold_per_floor":[117,42,57,17,35,35,52,65,65,80,30,30,63,81,81,179,229,249,262,282,282,61,61,61,61,61,61,79,79,79,95,95,191,191,202,102,113,124,0,0,0],"floor_reached":40,"playtime":1720,"items_purged":["Strike_R","Bite"],"score":619,"play_id":"0c79e08f-25fc-4107-9657-c2e633d03baf","local_time":"20210101185518","is_ascension_mode":true,"campfire_choices":[{"data":"Inflame","floor":6.0,"key":"SMITH"},{"data":"Heavy Blade","floor":15.0,"key":"SMITH"},{"data":"Panache","floor":23.0,"key":"SMITH"},{"data":"Flex","floor":25.0,"key":"SMITH"},{"data":"Limit Break","floor":29.0,"key":"SMITH"},{"floor":30.0,"key":"REST"},{"floor":32.0,"key":"REST"}],"circlet_count":0,"master_deck":["Defend_R","Defend_R","Defend_R","Bash","Heavy Blade+1","Sword Boomerang","Pommel Strike+1","Inflame+1","Anger+1","Headbutt","Twin Strike","Flex+1","Impervious","Reaper","Power Through","Spot Weakness+1","Panache+1","Bite","Bite","Bite","Bite","Limit Break+1","Feed","Dual Wield+1","Thunderclap"],"relics":["Burning Blood","Charon\u0027s Ashes","Ice Cream","Tiny House","WingedGreaves","Empty Cage"],"acts_visited":["Exordium","TheCity","TheBeyond"],"potions_floor_usage":[40,40,40],"damage_taken":[{"damage":11.0,"enemies":"Cultist","floor":1.0,"turns":4.0},{"damage":0.0,"enemies":"Small Slimes","floor":3.0,"turns":3.0},{"damage":6.0,"enemies":"2 Louse","floor":5.0,"turns":2.0},{"damage":6.0,"enemies":"Blue Slaver","floor":7.0,"turns":3.0},{"damage":6.0,"enemies":"Looter","floor":8.0,"turns":2.0},{"damage":16.0,"enemies":"Gremlin Gang","floor":10.0,"turns":3.0},{"damage":4.0,"enemies":"Gremlin Nob","floor":13.0,"turns":3.0},{"damage":11.0,"enemies":"2 Fungi Beasts","floor":14.0,"turns":3.0},{"damage":0.0,"enemies":"Slime Boss","floor":16.0,"turns":7.0},{"damage":16.0,"enemies":"3 Byrds","floor":18.0,"turns":5.0},{"damage":25.0,"enemies":"2 Thieves","floor":19.0,"turns":5.0},{"damage":13.0,"enemies":"Snecko","floor":20.0,"turns":4.0},{"damage":32.0,"enemies":"Centurion and Healer","floor":28.0,"turns":4.0},{"damage":28.0,"enemies":"Sentry and Sphere","floor":31.0,"turns":4.0},{"damage":33.0,"enemies":"Automaton","floor":33.0,"turns":6.0},{"damage":48.0,"enemies":"3 Shapes","floor":35.0,"turns":5.0},{"damage":14.0,"enemies":"Orb Walker","floor":37.0,"turns":3.0},{"damage":28.0,"enemies":"Spire Growth","floor":38.0,"turns":5.0},{"damage":24,"enemies":"Maw","floor":40,"turns":2}],"seed_played":"-4168476322718134940","potions_obtained":[{"floor":1.0,"key":"Strength Potion"},{"floor":8.0,"key":"Block Potion"},{"floor":10.0,"key":"Ancient Potion"},{"floor":13.0,"key":"Ancient Potion"},{"floor":14.0,"key":"PowerPotion"},{"floor":17.0,"key":"Energy Potion"},{"floor":18.0,"key":"PowerPotion"},{"floor":35.0,"key":"Explosive Potion"},{"floor":37.0,"key":"Energy Potion"},{"floor":38.0,"key":"HeartOfIron"}],"is_trial":false,"path_per_floor":["M","$","M","$","M","R","M","M","T","M","$","?","E","M","R","B",null,"M","M","M","?","$","R","?","R","T","?","M","R","R","M","R","B",null,"M","$","M","M","$","M"],"character_chosen":"IRONCLAD","items_purchased":["Inflame","Flex","Panache","Flex","SteroidPotion","Swift Potion","Thunderclap"],"campfire_rested":2,"item_purchase_floors":[4,11,22,22,39,39,39],"current_hp_per_floor":[67,67,73,73,73,73,73,73,73,63,63,47,49,44,44,50,78,74,60,53,37,37,37,37,37,37,37,19,19,37,34,52,42,57,28,28,24,10,10,0,0],"gold":0,"neow_bonus":"THREE_CARDS","is_daily":false,"chose_seed":false,"campfire_upgraded":5,"win_rate":0.0,"timestamp":1609494918,"path_taken":["M","?","M","$","M","R","?","M","T","M","$","?","E","M","R","BOSS","M","M","M","?","$","R","?","R","T","?","?","R","R","M","R","BOSS","M","$","M","M","$","M"],"items_purchased_type":["Card","Card","Card","Card","Potion","Potion","Card"],"build_version":"2020-12-22","purchased_purges":2,"victory":false,"max_hp_per_floor":[80,80,80,80,80,80,80,80,80,80,80,80,80,80,80,80,85,85,85,85,90,90,90,62,62,62,62,62,62,62,62,62,62,62,65,65,65,65,65,65,65],"card_choices":[{"not_picked":["Sword Boomerang","Bloodletting"],"picked":"Heavy Blade","floor":0.0},{"not_picked":["True Grit","Body Slam"],"picked":"Sword Boomerang","floor":1.0},{"not_picked":["Perfected Strike","Body Slam"],"picked":"Pommel Strike","floor":3.0},{"not_picked":["Perfected Strike","Dark Embrace"],"picked":"Anger","floor":5.0},{"not_picked":["Body Slam","Hemokinesis"],"picked":"Headbutt","floor":7.0},{"not_picked":["Headbutt","Dark Embrace"],"picked":"Twin Strike","floor":8.0},{"not_picked":["Reckless Charge","Clash","Havoc"],"picked":"SKIP","floor":10.0},{"not_picked":["Intimidate","Havoc"],"picked":"Spot Weakness","floor":13.0},{"not_picked":["Clash","Pommel Strike"],"picked":"Impervious","floor":14.0},{"not_picked":["Bludgeon","Barricade"],"picked":"Reaper","floor":16.0},{"not_picked":["Ghostly Armor","Armaments"],"picked":"Power Through","floor":17.0},{"not_picked":["Pommel Strike","Evolve","Searing Blow"],"picked":"SKIP","floor":18.0},{"not_picked":["Warcry","Rupture+1","Headbutt"],"picked":"SKIP","floor":19.0},{"not_picked":["Intimidate+1","True Grit"],"picked":"Spot Weakness+1","floor":20.0},{"not_picked":["Pummel","Sentinel"],"picked":"Limit Break","floor":28.0},{"not_picked":["Uppercut","Perfected Strike+1","Anger"],"picked":"SKIP","floor":31.0},{"not_picked":["Brutality","Barricade"],"picked":"Feed","floor":33.0},{"not_picked":["True Grit+1","Sword Boomerang+1","Perfected Strike"],"picked":"SKIP","floor":35.0},{"not_picked":["Wild Strike","Clash","Feel No Pain+1"],"picked":"SKIP","floor":37.0},{"not_picked":["Rampage+1","Combust+1"],"picked":"Dual Wield+1","floor":38.0}],"player_experience":86630,"relics_obtained":[{"floor":9.0,"key":"Charon\u0027s Ashes"},{"floor":13.0,"key":"Ice Cream"},{"floor":26.0,"key":"WingedGreaves"}],"event_choices":[{"damage_healed":0.0,"max_hp_gain":0.0,"max_hp_loss":0.0,"gold_gain":0.0,"event_name":"Shining Light","player_choice":"Entered Light","floor":12.0,"gold_loss":0.0,"damage_taken":16.0,"cards_upgraded":["Strike_R","Anger"]},{"damage_healed":0.0,"max_hp_gain":5.0,"max_hp_loss":0.0,"gold_gain":0.0,"event_name":"Forgotten Altar","player_choice":"Shed Blood","floor":21.0,"gold_loss":0.0,"damage_taken":21.0},{"damage_healed":0.0,"max_hp_gain":0.0,"max_hp_loss":28.0,"gold_gain":0.0,"event_name":"Vampires","player_choice":"Became a vampire","floor":24.0,"gold_loss":0.0,"damage_taken":0.0,"cards_obtained":["Bite","Bite","Bite","Bite","Bite"]},{"cards_removed":["Defend_R"],"damage_healed":0.0,"max_hp_gain":0.0,"max_hp_loss":0.0,"gold_gain":0.0,"event_name":"Purifier","player_choice":"Purged","floor":27.0,"gold_loss":0.0,"damage_taken":0.0}],"is_beta":false,"boss_relics":[{"not_picked":["Ectoplasm","Runic Dome"],"picked":"Tiny House"},{"not_picked":["Sozu","Cursed Key"],"picked":"Empty Cage"}],"items_purged_floors":[2,36],"is_endless":false,"potions_floor_spawned":[1,8,10,13,14,18,19,20,35,37,38],"killed_by":"Maw","ascension_level":7}}