{"host":"68ryiucqar8jyfi2","time":1609528495,"event":{"mods":["2.2 Compatiblity","Act Like it!","Aspiration","BaseMod","Better Match","Better Note","Better Skull","Better Third Choice","CCEM","CapriCore","Curses Come First","Defuse TimeMaze Blight","Displayed Cursed Tome","Emptier Cage","Energized Spire","Friendly Minions","GifTheSpireLib","HexUI Lib","Hubris","Hyrulean Relics","Infinite Spire","Minty Spire (QoL Compilation)","Permanent Neow","RNG Fix","Replay The Spire","Robot Space Explorer","StSLib","Stuff the Spire","The Blue Laboratory","Trackpad","Transform Curses","Uncapped","Wandering Minibosses"],"gold_per_floor":[115,134,134,147,147,147,178,189,189,113,113,113,113,113,113,234,234,190,190,190,205,205,205,205,205,230,263,263,263,263,263,263,263,263],"floor_reached":33,"playtime":1067,"items_purged":[],"score":282,"play_id":"96154cf6-8e46-4e33-9142-fc31ef86cb9f","local_time":"20210101191455","daily_mods":["Vintage","Heirloom","Flight"],"is_ascension_mode":false,"campfire_choices":[{"data":"Dualcast","floor":6,"key":"SMITH"},{"data":"Loop","floor":15,"key":"SMITH"},{"data":"Defend_B","floor":23,"key":"SMITH"},{"data":"Defend_B","floor":25,"key":"SMITH"},{"floor":28,"key":"REST"},{"floor":32,"key":"REST"}],"circlet_count":0,"master_deck":["Strike_B+1","Defend_B+1","Defend_B+1","Zap+1","Dualcast+1","Loop+1","Reboot+1","Defend_B+1"],"relics":["Cracked Core","CCEMRelics:WarHorn","Pet Ghost","Juzu Bracelet","zeldaRelics:CourageTriforce","Emotion Chip","Golden Idol","Empty Cage","StuffTheSpire:Mouthbags","MealTicket","zeldaRelics:WisdomPiece"],"acts_visited":["Exordium","TheCity"],"potions_floor_usage":[7,33,33],"damage_taken":[{"damage":1,"enemies":"Cultist","floor":1,"turns":3},{"damage":7,"enemies":"Small Slimes","floor":2,"turns":3},{"damage":6,"enemies":"Jaw Worm","floor":4,"turns":3},{"damage":13,"enemies":"Lagavulin","floor":7,"turns":7},{"damage":2,"enemies":"3 Louse","floor":8,"turns":3},{"damage":20,"enemies":"Slime Boss","floor":16,"turns":10},{"damage":22,"enemies":"Chosen","floor":18,"turns":8},{"damage":9,"enemies":"Shell Parasite","floor":21,"turns":4},{"damage":29,"enemies":"Gremlin Leader","floor":27,"turns":8},{"damage":59,"enemies":"Collector","floor":33,"turns":13}],"seed_played":"-7376896029992691141","potions_obtained":[{"floor":1,"key":"blueLaboratory:BottleOfVodka"},{"floor":4,"key":"PowerPotion"},{"floor":27,"key":"blueLaboratory:HeartbeatPotion"}],"is_trial":true,"path_per_floor":["M","M","?","M","?","R","E","M","T","$","?","?","?","?","R","B",null,"M","?","$","M","?","R","?","R","T","E","R","?","?","?","R","B"],"character_chosen":"DEFECT","items_purchased":["Loop"],"campfire_rested":2,"item_purchase_floors":[10],"current_hp_per_floor":[74,67,75,69,69,69,56,54,54,54,54,39,21,36,36,16,75,53,53,53,44,44,44,44,44,44,15,37,37,37,37,59,0,0],"gold":263,"neow_bonus":"","is_daily":false,"chose_seed":false,"campfire_upgraded":4,"win_rate":0.0,"timestamp":1609528495,"path_taken":["M","M","?","?","?","R","E","M","T","?","?","?","?","?","R","BOSS","M","?","?","M","?","R","?","R","T","E","R","?","?","?","R","BOSS"],"items_purchased_type":["Card"],"build_version":"2020-12-22","purchased_purges":0,"victory":false,"max_hp_per_floor":[75,75,75,75,75,75,75,75,75,75,75,75,75,75,75,75,75,75,75,75,75,75,75,75,75,75,75,75,75,75,75,75,75,75],"card_choices":[{"not_picked":["Sweeping Beam","Redo","ReplayTheSpireMod:System Scan"],"picked":"SKIP","floor":7},{"not_picked":["Fission","Creative AI"],"picked":"Reboot","floor":16},{"not_picked":["Panic Button+1","Turbo+1","Crystallizer+1"],"picked":"SKIP","floor":27}],"player_experience":195819,"relics_obtained":[{"floor":1,"key":"Pet Ghost"},{"floor":4,"key":"Juzu Bracelet"},{"floor":7,"key":"zeldaRelics:CouragePiece"},{"floor":8,"key":"Emotion Chip"},{"floor":9,"key":"zeldaRelics:CouragePiece"},{"floor":18,"key":"StuffTheSpire:Mouthbags"},{"floor":21,"key":"MealTicket"},{"floor":26,"key":"zeldaRelics:CouragePiece"},{"floor":27,"key":"zeldaRelics:WisdomPiece"}],"event_choices":[{"damage_healed":8,"gold_gain":0,"player_choice":"Full Heal","damage_taken":0,"max_hp_gain":0,"max_hp_loss":0,"event_name":"Wheel of Change","floor":3,"gold_loss":0},{"damage_healed":54,"gold_gain":0,"player_choice":"Upgrade","damage_taken":15,"max_hp_gain":0,"max_hp_loss":75,"event_name":"betterThird:BetterShining","floor":12,"gold_loss":0,"cards_upgraded":["Defend_B","Strike_B"]},{"damage_healed":0,"gold_gain":0,"player_choice":"Take Damage","damage_taken":18,"relics_obtained":["Golden Idol"],"max_hp_gain":0,"max_hp_loss":0,"event_name":"Golden Idol","floor":13,"gold_loss":0},{"damage_healed":0,"gold_gain":0,"player_choice":"Ignored","damage_taken":0,"max_hp_gain":0,"max_hp_loss":0,"event_name":"betterNote:BetterNote","floor":19,"gold_loss":0,"cards_obtained":["RobotSpaceExplorer:Counterblock"]},{"cards_removed":["Defend_B"],"damage_healed":0,"gold_gain":0,"player_choice":"Offered Basic","damage_taken":0,"max_hp_gain":0,"max_hp_loss":0,"event_name":"Bonfire Elementals","floor":22,"gold_loss":0},{"damage_healed":0,"gold_gain":0,"player_choice":"Forge","damage_taken":0,"max_hp_gain":0,"max_hp_loss":0,"event_name":"Accursed Blacksmith","floor":24,"gold_loss":0,"cards_upgraded":["Reboot"]},{"damage_healed":0,"gold_gain":0,"player_choice":"Ignored","damage_taken":0,"max_hp_gain":0,"max_hp_loss":0,"event_name":"Upgrade Shrine","floor":30,"gold_loss":0},{"damage_healed":0,"gold_gain":0,"player_choice":"Adaptability","damage_taken":0,"max_hp_gain":0,"max_hp_loss":0,"event_name":"betterThird:BetterWriting","floor":31,"gold_loss":0}],"is_beta":false,"boss_relics":[{"not_picked":["aspiration:FutureDiary","Painkiller Herb"],"picked":"Empty Cage"}],"items_purged_floors":[],"is_endless":false,"potions_floor_spawned":[1,4,27],"killed_by":"Collector","ascension_level":0}}