{"host":"naykp6d9ulahlwib","time":1609536393,"event":{"mods":["BaseMod","Highlight Path","Minty Spire (QoL Compilation)","Shop Mod","StSLib"],"gold_per_floor":[110,35,35,45,45,45,79,94,94,94,94,94,148,166,166,166,166],"floor_reached":16,"playtime":1013,"items_purged":["Strike_P"],"score":196,"play_id":"ee33695e-4625-4d6b-969e-d310fe0c1d9b","local_time":"20210101152633","is_ascension_mode":true,"campfire_choices":[{"data":"Eruption","floor":6.0,"key":"SMITH"},{"floor":10.0,"key":"REST"},{"data":"TalkToTheHand","floor":15.0,"key":"SMITH"}],"circlet_count":0,"master_deck":["AscendersBane","Strike_P","Strike_P","Defend_P","Defend_P","Eruption+1","Vigilance","Weave","TalkToTheHand+1","EmptyBody","Evaluate+1"],"relics":["Empty Cage","Gremlin Horn","Toxic Egg 2","Anchor"],"acts_visited":["Exordium"],"potions_floor_usage":[16],"damage_taken":[{"damage":0.0,"enemies":"2 Louse","floor":1.0,"turns":3.0},{"damage":11.0,"enemies":"Jaw Worm","floor":4.0,"turns":5.0},{"damage":48.0,"enemies":"3 Sentries","floor":7.0,"turns":16.0},{"damage":1.0,"enemies":"Small Slimes","floor":8.0,"turns":3.0},{"damage":0.0,"enemies":"Looter","floor":14.0,"turns":4.0},{"damage":103,"enemies":"Slime Boss","floor":16,"turns":11}],"seed_played":"-4656752956577680224","potions_obtained":[{"floor":1.0,"key":"Regen Potion"},{"floor":4.0,"key":"StancePotion"},{"floor":7.0,"key":"Regen Potion"}],"is_trial":false,"path_per_floor":["M","$","?","M","$","R","E","M","T","R","?","?","T","M","R","B"],"character_chosen":"WATCHER","items_purchased":[],"campfire_rested":1,"item_purchase_floors":[],"current_hp_per_floor":[61,61,61,61,61,61,13,12,12,32,54,54,54,54,54,0,0],"gold":166,"neow_bonus":"BOSS_RELIC","is_daily":false,"chose_seed":false,"campfire_upgraded":2,"win_rate":0.0,"timestamp":1609536393,"path_taken":["M","$","?","M","$","R","E","M","T","R","?","?","?","M","R","BOSS"],"items_purchased_type":[],"build_version":"2020-12-22","purchased_purges":1,"victory":false,"max_hp_per_floor":[68,68,68,68,68,68,68,68,68,68,68,68,68,68,68,68,68],"card_choices":[{"not_picked":["SashWhip","Evaluate"],"picked":"Weave","floor":1.0},{"not_picked":["Halt","CrushJoints"],"picked":"TalkToTheHand","floor":4.0},{"not_picked":["Crescendo","Protect","SashWhip"],"picked":"SKIP","floor":7.0},{"not_picked":["Prostrate","FollowUp"],"picked":"EmptyBody","floor":8.0},{"not_picked":["Sanctity+1","Crescendo+1"],"picked":"Evaluate+1","floor":14.0}],"player_experience":955340,"relics_obtained":[{"floor":7.0,"key":"Gremlin Horn"},{"floor":9.0,"key":"Toxic Egg 2"},{"floor":13.0,"key":"Anchor"}],"event_choices":[{"damage_healed":0.0,"max_hp_gain":0.0,"max_hp_loss":0.0,"gold_gain":0.0,"event_name":"The Cleric","player_choice":"Leave","floor":3.0,"gold_loss":0.0,"damage_taken":0.0},{"damage_healed":22.0,"max_hp_gain":0.0,"max_hp_loss":0.0,"gold_gain":0.0,"event_name":"Big Fish","player_choice":"Banana","floor":11.0,"gold_loss":0.0,"damage_taken":0.0},{"cards_removed":["Defend_P"],"damage_healed":0.0,"max_hp_gain":0.0,"max_hp_loss":0.0,"gold_gain":0.0,"event_name":"Living Wall","player_choice":"Forget","floor":12.0,"gold_loss":0.0,"damage_taken":0.0}],"is_beta":false,"boss_relics":[],"items_purged_floors":[2],"is_endless":false,"potions_floor_spawned":[1,4,7],"killed_by":"Slime Boss","ascension_level":20}}