{"host":"lts6tz2h67nqtpoe","time":1609475282,"event":{"mods":["AchievementEnabler","BaseMod","Colored Powertips","Downfall","Googly Eyes","Minty Spire (QoL Compilation)","Permanent Neow","Quick Restart","Replay The Spire","StSLib"],"gold_per_floor":[111,71,90,102,159,159,189,223,223,7,7,42,42,72,72,182,182,216,216,216,298,353,353,406,453,503,565,58,108,108,135,135,247,247,303,375,43,265,300,300,369,369,392,448,524,581,648,691,691,715],"floor_reached":51,"playtime":2914,"items_purged":[],"score":1638,"play_id":"2c637c54-27d9-4377-b4b0-a5300d0ccec8","local_time":"20201231202802","is_ascension_mode":true,"campfire_choices":[{"data":"Eviscerate","floor":6.0,"key":"SMITH"},{"floor":11.0,"key":"REST"},{"floor":15.0,"key":"REST"},{"floor":23.0,"key":"REST"},{"floor":30.0,"key":"REST"},{"floor":32.0,"key":"REST"},{"data":"ReplayTheSpireMod:Scrap Shanks","floor":40.0,"key":"SMITH"},{"floor":42.0,"key":"REST"},{"floor":49.0,"key":"REST"}],"circlet_count":0,"master_deck":["AscendersBane","Strike_G+1","Strike_G","Strike_G","Defend_G","Defend_G","Defend_G+1","Defend_G","Survivor","Neutralize","Quick Slash","All Out Attack","Eviscerate+1","Riddle With Holes","Dash","expansioncontent:CaCaw+1","Underhanded Strike","Corpse Explosion","Underhanded Strike","Decay","hexamod:Haunted","ReplayTheSpireMod:The Works","ReplayTheSpireMod:From All Sides","Writhe","Bouncing Flask","Apotheosis","Predator+1","ReplayTheSpireMod:Scrap Shanks+1","After Image+1","Eviscerate+1","Draining Mist+1","ReplayTheSpireMod:The Works+1","ReplayTheSpireMod:Scrap Shanks+1","Riddle With Holes+1","Delirium","Backstab+1","Predator+1","Storm of Steel+1"],"relics":["Snecko Scales","Replay:Bandana","Orichalcum","Cursed Key","The Courier","Red Mask","InkBottle","Simple Rune","Ninja Scroll","Golden Egg","Boot","Astrolabe","Replay:Towering Pillar of Hats","Vajra","Lee\u0027s Waffle","HornCleat","Dream Catcher","Pet Ghost","Torii"],"acts_visited":["Exordium","TheCity","TheBeyond"],"potions_floor_usage":[],"damage_taken":[{"damage":5.0,"enemies":"Jaw Worm","floor":1.0,"turns":4.0},{"damage":0.0,"enemies":"Small Slimes","floor":3.0,"turns":2.0},{"damage":1.0,"enemies":"2 Louse","floor":4.0,"turns":2.0},{"damage":14.0,"enemies":"Lagavulin","floor":7.0,"turns":3.0},{"damage":4.0,"enemies":"Blue Slaver","floor":8.0,"turns":2.0},{"damage":3.0,"enemies":"Looter","floor":12.0,"turns":3.0},{"damage":3.0,"enemies":"2 Fungi Beasts","floor":14.0,"turns":2.0},{"damage":4.0,"enemies":"Fading Forest","floor":16.0,"turns":13.0},{"damage":13.0,"enemies":"3 Byrds","floor":18.0,"turns":2.0},{"damage":8.0,"enemies":"Masked Bandits","floor":22.0,"turns":3.0},{"damage":12.0,"enemies":"Replay:Snechameleon","floor":24.0,"turns":5.0},{"damage":12.0,"enemies":"Shell Parasite","floor":25.0,"turns":3.0},{"damage":11.0,"enemies":"Book of Stabbing","floor":27.0,"turns":4.0},{"damage":20.0,"enemies":"Shelled Parasite and Fungi","floor":29.0,"turns":3.0},{"damage":0.0,"enemies":"3 Cultists","floor":31.0,"turns":2.0},{"damage":17.0,"enemies":"Champ","floor":33.0,"turns":7.0},{"damage":16.0,"enemies":"3 Darklings","floor":35.0,"turns":3.0},{"damage":36.0,"enemies":"2 Orb Walkers","floor":36.0,"turns":3.0},{"damage":7.0,"enemies":"Orb Walker","floor":39.0,"turns":3.0},{"damage":53.0,"enemies":"Reptomancer","floor":41.0,"turns":5.0},{"damage":0.0,"enemies":"Transient","floor":44.0,"turns":6.0},{"damage":6.0,"enemies":"Giant Head","floor":45.0,"turns":5.0},{"damage":0.0,"enemies":"Maw","floor":46.0,"turns":5.0},{"damage":6.0,"enemies":"Reptomancer","floor":47.0,"turns":5.0},{"damage":6.0,"enemies":"Jaw Worm Horde","floor":48.0,"turns":2.0},{"damage":33,"enemies":"Donu and Deca","floor":50,"turns":6}],"seed_played":"-5357828052208016484","potions_obtained":[{"floor":3.0,"key":"Death Potion"},{"floor":25.0,"key":"AttackPotion"},{"floor":31.0,"key":"Poison Potion"},{"floor":33.0,"key":"SteroidPotion"},{"floor":36.0,"key":"Regen Potion"},{"floor":41.0,"key":"Venom Potion"},{"floor":45.0,"key":"EssenceOfSteel"}],"is_trial":false,"path_per_floor":["M","$","M","M","?","R","E","M","T","$","R","M","?","M","R","B",null,"M","?","?","T","?","R","E","M","T","E","$","M","R","M","R","B",null,"M","?","$","?","M","R","E","R","T","M","E","M","E","M","R","B",null],"character_chosen":"THE_SILENT","items_purchased":["All Out Attack","AttackPotion","ColorlessPotion","expansioncontent:CaCaw","Apotheosis","Golden Egg","Boot","Vajra","Lee\u0027s Waffle","ReplayTheSpireMod:Scrap Shanks"],"campfire_rested":7,"item_purchase_floors":[2,10,10,10,28,28,28,37,37,37],"current_hp_per_floor":[54,54,54,53,53,53,39,35,35,35,54,51,51,48,66,62,65,52,52,52,52,44,63,51,39,39,28,28,8,27,27,46,29,57,41,5,73,73,66,66,25,46,46,46,40,40,34,28,49,16],"gold":715,"neow_bonus":"BOSS_RELIC","is_daily":false,"chose_seed":false,"campfire_upgraded":2,"win_rate":0.0,"timestamp":1609475282,"path_taken":["M","$","M","M","?","R","E","M","T","$","R","M","?","M","R","BOSS","M","?","?","?","?","R","E","M","T","E","$","M","R","M","R","BOSS","M","?","$","?","M","R","E","R","T","M","E","M","E","M","R","BOSS"],"items_purchased_type":["Card","Potion","Potion","Card","Card","Relic","Relic","Relic","Relic","Card"],"build_version":"2020-12-22","purchased_purges":0,"victory":true,"max_hp_per_floor":[66,66,66,66,66,66,66,66,66,66,66,66,66,66,66,66,66,66,66,66,66,66,66,66,66,66,66,66,66,66,66,66,66,66,66,66,73,73,73,73,73,73,73,73,73,73,73,73,73,73],"card_choices":[{"not_picked":["Dagger Throw","Bane"],"picked":"Quick Slash","floor":1.0},{"not_picked":["Accuracy","Reflex"],"picked":"Eviscerate","floor":3.0},{"not_picked":["Eviscerate","Expertise"],"picked":"Riddle With Holes","floor":4.0},{"not_picked":["Quick Slash","Slice"],"picked":"Dash","floor":7.0},{"not_picked":["Blur","Cloak And Dagger","Slice"],"picked":"SKIP","floor":8.0},{"not_picked":["Flying Knee","Dodge and Roll","Slice"],"picked":"SKIP","floor":12.0},{"not_picked":["Dagger Throw","Cloak And Dagger"],"picked":"Underhanded Strike","floor":14.0},{"not_picked":["Poison Darts","Tools of the Trade"],"picked":"Corpse Explosion","floor":16.0},{"not_picked":["Expertise","ReplayTheSpireMod:The Works"],"picked":"Underhanded Strike","floor":18.0},{"not_picked":["Reflex","Flying Knee"],"picked":"ReplayTheSpireMod:The Works","floor":22.0},{"not_picked":["Leg Sweep","Sucker Punch","Quick Slash"],"picked":"SKIP","floor":24.0},{"not_picked":["Acrobatics","Deadly Poison"],"picked":"ReplayTheSpireMod:From All Sides","floor":25.0},{"not_picked":["Dagger Throw","Blade Dance"],"picked":"Bouncing Flask","floor":27.0},{"not_picked":["Infinite Blades","Deflect"],"picked":"Predator+1","floor":29.0},{"not_picked":["Cloak And Dagger","Acrobatics"],"picked":"ReplayTheSpireMod:Scrap Shanks","floor":31.0},{"not_picked":["Wraith Form v2","Corpse Explosion"],"picked":"After Image","floor":33.0},{"not_picked":["Acrobatics+1","Expertise+1","Noxious Fumes"],"picked":"SKIP","floor":35.0},{"not_picked":["ReplayTheSpireMod:The Works","Outmaneuver+1"],"picked":"Riddle With Holes+1","floor":39.0},{"not_picked":["Sucker Punch","Deflect","ReplayTheSpireMod:The Works"],"picked":"SKIP","floor":41.0},{"not_picked":["Deflect","PiercingWail","Bane"],"picked":"SKIP","floor":44.0},{"not_picked":["Heel Hook","Bane+1","Deflect"],"picked":"SKIP","floor":45.0},{"not_picked":["Catalyst","Concentrate"],"picked":"Backstab+1","floor":46.0},{"not_picked":["Catalyst","Crippling Poison"],"picked":"Predator+1","floor":47.0},{"not_picked":["Catalyst+1","Toxin Wave+1"],"picked":"Storm of Steel","floor":48.0}],"player_experience":298833,"relics_obtained":[{"floor":7.0,"key":"Replay:Bandana"},{"floor":9.0,"key":"Orichalcum"},{"floor":21.0,"key":"The Courier"},{"floor":22.0,"key":"Red Mask"},{"floor":24.0,"key":"InkBottle"},{"floor":26.0,"key":"Simple Rune"},{"floor":27.0,"key":"Ninja Scroll"},{"floor":36.0,"key":"Replay:Towering Pillar of Hats"},{"floor":41.0,"key":"HornCleat"},{"floor":43.0,"key":"Dream Catcher"},{"floor":45.0,"key":"Pet Ghost"},{"floor":47.0,"key":"Torii"}],"event_choices":[{"damage_healed":0.0,"max_hp_gain":0.0,"max_hp_loss":0.0,"gold_gain":57.0,"event_name":"Golden Wing","player_choice":"Gained Gold","floor":5.0,"gold_loss":0.0,"damage_taken":0.0},{"damage_healed":0.0,"max_hp_gain":0.0,"max_hp_loss":0.0,"gold_gain":0.0,"event_name":"Living Wall","player_choice":"Grow","floor":13.0,"gold_loss":0.0,"damage_taken":0.0,"cards_upgraded":["expansioncontent:CaCaw"]},{"damage_healed":0.0,"max_hp_gain":0.0,"max_hp_loss":0.0,"gold_gain":0.0,"event_name":"Forgotten Altar","player_choice":"Smashed Altar","floor":20.0,"gold_loss":0.0,"damage_taken":0.0,"cards_obtained":["Decay"]},{"damage_healed":0.0,"max_hp_gain":0.0,"max_hp_loss":0.0,"gold_gain":0.0,"event_name":"Masked Bandits","player_choice":"Fought Bandits","floor":22.0,"gold_loss":0.0,"damage_taken":0.0},{"damage_healed":0.0,"max_hp_gain":0.0,"max_hp_loss":0.0,"gold_gain":0.0,"event_name":"Mysterious Sphere","player_choice":"Fight","floor":36.0,"gold_loss":0.0,"damage_taken":0.0},{"damage_healed":0.0,"max_hp_gain":0.0,"max_hp_loss":0.0,"gold_gain":222.0,"event_name":"Tomb of Lord Red Mask","player_choice":"Wore Mask","floor":38.0,"gold_loss":0.0,"damage_taken":0.0}],"is_beta":false,"boss_relics":[{"not_picked":["Replay:Drink Me","Calling Bell"],"picked":"Cursed Key"},{"not_picked":["Black Star","Empty Cage"],"picked":"Astrolabe"}],"items_purged_floors":[],"is_endless":false,"potions_floor_spawned":[3,12,16,18,25,31,33,36,41,45],"ascension_level":19}}