{"host":"3vgzk5mhz751jdrj","time":1609488116,"event":{"mods":["2.2 Compatiblity","AchievementEnabler","Act Like it!","Aspiration","BaseMod","Better Match","Better Note","Better Sensory Stone","Better Skull","Better Third Choice","Block Reminder","Colored Map","Conspire","Displayed Cursed Tome","Downfall","Downfall-Rebalance","Friendly Minions","GifTheSpireLib","Halation","Hubris","Marked Mod","Mimic Mod","Minty Spire (QoL Compilation)","Quick Restart","Rare Cards Sparkle","Replay The Spire","Reworked Bosses","Shop Mod","Spicy Shops","Spikes Relics","StSLib","Stuff the Spire","The Marked","Trackpad","vexMod"],"gold_per_floor":[115,128,138,138,158,183,183,183,213,240,240,250,280,295,295,295,295],"floor_reached":16,"playtime":860,"items_purged":[],"score":112,"play_id":"a1bc7084-96f6-4eeb-91d8-080c51f27719","local_time":"20210101030156","is_ascension_mode":false,"campfire_choices":[{"floor":11,"key":"REST"},{"floor":15,"key":"REST"}],"circlet_count":0,"master_deck":["theMarked:Strike","theMarked:Strike","theMarked:Strike","theMarked:Strike","theMarked:Strike","theMarked:Defend","theMarked:Defend","theMarked:Defend","theMarked:Defend","theMarked:SoldierOfQuellstein","theMarked:PowerFlow","theMarked:EmpowerWeapon","theMarked:ElementalBlade","theMarked:Defy","theMarked:Parry","StuffTheSpire:Harmony","theMarked:ContemptForTheProud","theMarked:BindingBlade","theMarked:Electrify","theMarked:Static","theMarked:ElectricStrings"],"relics":["theMarked:ArtifactOfAir","NeowsBlessing","Bag of Marbles","halation:KoshaPiece","trackpad:CultistFigurine"],"acts_visited":["Exordium"],"potions_floor_usage":[6,6,13],"damage_taken":[{"damage":0,"enemies":"conspire:RoseBush","floor":1,"turns":1},{"damage":0,"enemies":"Cultist","floor":2,"turns":1},{"damage":0,"enemies":"Small Slimes","floor":3,"turns":2},{"damage":7,"enemies":"conspire:2 RoseBushes","floor":5,"turns":5},{"damage":26,"enemies":"Lagavulin","floor":6,"turns":7},{"damage":4,"enemies":"Blue Slaver","floor":9,"turns":5},{"damage":16,"enemies":"3 Sentries","floor":10,"turns":7},{"damage":2,"enemies":"Blue Slaver","floor":12,"turns":3},{"damage":1,"enemies":"3 Louse","floor":13,"turns":4},{"damage":0,"enemies":"3 Louse","floor":14,"turns":1},{"damage":68,"enemies":"The Guardian","floor":16,"turns":8}],"seed_played":"-1579210776736557453","potions_obtained":[{"floor":2,"key":"PowerPotion"},{"floor":5,"key":"Adrenaline Potion"},{"floor":10,"key":"EssenceOfSteel"}],"is_trial":false,"path_per_floor":["M","M","M","?","M","E","?","?","MIM","E","R","M","MIM","M","R","B"],"character_chosen":"THE_DEFAULT","items_purchased":[],"campfire_rested":2,"item_purchase_floors":[],"current_hp_per_floor":[70,70,70,70,63,37,37,30,29,16,37,38,40,40,61,0,0],"gold":295,"neow_bonus":"THREE_ENEMY_KILL","is_daily":false,"chose_seed":false,"campfire_upgraded":0,"win_rate":0.0,"timestamp":1609488116,"path_taken":["M","M","M","?","?","E","?","?","MIM","E","R","M","?","M","R","BOSS"],"items_purchased_type":[],"build_version":"2020-12-22","purchased_purges":0,"victory":false,"max_hp_per_floor":[70,70,70,70,70,70,70,70,70,70,70,70,70,70,70,70,70],"card_choices":[{"not_picked":["theMarked:ResourceFulStrike","theMarked:HeightenedSenses"],"picked":"theMarked:PowerFlow","floor":1},{"not_picked":["theMarked:TwofoldDefense","theMarked:ChainLightning"],"picked":"theMarked:EmpowerWeapon","floor":2},{"not_picked":["theMarked:EmpowerWeapon","theMarked:Convert"],"picked":"theMarked:ElementalBlade","floor":3},{"not_picked":["theMarked:BanishingStrike","theMarked:WastefulDefense"],"picked":"theMarked:Defy","floor":5},{"not_picked":["theMarked:TwofoldDefense","theMarked:Frustration"],"picked":"theMarked:Parry","floor":6},{"not_picked":["StuffTheSpire:Ambrosia","StuffTheSpire:Perfection"],"picked":"StuffTheSpire:Harmony","floor":7},{"not_picked":["theMarked:Parkour","theMarked:Frustration"],"picked":"theMarked:ContemptForTheProud","floor":9},{"not_picked":["theMarked:TakeCover","theMarked:ReduceFriction"],"picked":"theMarked:BindingBlade","floor":10},{"not_picked":["theMarked:RepellingDischarge","theMarked:HeightenedSenses"],"picked":"theMarked:Electrify","floor":12},{"not_picked":["theMarked:Parkour","theMarked:ContemptForTheProud"],"picked":"theMarked:Static","floor":13},{"not_picked":["theMarked:ResourceFulStrike","theMarked:EmpowerWeapon"],"picked":"theMarked:ElectricStrings","floor":14}],"player_experience":403449,"relics_obtained":[{"floor":6,"key":"trackpad:WritersBlock"},{"floor":10,"key":"halation:KoshaPiece"},{"floor":13,"key":"trackpad:CultistFigurine"}],"event_choices":[{"damage_healed":0,"gold_gain":0,"player_choice":"Bought 0 Potions","damage_taken":0,"max_hp_gain":0,"max_hp_loss":0,"event_name":"The Woman in Blue","floor":4,"gold_loss":0},{"damage_healed":0,"gold_gain":0,"player_choice":"Relic ","damage_taken":7,"max_hp_gain":0,"max_hp_loss":0,"event_name":"betterThird:BetterScrap","floor":8,"gold_loss":0,"cards_obtained":["StuffTheSpire:Pyroclast"]}],"is_beta":false,"boss_relics":[],"items_purged_floors":[],"is_endless":false,"potions_floor_spawned":[2,5,10],"killed_by":"The Guardian","ascension_level":0}}