{"host":"cmxkjr0hek4mqvmn","time":1609462032,"event":{"mods":["BaseMod","Beaked The Cultist","Better Match","Better Skull","Better Third Choice","BetterRewards","Clawfect","Colored Map","Displayed Cursed Tome","Duelist Mod","GifTheSpireLib","Hermit","Hubris","JesterMod","Mimic Mod","Minty Spire (QoL Compilation)","Quick Restart","Robot Space Explorer","StSLib","The Bladedancer","The Blue Laboratory","The Cursed","Thieving Mod","Waifu the Spire"],"gold_per_floor":[113,128,140,153,166,166,184,209,291,291,291,453,6,16,16,121,121,141,141,141,64,75,75,102,122,159,159,170,205,205,232,232,330,330,348,359,373,27,43,43,43,43,83,83,117,136,37,51,51,51],"floor_reached":51,"playtime":6532,"items_purged":[],"score":748,"play_id":"a70ff477-3835-4f48-9a32-86abf20f6eaf","local_time":"20201231194712","is_ascension_mode":true,"campfire_choices":[{"data":"RobotSpaceExplorer:StarDust","floor":6.0,"key":"SMITH"},{"floor":15.0,"key":"REST"},{"data":"RobotSpaceExplorer:RigExplosive","floor":23.0,"key":"SMITH"},{"floor":30.0,"key":"REST"},{"data":"RobotSpaceExplorer:DoubleFind","floor":32.0,"key":"SMITH"},{"floor":40,"key":"REST"},{"data":"RobotSpaceExplorer:ChargingLaser","floor":44,"key":"SMITH"},{"floor":49,"key":"REST"}],"circlet_count":0,"master_deck":["RobotSpaceExplorer:Strike","RobotSpaceExplorer:Strike","RobotSpaceExplorer:Strike","RobotSpaceExplorer:Strike","RobotSpaceExplorer:Defend","RobotSpaceExplorer:Defend","RobotSpaceExplorer:Defend","RobotSpaceExplorer:Defend+1","RobotSpaceExplorer:Scan+1","RobotSpaceExplorer:MiniLasers","RobotSpaceExplorer:Ammunition","RobotSpaceExplorer:StarDust+1","RobotSpaceExplorer:MiniDrones","RobotSpaceExplorer:ScrapToss","RobotSpaceExplorer:Pulsar","RobotSpaceExplorer:ImprovisedAttack","RobotSpaceExplorer:MetalStrike","RobotSpaceExplorer:LuckyStrike","RobotSpaceExplorer:ShockMissile","RobotSpaceExplorer:FranticSearch","RobotSpaceExplorer:DoubleBlock","RobotSpaceExplorer:LuckyStrike","RobotSpaceExplorer:TrailblazerForm","RobotSpaceExplorer:SlimeMissile","RobotSpaceExplorer:RigExplosive+1","RobotSpaceExplorer:ExhaustFan","RobotSpaceExplorer:DoubleFind+1","RobotSpaceExplorer:ScrapMissile","RobotSpaceExplorer:ScrapShield","RobotSpaceExplorer:Ammunition","RobotSpaceExplorer:ShovelStrike","RobotSpaceExplorer:RigExplosive+1","RobotSpaceExplorer:ChargingLaser+1","RobotSpaceExplorer:Pulsar+1","RobotSpaceExplorer:ScrapMissile+1","RobotSpaceExplorer:StunGrenade+1","RobotSpaceExplorer:Reload","RobotSpaceExplorer:ShockKick+1","RobotSpaceExplorer:LaserBurst+1","RobotSpaceExplorer:TurboDodge","RobotSpaceExplorer:MiniBoosters+1","RobotSpaceExplorer:Calculate+1","RobotSpaceExplorer:PowerCollector+1"],"relics":["RobotSpaceExplorer:RoboCore","Orichalcum","beaked:ShinyBauble","hubris:Icosahedron","Dream Catcher","Unceasing Top","Black Star","MutagenicStrength","Gremlin Horn","Blue Candle","hubris:BottledRain","War Paint","hubris:TinFlute","Matryoshka","RobotSpaceExplorer:PlasmaHourglass","hubris:Backtick","Bottled Tornado","CaptainsWheel","Torii","hubris:TenFootPole","Frozen Egg 2","Pantograph"],"acts_visited":["Exordium","TheCity","TheBeyond"],"potions_floor_usage":[37,37,39,39,43,43,43,43,45,45,45,46,48,48,50,50,50,50,50],"damage_taken":[{"damage":0.0,"enemies":"Cultist","floor":1.0,"turns":3.0},{"damage":0.0,"enemies":"Small Slimes","floor":2.0,"turns":5.0},{"damage":4.0,"enemies":"Jaw Worm","floor":3.0,"turns":3.0},{"damage":13.0,"enemies":"Large Slime","floor":4.0,"turns":6.0},{"damage":14.0,"enemies":"Blue Slaver","floor":5.0,"turns":4.0},{"damage":3.0,"enemies":"Looter","floor":7.0,"turns":3.0},{"damage":23.0,"enemies":"Gremlin Nob","floor":8.0,"turns":5.0},{"damage":6.0,"enemies":"3 Sentries","floor":12.0,"turns":5.0},{"damage":8.0,"enemies":"Exordium Wildlife","floor":14.0,"turns":4.0},{"damage":8.0,"enemies":"Hexaghost","floor":16.0,"turns":6.0},{"damage":5.0,"enemies":"Chosen","floor":18.0,"turns":5.0},{"damage":2.0,"enemies":"Spheric Guardian","floor":22.0,"turns":3.0},{"damage":1.0,"enemies":"theDuelist:KaibaA2","floor":24.0,"turns":4.0},{"damage":18.0,"enemies":"Chosen and Byrds","floor":25.0,"turns":7.0},{"damage":0.0,"enemies":"3 Cultists","floor":26.0,"turns":6.0},{"damage":1.0,"enemies":"3 Cultists","floor":28.0,"turns":5.0},{"damage":3.0,"enemies":"Gremlin Leader","floor":29.0,"turns":5.0},{"damage":1.0,"enemies":"theDuelist:KaibaA2","floor":31.0,"turns":4.0},{"damage":12.0,"enemies":"Automaton","floor":33.0,"turns":6.0},{"damage":13.0,"enemies":"3 Darklings","floor":35.0,"turns":6.0},{"damage":15.0,"enemies":"3 Shapes","floor":36.0,"turns":5.0},{"damage":0,"enemies":"3 Darklings","floor":37,"turns":4},{"damage":0,"enemies":"Spire Growth","floor":39,"turns":5},{"damage":0,"enemies":"Jaw Worm Horde","floor":43,"turns":7},{"damage":10,"enemies":"beaked:SuperParasite","floor":45,"turns":6},{"damage":6,"enemies":"Jaw Worm Horde","floor":46,"turns":3},{"damage":26,"enemies":"Transient","floor":48,"turns":5},{"damage":43,"enemies":"Awakened One","floor":50,"turns":10}],"seed_played":"-7497442203318351161","potions_obtained":[{"floor":3.0,"key":"Dexterity Potion"},{"floor":5.0,"key":"DistilledChaos"},{"floor":7.0,"key":"blueLaboratory:NullPotion"},{"floor":8.0,"key":"blueLaboratory:RecallPotion"},{"floor":24.0,"key":"blueLaboratory:ArtificerPotion"},{"floor":28.0,"key":"blueLaboratory:HummingbirdPotion"},{"floor":31.0,"key":"Block Potion"},{"floor":36.0,"key":"blueLaboratory:BottledHope"},{"floor":39,"key":"Fire Potion"},{"floor":45,"key":"blueLaboratory:EmptyBottle"},{"floor":48,"key":"Dexterity Potion"}],"is_trial":false,"path_per_floor":["M","M","M","M","M","R","M","E","T","?","?","?","$","M","R","B",null,"M","?","?","$","M","R","E","M","MIM","?","M","E","R","E","R","B",null,"M","M","M","$","M","R","?","?","MIM","R","E","M","$","M","R","B",null],"character_chosen":"RobotSpaceExplorer","items_purchased":["Unceasing Top","RobotSpaceExplorer:ShockMissile","RobotSpaceExplorer:FranticSearch","RobotSpaceExplorer:RigExplosive","CaptainsWheel","PowerPotion","blueLaboratory:FruitPunch","BlessingOfTheForge"],"campfire_rested":4,"item_purchase_floors":[13,13,13,21,38,38,47,47],"current_hp_per_floor":[82,82,78,65,51,51,48,25,25,25,25,19,19,11,35,27,82,77,77,77,77,75,75,74,56,56,56,55,52,76,75,75,63,82,69,54,54,54,54,78,78,78,78,78,68,62,62,38,63,41],"gold":51,"neow_bonus":"TEN_PERCENT_HP_BONUS","is_daily":false,"chose_seed":false,"campfire_upgraded":4,"win_rate":0.0,"timestamp":1609462032,"path_taken":["M","M","M","?","M","R","M","E","T","?","?","?","$","M","R","BOSS","M","?","?","?","M","R","E","M","MIM","?","?","E","R","E","R","BOSS","M","?","M","$","M","R","?","?","MIM","R","E","M","?","M","R","BOSS"],"items_purchased_type":["Relic","Card","Card","Card","Relic","Potion","Potion","Potion"],"build_version":"2020-12-22","purchased_purges":0,"victory":true,"max_hp_per_floor":[82,82,82,82,82,82,82,82,82,82,82,82,82,82,82,82,82,82,82,82,82,82,82,82,82,82,82,82,82,82,82,82,82,82,82,82,82,82,82,82,82,82,82,82,82,82,82,84,84,84],"card_choices":[{"not_picked":["RobotSpaceExplorer:ShockKick","RobotSpaceExplorer:DoubleBlock"],"picked":"RobotSpaceExplorer:Ammunition","floor":1.0},{"not_picked":["RobotSpaceExplorer:MiniDrones","RobotSpaceExplorer:StunGrenade"],"picked":"RobotSpaceExplorer:StarDust","floor":2.0},{"not_picked":["RobotSpaceExplorer:Calculate","RobotSpaceExplorer:Wormhole"],"picked":"RobotSpaceExplorer:MiniDrones","floor":3.0},{"not_picked":["RobotSpaceExplorer:Ammunition","RobotSpaceExplorer:SwiftStep"],"picked":"RobotSpaceExplorer:ScrapToss","floor":4.0},{"not_picked":["RobotSpaceExplorer:ImprovisedAttack","RobotSpaceExplorer:Counterblock"],"picked":"RobotSpaceExplorer:Pulsar","floor":5.0},{"not_picked":["RobotSpaceExplorer:ShovelStrike","RobotSpaceExplorer:Counterblock"],"picked":"RobotSpaceExplorer:ImprovisedAttack","floor":7.0},{"not_picked":["RobotSpaceExplorer:Jetpack","RobotSpaceExplorer:GearShield"],"picked":"RobotSpaceExplorer:MetalStrike","floor":8.0},{"not_picked":["RobotSpaceExplorer:DoubleFind","RobotSpaceExplorer:SwiftStep"],"picked":"RobotSpaceExplorer:LuckyStrike","floor":12.0},{"not_picked":["RobotSpaceExplorer:SurgingShield","RobotSpaceExplorer:ExhaustFan"],"picked":"RobotSpaceExplorer:DoubleBlock","floor":14.0},{"not_picked":["RobotSpaceExplorer:LaserBurst","RobotSpaceExplorer:StunGrenade"],"picked":"RobotSpaceExplorer:LuckyStrike","floor":15.0},{"not_picked":["RobotSpaceExplorer:BlastShield","RobotSpaceExplorer:Scanner"],"picked":"RobotSpaceExplorer:TrailblazerForm","floor":16.0},{"not_picked":["RobotSpaceExplorer:Electropulse+1","RobotSpaceExplorer:DoubleBlock"],"picked":"RobotSpaceExplorer:SlimeMissile","floor":18.0},{"not_picked":["RobotSpaceExplorer:ShovelStrike","RobotSpaceExplorer:ToxicBomb"],"picked":"RobotSpaceExplorer:DualCore+1","floor":22.0},{"not_picked":["RobotSpaceExplorer:ShovelStrike","RobotSpaceExplorer:SurgingShield"],"picked":"RobotSpaceExplorer:ExhaustFan","floor":24.0},{"not_picked":["RobotSpaceExplorer:GlueShot","RobotSpaceExplorer:IronShell"],"picked":"RobotSpaceExplorer:DoubleFind","floor":25.0},{"not_picked":["RobotSpaceExplorer:FrostMissile+1","RobotSpaceExplorer:MetalStrike+1"],"picked":"RobotSpaceExplorer:ScrapMissile","floor":26.0},{"not_picked":["RobotSpaceExplorer:MetalStrike","RobotSpaceExplorer:Electroshield"],"picked":"RobotSpaceExplorer:ScrapShield","floor":28.0},{"not_picked":["RobotSpaceExplorer:Scanner","RobotSpaceExplorer:FrostMissile"],"picked":"RobotSpaceExplorer:Ammunition","floor":29.0},{"not_picked":["RobotSpaceExplorer:SelfCleaning","RobotSpaceExplorer:GlueShot"],"picked":"RobotSpaceExplorer:ShovelStrike","floor":30.0},{"not_picked":["RobotSpaceExplorer:MetalStrike+1","RobotSpaceExplorer:DoubleFind+1"],"picked":"RobotSpaceExplorer:RigExplosive+1","floor":31.0},{"not_picked":["RobotSpaceExplorer:TrailblazerForm","RobotSpaceExplorer:DroneSwarm"],"picked":"RobotSpaceExplorer:ChargingLaser","floor":33.0},{"not_picked":["RobotSpaceExplorer:Fix+1","RobotSpaceExplorer:MiniDrones+1"],"picked":"RobotSpaceExplorer:Pulsar+1","floor":35.0},{"not_picked":["RobotSpaceExplorer:SlimeMissile","RobotSpaceExplorer:ShovelStrike+1"],"picked":"RobotSpaceExplorer:ScrapMissile+1","floor":36.0},{"not_picked":["RobotSpaceExplorer:ScrapShield+1","RobotSpaceExplorer:FranticSearch"],"picked":"RobotSpaceExplorer:StunGrenade+1","floor":37},{"not_picked":["RobotSpaceExplorer:ShovelStrike","RobotSpaceExplorer:SurgingShield"],"picked":"RobotSpaceExplorer:Reload","floor":39},{"not_picked":["RobotSpaceExplorer:Ammunition","RobotSpaceExplorer:StarLightning+1"],"picked":"RobotSpaceExplorer:ShockKick+1","floor":40},{"not_picked":["RobotSpaceExplorer:MetalStrike","RobotSpaceExplorer:SurgingShield+1"],"picked":"RobotSpaceExplorer:LaserBurst+1","floor":43},{"not_picked":["RobotSpaceExplorer:Probe","RobotSpaceExplorer:ImprovisedAttack+1"],"picked":"RobotSpaceExplorer:TurboDodge","floor":45},{"not_picked":["RobotSpaceExplorer:Discharger+1","RobotSpaceExplorer:Calculate"],"picked":"RobotSpaceExplorer:MiniBoosters+1","floor":46},{"not_picked":["RobotSpaceExplorer:GlueShot","RobotSpaceExplorer:FranticSearch+1"],"picked":"RobotSpaceExplorer:Calculate+1","floor":48},{"not_picked":["RobotSpaceExplorer:SwiftStep+1","RobotSpaceExplorer:GlueShot"],"picked":"RobotSpaceExplorer:PowerCollector+1","floor":49}],"player_experience":551794,"relics_obtained":[{"floor":8.0,"key":"Orichalcum"},{"floor":9.0,"key":"beaked:ShinyBauble"},{"floor":12.0,"key":"Dream Catcher"},{"floor":24.0,"key":"Gremlin Horn"},{"floor":24.0,"key":"Blue Candle"},{"floor":26.0,"key":"hubris:BottledRain"},{"floor":29.0,"key":"War Paint"},{"floor":29.0,"key":"hubris:TinFlute"},{"floor":31.0,"key":"Matryoshka"},{"floor":31.0,"key":"RobotSpaceExplorer:PlasmaHourglass"},{"floor":43,"key":"Torii"},{"floor":43,"key":"hubris:TenFootPole"},{"floor":45,"key":"Frozen Egg 2"},{"floor":45,"key":"Pantograph"}],"event_choices":[{"damage_healed":0.0,"max_hp_gain":0.0,"max_hp_loss":0.0,"gold_gain":0.0,"event_name":"Golden Wing","player_choice":"Ignored","floor":11.0,"gold_loss":0.0,"damage_taken":0.0},{"damage_healed":0.0,"max_hp_gain":0.0,"max_hp_loss":0.0,"gold_gain":0.0,"event_name":"Dead Adventurer","player_choice":"Searched \u00271\u0027 times","floor":12.0,"gold_loss":0.0,"damage_taken":0.0},{"damage_healed":0.0,"max_hp_gain":0.0,"max_hp_loss":0.0,"gold_gain":0.0,"event_name":"Drug Dealer","player_choice":"Inject Mutagens","floor":19.0,"gold_loss":0.0,"damage_taken":0.0,"relics_obtained":["MutagenicStrength"]},{"damage_healed":0.0,"max_hp_gain":0.0,"max_hp_loss":0.0,"gold_gain":0.0,"event_name":"Beggar","player_choice":"Ignored","floor":20.0,"gold_loss":0.0,"damage_taken":0.0},{"damage_healed":0.0,"max_hp_gain":0.0,"max_hp_loss":0.0,"gold_gain":0.0,"event_name":"Vampires","player_choice":"Ignored","floor":27.0,"gold_loss":0.0,"damage_taken":0.0},{"cards_removed":["RobotSpaceExplorer:DualCore"],"damage_healed":0,"gold_gain":0,"player_choice":"Removed Power","damage_taken":0,"max_hp_gain":0,"max_hp_loss":0,"event_name":"Falling","floor":42,"gold_loss":0}],"is_beta":false,"boss_relics":[{"not_picked":["Fusion Hammer","Cursed Key"],"picked":"Black Star"},{"not_picked":["hubris:CrackedHourglass","hubris:TerracottaHorce"],"picked":"hubris:Backtick"}],"items_purged_floors":[],"is_endless":false,"potions_floor_spawned":[3,5,7,8,24,28,31,36,39,45,48],"ascension_level":1}}