{"host":"a1u4jo6xlg3w0wsm","time":1609501827,"event":{"mods":["BaseMod","Better Third Choice","DeckTracker","Downfall","Hermit","Hubris","Minty Spire (QoL Compilation)","Rare Cards Sparkle","Replay The Spire","StSLib"],"gold_per_floor":[119,136,136,148,148,174,188,188,213,388,388,388,403,436,436,436,436],"floor_reached":16,"playtime":966,"items_purged":[],"score":127,"play_id":"1fefa38d-ceb8-43cc-920f-4efae3d85007","local_time":"20210102005027","is_ascension_mode":true,"campfire_choices":[{"floor":8.0,"key":"REST"},{"floor":12.0,"key":"REST"},{"floor":15.0,"key":"REST"}],"circlet_count":0,"master_deck":["hermit:Strike_Hermit","hermit:Strike_Hermit","hermit:Strike_Hermit","hermit:Strike_Hermit","hermit:Defend_Hermit","hermit:Defend_Hermit","hermit:Defend_Hermit","hermit:Defend_Hermit","hermit:Snapshot","hermit:Covet","hermit:CursedWeapon","hermit:EyeOfTheStorm","hermit:Showdown","hermit:Snipe","hermit:HoleUp","Pot Of Greed","Pot Of Greed","hermit:ShadowCloak"],"relics":["hermit:Momento","NeowsBlessing","hubris:Towel","Anchor","Grinning Jar","Strawberry"],"acts_visited":["Exordium"],"potions_floor_usage":[],"damage_taken":[{"damage":0.0,"enemies":"2 Louse","floor":1.0,"turns":1.0},{"damage":0.0,"enemies":"Jaw Worm","floor":2.0,"turns":1.0},{"damage":0.0,"enemies":"Small Slimes","floor":4.0,"turns":1.0},{"damage":52.0,"enemies":"3 Sentries","floor":6.0,"turns":11.0},{"damage":9.0,"enemies":"Red Slaver","floor":7.0,"turns":4.0},{"damage":19.0,"enemies":"Large Slime","floor":13.0,"turns":7.0},{"damage":11.0,"enemies":"Lagavulin","floor":14.0,"turns":6.0},{"damage":69,"enemies":"Hexaghost","floor":16,"turns":14}],"seed_played":"-8117265193991082265","potions_obtained":[{"floor":4.0,"key":"FairyPotion"},{"floor":6.0,"key":"Dexterity Potion"},{"floor":7.0,"key":"Strength Potion"}],"is_trial":false,"path_per_floor":["M","M","?","M","$","E","M","R","T","?","?","R","M","E","R","B"],"character_chosen":"HERMIT","items_purchased":[],"campfire_rested":3,"item_purchase_floors":[],"current_hp_per_floor":[75,75,75,75,75,23,14,36,36,36,36,58,39,35,59,17,17],"gold":436,"neow_bonus":"THREE_ENEMY_KILL","is_daily":false,"chose_seed":false,"campfire_upgraded":0,"win_rate":0.0,"timestamp":1609501827,"path_taken":["M","M","?","M","?","E","?","R","T","?","?","R","M","E","R","BOSS"],"items_purchased_type":[],"build_version":"2020-12-13","purchased_purges":0,"victory":false,"max_hp_per_floor":[75,75,75,75,75,75,75,75,75,75,75,75,75,82,82,82,82],"card_choices":[{"not_picked":["hermit:Feint","hermit:GoldenBullet"],"picked":"hermit:CursedWeapon","floor":1.0},{"not_picked":["hermit:Glare","hermit:Virtue"],"picked":"hermit:EyeOfTheStorm","floor":2.0},{"not_picked":["hermit:Headshot","hermit:Snipe"],"picked":"hermit:Showdown","floor":4.0},{"not_picked":["hermit:Dive","hermit:LowProfile"],"picked":"hermit:Snipe","floor":6.0},{"not_picked":["hermit:Headshot","hermit:NoHoldsBarred"],"picked":"hermit:HoleUp","floor":7.0},{"not_picked":["hermit:TrackingShot","hermit:Desperado"],"picked":"hermit:ShadowCloak","floor":13.0},{"not_picked":["hermit:TakeCover","hermit:GoldenBullet","hermit:LuckOfTheDraw"],"picked":"SKIP","floor":14.0}],"player_experience":270607,"relics_obtained":[{"floor":6.0,"key":"Anchor"},{"floor":9.0,"key":"Grinning Jar"},{"floor":14.0,"key":"Strawberry"}],"event_choices":[{"damage_healed":0.0,"max_hp_gain":0.0,"max_hp_loss":0.0,"gold_gain":175.0,"event_name":"betterThird:BetterSerpent","player_choice":"AGREE","floor":10.0,"gold_loss":0.0,"damage_taken":213.0},{"cards_removed":["Doubt"],"damage_healed":0.0,"max_hp_gain":0.0,"max_hp_loss":0.0,"gold_gain":0.0,"event_name":"Purifier","player_choice":"Purged","floor":11.0,"gold_loss":0.0,"damage_taken":0.0}],"is_beta":false,"boss_relics":[],"items_purged_floors":[],"is_endless":false,"potions_floor_spawned":[4,6,7,13],"killed_by":"Hexaghost","ascension_level":3}}