{"host":"6fh0uvaoh3e0g6do","time":1609544362,"event":{"mods":["AchievementEnabler","BaseMod","Downfall","Minty Spire (QoL Compilation)","Replay The Spire","StSLib","The Cursed"],"gold_per_floor":[112,112,130,142,161,161,175,175,227,240,255,267,280,280,280,280,280,376,376,396,411,38,58,73,73,84,84,84,108,108,141,160,172,172,172,172],"floor_reached":35,"playtime":3292,"items_purged":["Strike_R"],"score":327,"play_id":"15d1818c-0676-4642-a946-2c2be55cf14e","local_time":"20210101163922","is_ascension_mode":false,"campfire_choices":[{"data":"Metallicize","floor":6,"key":"SMITH"},{"data":"Infernal Blade","floor":8,"key":"SMITH"},{"data":"Metallicize","floor":17,"key":"SMITH"},{"floor":25,"key":"REST"},{"floor":30,"key":"REST"},{"floor":34,"key":"REST"}],"circlet_count":0,"master_deck":["Strike_R","Defend_R","Defend_R","Defend_R","Defend_R","Bash+1","Anger","Metallicize+1","Headbutt","Infernal Blade+1","Pommel Strike+1","Searing Blow","Metallicize+1","Anger","Cleave","Juggernaut","Cleave+1","Pommel Strike+1","Pommel Strike+1","Pummel+1","Cleave+1","Pommel Strike+1","Cleave+1","Pommel Strike+1"],"relics":["Burning Blood","Whetstone","Empty Cage","Molten Egg 2","Darkstone Periapt","Anchor","Onion Ring"],"acts_visited":["Exordium","TheCity"],"potions_floor_usage":[5,18,20,20,21,24,31,32,32,33,35],"damage_taken":[{"damage":2,"enemies":"Small Slimes","floor":1,"turns":4},{"damage":1,"enemies":"2 Louse","floor":3,"turns":3},{"damage":0,"enemies":"Cultist","floor":4,"turns":3},{"damage":4,"enemies":"Exordium Wildlife","floor":5,"turns":4},{"damage":7,"enemies":"Blue Slaver","floor":7,"turns":2},{"damage":0,"enemies":"3 Louse","floor":10,"turns":2},{"damage":0,"enemies":"Large Slime","floor":11,"turns":4},{"damage":5,"enemies":"Red Slaver","floor":12,"turns":4},{"damage":5,"enemies":"Blue Slaver","floor":13,"turns":4},{"damage":30,"enemies":"Fading Forest","floor":18,"turns":11},{"damage":5,"enemies":"2 Thieves","floor":20,"turns":4},{"damage":0,"enemies":"Spheric Guardian","floor":21,"turns":2},{"damage":33,"enemies":"Snake Plant","floor":23,"turns":3},{"damage":39,"enemies":"Shelled Parasite and Fungi","floor":24,"turns":6},{"damage":10,"enemies":"Snecko","floor":26,"turns":6},{"damage":24,"enemies":"Replay:Snechameleon","floor":31,"turns":4},{"damage":5,"enemies":"Centurion and Healer","floor":32,"turns":5},{"damage":0,"enemies":"Chosen and Byrds","floor":33,"turns":3},{"damage":78,"enemies":"Champ","floor":35,"turns":12}],"seed_played":"-4204694874440195384","potions_obtained":[{"floor":3,"key":"DistilledChaos"},{"floor":4,"key":"GamblersBrew"},{"floor":7,"key":"Strength Potion"},{"floor":13,"key":"Guardian:BlockOnCardUsePotion"},{"floor":14,"key":"AttackPotion"},{"floor":18,"key":"Dexterity Potion"},{"floor":20,"key":"SkillPotion"},{"floor":24,"key":"Cursed Concoction"},{"floor":31,"key":"EntropicBrew"}],"is_trial":false,"path_per_floor":["M","?","M","M","M","R","M","R","T","M","M","M","M","?","PTL","PTL","R","B",null,"M","M","$","M","M","R","M","?","T","T","R","E","M","M","R","B"],"character_chosen":"IRONCLAD","items_purchased":["Molten Egg 2","Pommel Strike+1"],"campfire_rested":3,"item_purchase_floors":[22,22],"current_hp_per_floor":[80,73,78,80,80,80,79,79,79,80,80,80,80,80,80,80,80,73,80,80,80,80,53,20,44,40,25,25,25,50,32,33,39,64,0,0],"gold":172,"neow_bonus":"","is_daily":false,"chose_seed":false,"campfire_upgraded":3,"win_rate":0.0,"timestamp":1609544362,"path_taken":["M","?","M","M","M","R","M","R","T","M","M","M","M","?","PTL","PTL","R","BOSS","M","M","?","M","M","R","M","?","T","?","R","E","M","M","R","BOSS"],"items_purchased_type":["Relic","Card"],"build_version":"2020-12-22","purchased_purges":1,"victory":false,"max_hp_per_floor":[80,80,80,80,80,80,80,80,80,80,80,80,80,80,80,80,80,80,80,80,80,80,80,80,80,80,85,85,85,85,85,85,85,85,85,85],"card_choices":[{"not_picked":["ReplayTheSpireMod:Strike From Hell","Disarm"],"picked":"Anger","floor":1},{"not_picked":["Replay:Undeath\u0027s Touch","Second Wind"],"picked":"Metallicize","floor":3},{"not_picked":["Run Through","Flex"],"picked":"Headbutt","floor":4},{"not_picked":["Seeing Red","Abandon"],"picked":"Infernal Blade","floor":5},{"not_picked":["Flex","Second Wind"],"picked":"Pommel Strike","floor":7},{"not_picked":["Rage","Warcry"],"picked":"Searing Blow","floor":10},{"not_picked":["Flex","Pummel"],"picked":"Metallicize","floor":11},{"not_picked":["Armaments","Hemogenesis"],"picked":"Anger","floor":12},{"not_picked":["Clothesline","Body Slam"],"picked":"Cleave","floor":13},{"not_picked":["Bludgeon","Corruption"],"picked":"Juggernaut","floor":18},{"not_picked":["ReplayTheSpireMod:Strike From Hell","Thunderclap+1"],"picked":"Cleave+1","floor":20},{"not_picked":["Flex+1","Reckless Charge+1","Sword Boomerang"],"picked":"SKIP","floor":21},{"not_picked":["Power Through+1","Thunderclap+1"],"picked":"Pummel+1","floor":23},{"not_picked":["Power Through","True Grit","Run Through+1"],"picked":"SKIP","floor":24},{"not_picked":["Perfected Strike+1","Sword Boomerang+1"],"picked":"Cleave+1","floor":26},{"not_picked":["Massacre+1","Cleave+1"],"picked":"Pommel Strike+1","floor":31},{"not_picked":["Hemogenesis+1","Flex"],"picked":"Cleave+1","floor":32},{"not_picked":["Barricade","Replay:Undeath\u0027s Touch+1"],"picked":"Pommel Strike+1","floor":33}],"player_experience":0,"relics_obtained":[{"floor":9,"key":"Whetstone"},{"floor":28,"key":"Darkstone Periapt"},{"floor":29,"key":"Anchor"},{"floor":31,"key":"Onion Ring"}],"event_choices":[{"cards_removed":["Strike_R"],"damage_healed":0,"gold_gain":0,"player_choice":"Card Removal","damage_taken":7,"max_hp_gain":0,"max_hp_loss":0,"event_name":"Golden Wing","floor":2,"gold_loss":0},{"damage_healed":0,"gold_gain":0,"player_choice":"Got Potions","damage_taken":0,"max_hp_gain":0,"max_hp_loss":0,"event_name":"Lab","floor":14,"gold_loss":0},{"damage_healed":0,"gold_gain":0,"player_choice":"Shed Blood","damage_taken":20,"max_hp_gain":5,"max_hp_loss":0,"event_name":"Forgotten Altar","floor":27,"gold_loss":0}],"is_beta":false,"boss_relics":[{"not_picked":["Philosopher\u0027s Stone","Runic Pyramid"],"picked":"Empty Cage"}],"items_purged_floors":[22],"is_endless":false,"potions_floor_spawned":[3,4,7,13,18,20,24,31],"killed_by":"Champ","ascension_level":0}}