{"host":"7pe9xwx78c6nlay8","time":1609512483,"event":{"mods":["BaseMod","Minty Spire (QoL Compilation)"],"gold_per_floor":[110,90,101,120,131,166,166,181,181,181,181,181],"floor_reached":11,"playtime":257,"items_purged":[],"score":131,"play_id":"cc3174a4-b8f5-42aa-85db-361fea59de0e","local_time":"20210101224803","is_ascension_mode":true,"campfire_choices":[{"data":"LessonLearned","floor":10,"key":"SMITH"}],"circlet_count":0,"master_deck":["AscendersBane","Strike_P","Strike_P","Strike_P","Strike_P","Defend_P","Defend_P","Defend_P","Defend_P","Eruption","Vigilance","JustLucky","CutThroughFate","JustLucky","Weave","LessonLearned+1"],"relics":["PureWater","NeowsBlessing","MealTicket","Mummified Hand","Ornamental Fan"],"acts_visited":["Exordium"],"potions_floor_usage":[6],"damage_taken":[{"damage":0,"enemies":"Small Slimes","floor":1,"turns":1},{"damage":0,"enemies":"Cultist","floor":3,"turns":1},{"damage":0,"enemies":"2 Louse","floor":4,"turns":1},{"damage":1,"enemies":"Red Slaver","floor":5,"turns":5},{"damage":10,"enemies":"Gremlin Nob","floor":6,"turns":3},{"damage":10,"enemies":"3 Louse","floor":8,"turns":4},{"damage":43,"enemies":"3 Sentries","floor":11,"turns":4}],"seed_played":"-9186689684006062","potions_obtained":[{"floor":2,"key":"StancePotion"},{"floor":3,"key":"Weak Potion"},{"floor":4,"key":"DuplicationPotion"},{"floor":8,"key":"FearPotion"}],"is_trial":false,"path_per_floor":["M","?","M","M","M","E","?","M","T","R","E"],"character_chosen":"WATCHER","items_purchased":[],"campfire_rested":0,"item_purchase_floors":[],"current_hp_per_floor":[61,61,61,61,60,50,50,40,40,40,0,0],"gold":181,"neow_bonus":"THREE_ENEMY_KILL","is_daily":false,"chose_seed":false,"campfire_upgraded":1,"win_rate":0.0,"timestamp":1609512483,"path_taken":["M","?","M","?","M","E","?","?","T","R","E"],"items_purchased_type":[],"build_version":"2020-12-22","purchased_purges":0,"victory":false,"max_hp_per_floor":[68,68,68,68,68,68,68,68,68,68,68,68],"card_choices":[{"not_picked":["Fasting2","Wallop"],"picked":"JustLucky","floor":1},{"not_picked":["SashWhip","FollowUp"],"picked":"CutThroughFate","floor":3},{"not_picked":["SashWhip","ClearTheMind"],"picked":"JustLucky","floor":4},{"not_picked":["WaveOfTheHand","Crescendo"],"picked":"Weave","floor":5},{"not_picked":["Sanctity","DeceiveReality","CrushJoints"],"picked":"SKIP","floor":6},{"not_picked":["Collect","WheelKick"],"picked":"LessonLearned","floor":8}],"player_experience":1591013,"relics_obtained":[{"floor":6,"key":"MealTicket"},{"floor":9,"key":"Ornamental Fan"}],"event_choices":[{"damage_healed":0,"gold_gain":0,"player_choice":"Bought 1 Potion","damage_taken":0,"max_hp_gain":0,"max_hp_loss":0,"event_name":"The Woman in Blue","floor":2,"gold_loss":0},{"damage_healed":0,"gold_gain":0,"player_choice":"Gave Potion","damage_taken":0,"relics_obtained":["Mummified Hand"],"max_hp_gain":0,"max_hp_loss":0,"event_name":"WeMeetAgain","floor":7,"gold_loss":0}],"is_beta":false,"boss_relics":[],"items_purged_floors":[],"is_endless":false,"potions_floor_spawned":[3,4,8],"killed_by":"3 Sentries","ascension_level":15}}