{"host":"97feeoqujgl2pi7v","time":1609500267,"event":{"mods":["AchievementEnabler","Act Like it!","Aspiration","Bard","BaseMod","Better Third Choice","Colored Map","Colored Powertips","Conspire","DeckTracker","Downfall","Duelist Mod","Gensokyo","GifTheSpireLib","Halation","Hallownest","Hermit","Hubris","Infinite Spire","Jorbs\u0027s Wanderer Trilogy","Koishi","Mad Scientist","Marisa（霧雨　魔理沙）","Minty Spire (QoL Compilation)","Rare Cards Sparkle","Reimu（博丽灵梦）","Replay The Spire","Shop Mod","StSLib","The Administrix","The Blackbeard","The Bladedancer","The Bug Knight","The Construct","The Cursed","The Disciple","The Mystic","The Necromancer","The Runesmith","The Saiyan","The Servant 0.9.4","TheBandit"],"gold_per_floor":[118,27,27,42,42,42,318,333,380,16,51,51,67,87,87,87,87],"floor_reached":16,"playtime":1889,"items_purged":[],"score":135,"play_id":"e0070d9e-d8a1-4d41-a51a-d17d5cf106b6","local_time":"20210101062427","is_ascension_mode":false,"campfire_choices":[{"data":"ShootTheMoon","floor":6,"key":"SMITH"}],"circlet_count":0,"master_deck":["Strike_MRS","Strike_MRS","Strike_MRS","Strike_MRS","Defend_MRS","Defend_MRS","Defend_MRS","Defend_MRS","MasterSpark","UpSweep","AlicesGift","EarthLightRay","ShootTheMoon+1","SuperNova","NonDirectionalLaser","PowerUp","GrandCross","ShootingEcho","MysteriousBeam"],"relics":["MiniHakkero","Gensokyo:MarisaImprobabilityPotion","Gremlin Food","Potion Belt","halation:VictoryRuler","Meat on the Bone","BreadOfAWashokuLover","aspiration:DSix"],"acts_visited":["Gensokyo:Gensokyo"],"potions_floor_usage":[11],"damage_taken":[{"damage":0,"enemies":"Gensokyo:2_Kodama","floor":1,"turns":3},{"damage":2,"enemies":"Gensokyo:Gryphon","floor":4,"turns":3},{"damage":0,"enemies":"Gensokyo:Mamizou","floor":7,"turns":6},{"damage":2,"enemies":"Gensokyo:3_Fairies","floor":8,"turns":4},{"damage":24,"enemies":"Gensokyo:Cirno","floor":11,"turns":7},{"damage":12,"enemies":"Gensokyo:Kitsune","floor":13,"turns":2},{"damage":8,"enemies":"Gensokyo:Python_and_Kodama","floor":14,"turns":3},{"damage":36,"enemies":"Gensokyo:Yukari","floor":16,"turns":6}],"seed_played":"7117674208996056752","potions_obtained":[{"floor":1,"key":"BlessingOfTheForge"},{"floor":8,"key":"sneckomod:MuddlingPotion"}],"is_trial":false,"path_per_floor":["M","COS","?","M","?","R","E","M","T","$","E","T","M","M","R","B"],"character_chosen":"MARISA","items_purchased":["halation:VictoryRuler","PowerUp"],"campfire_rested":0,"item_purchase_floors":[10,10],"current_hp_per_floor":[75,75,58,60,60,60,64,66,66,66,46,46,46,42,42,10,10],"gold":87,"neow_bonus":"RANDOM_EVENT","is_daily":false,"chose_seed":false,"campfire_upgraded":1,"win_rate":0.0,"timestamp":1609500267,"path_taken":["M","COS","?","?","?","R","E","M","T","$","E","?","?","M","R","BOSS"],"items_purchased_type":["Relic","Card"],"build_version":"2020-12-22","purchased_purges":0,"victory":false,"max_hp_per_floor":[75,75,75,75,75,75,75,75,75,75,75,75,75,75,75,75,75],"card_choices":[{"not_picked":["GalacticHalo","DoubleSpark"],"picked":"EarthLightRay","floor":1},{"not_picked":["infinitespire:UltimateForm","infinitespire:SevenWalls"],"picked":"infinitespire:Oblivion","floor":3},{"not_picked":["DarkSpark","ChargingUp"],"picked":"ShootTheMoon","floor":4},{"not_picked":["MilkyWay","ChargingUp"],"picked":"SuperNova","floor":7},{"not_picked":["IllusionStar","Orbital"],"picked":"NonDirectionalLaser","floor":8},{"not_picked":["MilkyWay","NonDirectionalLaser"],"picked":"GrandCross","floor":11},{"not_picked":["ChargingUp","StarBarrage"],"picked":"ShootingEcho","floor":13},{"not_picked":["GravityBeat","StarlightTyphoon"],"picked":"MysteriousBeam","floor":14}],"player_experience":375177,"relics_obtained":[{"floor":7,"key":"Gremlin Food"},{"floor":9,"key":"Potion Belt"},{"floor":11,"key":"Meat on the Bone"},{"floor":12,"key":"BreadOfAWashokuLover"}],"event_choices":[],"is_beta":false,"boss_relics":[],"items_purged_floors":[],"is_endless":false,"potions_floor_spawned":[1,8],"killed_by":"Gensokyo:Yukari","ascension_level":0}}