{"host":"xjyie0ctswsml60g","time":1609510709,"event":{"mods":["AchievementEnabler","BaseMod","Colored Map","Minty Spire (QoL Compilation)","Quick Restart","SuperFastMode"],"gold_per_floor":[171,110,110,127,146,221,248,248,264,287,297,297,310,310,328,328,429,429,440,84,98,124,24,24,24,41,41,41,58,58,73,73,73,73,73],"floor_reached":0,"playtime":0,"items_purged":["Strike_P","Defend_P"],"score":0,"play_id":"9babdf05-d853-43a7-9441-da3d7aba8cd2","local_time":"20210101161829","is_ascension_mode":false,"campfire_choices":[{"data":"Eruption","floor":7.0,"key":"SMITH"},{"floor":11.0,"key":"RECALL"},{"data":"SashWhip","floor":13.0,"key":"SMITH"},{"data":"CrushJoints","floor":15.0,"key":"SMITH"},{"data":"Tantrum","floor":23.0,"key":"SMITH"},{"data":"Tantrum","floor":27,"key":"SMITH"},{"data":"Halt","floor":29,"key":"SMITH"},{"data":"Indignation","floor":32,"key":"SMITH"}],"circlet_count":0,"master_deck":["Strike_P","Strike_P","Defend_P","Defend_P","Defend_P","Eruption+1","Vigilance","SashWhip+1","Tantrum+1","Wireheading","CrushJoints+1","Halt+1","Establishment","SignatureMove+1","Tantrum+1","Indignation+1","Conclude","WreathOfFlame"],"relics":["HolyWater","PreservedInsect","Singing Bowl","Red Mask","Mercury Hourglass"],"acts_visited":["Exordium","TheCity"],"potions_floor_usage":[28,33],"damage_taken":[{"damage":0.0,"enemies":"Cultist","floor":1.0,"turns":3.0},{"damage":3.0,"enemies":"Jaw Worm","floor":3.0,"turns":4.0},{"damage":0.0,"enemies":"Small Slimes","floor":4.0,"turns":1.0},{"damage":12.0,"enemies":"Gremlin Nob","floor":6.0,"turns":3.0},{"damage":2.0,"enemies":"Exordium Wildlife","floor":8.0,"turns":4.0},{"damage":4.0,"enemies":"Looter","floor":10.0,"turns":3.0},{"damage":12.0,"enemies":"Lots of Slimes","floor":12.0,"turns":4.0},{"damage":1.0,"enemies":"3 Louse","floor":14.0,"turns":2.0},{"damage":0.0,"enemies":"Slime Boss","floor":16.0,"turns":5.0},{"damage":0.0,"enemies":"3 Byrds","floor":18.0,"turns":4.0},{"damage":0.0,"enemies":"Chosen","floor":20.0,"turns":2.0},{"damage":2.0,"enemies":"Masked Bandits","floor":21.0,"turns":3.0},{"damage":20,"enemies":"Snake Plant","floor":25,"turns":3},{"damage":0,"enemies":"Shelled Parasite and Fungi","floor":28,"turns":1},{"damage":4,"enemies":"Centurion and Healer","floor":30,"turns":3},{"damage":5,"enemies":"Champ","floor":33,"turns":4}],"seed_played":"-4473438047794003425","potions_obtained":[{"floor":3.0,"key":"DuplicationPotion"},{"floor":6.0,"key":"Dexterity Potion"},{"floor":10.0,"key":"AttackPotion"},{"floor":14.0,"key":"StancePotion"},{"floor":16.0,"key":"StancePotion"},{"floor":20.0,"key":"Swift Potion"},{"floor":21.0,"key":"Explosive Potion"},{"floor":25,"key":"Energy Potion"}],"is_trial":false,"path_per_floor":["M","?","M","M","?","E","R","M","T","M","R","M","R","M","R","B",null,"M","$","M","?","$","R","?","M","T","R","M","R","M","?","R","B"],"character_chosen":"WATCHER","items_purchased":["Singing Bowl","Tantrum"],"campfire_rested":0,"item_purchase_floors":[19,19],"current_hp_per_floor":[65,72,72,69,69,62,50,50,48,48,44,44,32,32,31,31,31,72,72,72,74,72,72,72,72,52,52,52,54,54,52,52,52,47,47],"gold":73,"neow_bonus":"REMOVE_CARD","is_daily":false,"chose_seed":false,"campfire_upgraded":7,"win_rate":0.0,"timestamp":1609510709,"path_taken":["M","?","M","M","?","E","R","M","T","M","R","?","R","M","R","BOSS","M","$","?","?","?","R","?","?","T","R","M","R","M","?","R","BOSS"],"items_purchased_type":["Relic","Card"],"build_version":"2020-12-22","purchased_purges":2,"victory":false,"max_hp_per_floor":[79,72,72,72,72,72,72,72,72,72,72,72,72,72,72,72,72,72,72,72,74,74,74,74,74,74,74,74,76,76,78,78,78,78,78],"card_choices":[{"not_picked":["BowlingBash","Protect"],"picked":"SashWhip","floor":1.0},{"not_picked":["ForeignInfluence","Weave"],"picked":"Tantrum","floor":3.0},{"not_picked":["Protect","Worship","PathToVictory"],"picked":"SKIP","floor":4.0},{"not_picked":["PathToVictory","BattleHymn"],"picked":"Wireheading","floor":6.0},{"not_picked":["ClearTheMind","CarveReality"],"picked":"CrushJoints","floor":8.0},{"not_picked":["JustLucky","SashWhip","Evaluate"],"picked":"SKIP","floor":10.0},{"not_picked":["Tantrum","ThirdEye"],"picked":"Halt","floor":12.0},{"not_picked":["CutThroughFate","ReachHeaven","FlyingSleeves"],"picked":"SKIP","floor":14.0},{"not_picked":["LessonLearned","SpiritShield"],"picked":"Establishment","floor":16.0},{"not_picked":["ThirdEye","Study+1"],"picked":"SignatureMove+1","floor":18.0},{"not_picked":["ClearTheMind","EmptyFist","Perseverance"],"picked":"Singing Bowl","floor":20.0},{"not_picked":["EmptyBody","SashWhip"],"picked":"Indignation","floor":21.0},{"not_picked":["FollowUp","ClearTheMind"],"picked":"Conclude","floor":25},{"not_picked":["CutThroughFate","FollowUp+1","Perseverance"],"picked":"Singing Bowl","floor":28},{"not_picked":["ThirdEye","Crescendo+1","Vengeance"],"picked":"Singing Bowl","floor":30}],"player_experience":471962,"relics_obtained":[{"floor":6.0,"key":"PreservedInsect"},{"floor":21.0,"key":"Red Mask"},{"floor":26,"key":"Mercury Hourglass"}],"event_choices":[{"damage_healed":0.0,"max_hp_gain":0.0,"max_hp_loss":0.0,"gold_gain":0.0,"event_name":"Liars Game","player_choice":"Ignored","floor":2.0,"gold_loss":0.0,"damage_taken":0.0},{"damage_healed":0.0,"max_hp_gain":0.0,"max_hp_loss":0.0,"gold_gain":75.0,"event_name":"FaceTrader","player_choice":"Touch","floor":5.0,"gold_loss":0.0,"damage_taken":7.0},{"damage_healed":0.0,"max_hp_gain":0.0,"max_hp_loss":0.0,"gold_gain":0.0,"event_name":"Masked Bandits","player_choice":"Fought Bandits","floor":21.0,"gold_loss":0.0,"damage_taken":0.0},{"damage_healed":0.0,"max_hp_gain":0.0,"max_hp_loss":0.0,"gold_gain":0.0,"event_name":"NoteForYourself","player_choice":"Ignored","floor":24.0,"gold_loss":0.0,"damage_taken":0.0},{"damage_healed":0,"gold_gain":0,"player_choice":"Read","damage_taken":0,"max_hp_gain":0,"max_hp_loss":0,"event_name":"The Library","floor":31,"gold_loss":0,"cards_obtained":["WreathOfFlame"]}],"is_beta":false,"boss_relics":[{"not_picked":["Runic Dome","Tiny House"],"picked":"HolyWater"}],"items_purged_floors":[19,22],"is_endless":false,"potions_floor_spawned":[3,6,10,14,16,20,21,25],"killed_by":"Champ","ascension_level":0}}