{"host":"na09lpbrez4gbfiz","time":1609543256,"event":{"mods":["Act Like it!","BaseMod","BetterRewards","Colored Map","Colored Powertips","DeckTracker","Googly Eyes","Highlight Path","Minty Spire (QoL Compilation)","Quick Restart","Spicy Shops","StSLib","SuperFastMode","Synergy Search"],"gold_per_floor":[116,116,66,66,82,82,118,118,118,152,152,152,196,271,271,392,392,405,320,320,338,363,363,383,383,410,410,410,410,428,428,428],"floor_reached":31,"playtime":702,"items_purged":[],"score":450,"play_id":"4ef343fb-389b-402c-84f4-13f6866b77d9","local_time":"20210102002056","is_ascension_mode":true,"campfire_choices":[{"data":"Bash","floor":6.0,"key":"SMITH"},{"data":"Strike_R","floor":8.0,"key":"SMITH"},{"data":"Hemokinesis","floor":11.0,"key":"SMITH"},{"floor":15.0,"key":"REST"},{"data":"Demon Form","floor":23,"key":"SMITH"},{"floor":25,"key":"REST"},{"floor":27,"key":"REST"}],"circlet_count":0,"master_deck":["AscendersBane","Defend_R","Defend_R","Defend_R","Defend_R","Bash+1","Hemokinesis+1","Demon Form+1","Offering","Blood for Blood+1","Armaments+1","Pummel+1","J.A.X.","Bite","Bite","Bite","Bite","Bite","Limit Break"],"relics":["Burning Blood","NeowsBlessing","Golden Idol","Whetstone","Tiny Chest","StoneCalendar","The Courier","Black Star","Centennial Puzzle","Ornamental Fan","Pen Nib"],"acts_visited":["Exordium","TheCity"],"potions_floor_usage":[22,22],"damage_taken":[{"damage":0.0,"enemies":"Small Slimes","floor":1.0,"turns":1.0},{"damage":0.0,"enemies":"2 Louse","floor":5.0,"turns":1.0},{"damage":0.0,"enemies":"Gremlin Nob","floor":7.0,"turns":1.0},{"damage":42.0,"enemies":"Lagavulin","floor":10.0,"turns":7.0},{"damage":20.0,"enemies":"Gremlin Nob","floor":13.0,"turns":3.0},{"damage":41.0,"enemies":"The Guardian","floor":16.0,"turns":8.0},{"damage":34.0,"enemies":"Spheric Guardian","floor":18.0,"turns":4.0},{"damage":12.0,"enemies":"3 Byrds","floor":21.0,"turns":6.0},{"damage":15,"enemies":"Cultist and Chosen","floor":22,"turns":7},{"damage":15,"enemies":"Centurion and Healer","floor":24,"turns":5},{"damage":18,"enemies":"Sentry and Sphere","floor":30,"turns":3},{"damage":64,"enemies":"Slavers","floor":31,"turns":4}],"seed_played":"-1817669369794461471","potions_obtained":[{"floor":1.0,"key":"ColorlessPotion"},{"floor":10.0,"key":"CultistPotion"},{"floor":13.0,"key":"ColorlessPotion"},{"floor":16.0,"key":"EssenceOfSteel"},{"floor":21.0,"key":"SkillPotion"},{"floor":24,"key":"Dexterity Potion"}],"is_trial":false,"path_per_floor":["M","?","?","?","M","R","E","R","T","E","R","?","E","?","R","B",null,"M","?","T","M","M","R","M","R","T","R","?","?","M","E"],"character_chosen":"IRONCLAD","items_purchased":[],"campfire_rested":3,"item_purchase_floors":[],"current_hp_per_floor":[78,71,71,51,57,57,63,63,63,27,27,53,39,28,52,17,64,36,36,36,30,21,21,12,36,36,60,60,56,56,0,0],"gold":428,"neow_bonus":"THREE_ENEMY_KILL","is_daily":false,"chose_seed":false,"campfire_upgraded":4,"win_rate":0.0,"timestamp":1609543256,"path_taken":["M","?","?","?","?","R","E","R","T","E","R","?","E","?","R","BOSS","M","?","?","M","M","R","M","R","T","R","?","?","M","E"],"items_purchased_type":[],"build_version":"2020-12-22","purchased_purges":0,"victory":false,"max_hp_per_floor":[80,80,80,80,80,80,80,80,80,80,80,80,80,80,80,80,80,80,80,80,80,80,80,80,80,80,80,80,56,56,56,56],"card_choices":[{"not_picked":["Evolve","Shockwave","Pommel Strike"],"picked":"SKIP","floor":1.0},{"not_picked":["Clothesline","Clash","Dropkick"],"picked":"SKIP","floor":5.0},{"not_picked":["Flex","Perfected Strike","Power Through"],"picked":"SKIP","floor":7.0},{"not_picked":["Shockwave","Pummel"],"picked":"Hemokinesis","floor":10.0},{"not_picked":["Berserk","Clash"],"picked":"Demon Form","floor":13.0},{"not_picked":["Exhume","Demon Form"],"picked":"Offering","floor":16.0},{"not_picked":["Reckless Charge","Clothesline"],"picked":"Blood for Blood+1","floor":18.0},{"not_picked":["Entrench","Pommel Strike"],"picked":"Armaments+1","floor":21.0},{"not_picked":["Clothesline","Armaments+1"],"picked":"Pummel+1","floor":22},{"not_picked":["Pommel Strike","Wild Strike+1","Clash"],"picked":"SKIP","floor":24},{"not_picked":["Anger","Armaments+1"],"picked":"Limit Break","floor":30}],"player_experience":253876,"relics_obtained":[{"floor":7.0,"key":"Whetstone"},{"floor":9.0,"key":"Tiny Chest"},{"floor":10.0,"key":"StoneCalendar"},{"floor":13.0,"key":"The Courier"},{"floor":20.0,"key":"Ornamental Fan"},{"floor":26,"key":"Pen Nib"}],"event_choices":[{"cards_removed":["Strike_R"],"damage_healed":0.0,"max_hp_gain":0.0,"max_hp_loss":0.0,"gold_gain":0.0,"event_name":"Golden Wing","player_choice":"Card Removal","floor":2.0,"gold_loss":0.0,"damage_taken":7.0},{"cards_removed":["Strike_R"],"damage_healed":0.0,"max_hp_gain":0.0,"max_hp_loss":0.0,"gold_gain":0.0,"event_name":"The Cleric","player_choice":"Card Removal","floor":3.0,"gold_loss":50.0,"damage_taken":0.0},{"damage_healed":0.0,"max_hp_gain":0.0,"max_hp_loss":0.0,"gold_gain":0.0,"event_name":"Golden Idol","player_choice":"Take Damage","floor":4.0,"gold_loss":0.0,"damage_taken":20.0,"relics_obtained":["Golden Idol"]},{"damage_healed":26.0,"max_hp_gain":0.0,"max_hp_loss":0.0,"gold_gain":0.0,"event_name":"Big Fish","player_choice":"Banana","floor":12.0,"gold_loss":0.0,"damage_taken":0.0},{"damage_healed":0.0,"max_hp_gain":0.0,"max_hp_loss":0.0,"gold_gain":75.0,"event_name":"World of Goop","player_choice":"Gather Gold","floor":14.0,"gold_loss":0.0,"damage_taken":11.0},{"damage_healed":0.0,"max_hp_gain":0.0,"max_hp_loss":0.0,"gold_gain":0.0,"event_name":"Addict","player_choice":"Obtained Relic","floor":19.0,"gold_loss":85.0,"damage_taken":0.0,"relics_obtained":["Centennial Puzzle"]},{"damage_healed":0,"gold_gain":0,"player_choice":"Obtain J.A.X.","damage_taken":0,"max_hp_gain":0,"max_hp_loss":0,"event_name":"Drug Dealer","floor":28,"gold_loss":0,"cards_obtained":["J.A.X."]},{"damage_healed":0,"gold_gain":0,"player_choice":"Became a vampire","damage_taken":0,"max_hp_gain":0,"max_hp_loss":24,"event_name":"Vampires","floor":29,"gold_loss":0,"cards_obtained":["Bite","Bite","Bite","Bite","Bite"]}],"is_beta":false,"boss_relics":[{"not_picked":["Runic Dome","SacredBark"],"picked":"Black Star"}],"items_purged_floors":[],"is_endless":false,"potions_floor_spawned":[1,10,13,16,21,24],"killed_by":"Slavers","ascension_level":11}}