{"host":"kh6fvhxn285ncg0o","time":1609480196,"event":{"mods":["Act Like it!","BaseMod","Colored Map","Friendly Minions","Keyboard Shortcuts","Minty Spire (QoL Compilation)","Quick Restart","Relic Stats","StSLib","SuperFastMode"],"gold_per_floor":[111,188,207,207,221,221,236,261,313,342,361,361,361,394,394,467,467,486,503,503,514,525,525,559,571,607,91,119,133,164,164,164,241,241,259,273,273,2,17,44,44,63,63,90,90,123,123,133,133,133,133,133,133,8,38,38],"floor_reached":57,"playtime":1752,"items_purged":["Defend_P","Defend_P","Strike_P"],"score":3590,"play_id":"16f20173-612c-4c10-98bd-46f5b825f3dd","local_time":"20210101144956","is_ascension_mode":true,"campfire_choices":[{"data":"Eruption","floor":6.0,"key":"SMITH"},{"floor":12.0,"key":"REST"},{"data":"Ragnarok","floor":15.0,"key":"SMITH"},{"data":"Blasphemy","floor":23.0,"key":"SMITH"},{"data":"Adaptation","floor":25.0,"key":"SMITH"},{"floor":32.0,"key":"RECALL"},{"data":"Vigilance","floor":45.0,"key":"SMITH"},{"data":"Meditate","floor":49,"key":"SMITH"},{"data":"Defend_P","floor":53,"key":"SMITH"}],"circlet_count":0,"master_deck":["AscendersBane","Defend_P+1","Eruption+1","Vigilance+1","InnerPeace+1","Ragnarok+1","Meditate+1","Blasphemy+1","Adaptation+1","Adaptation+1","Vault+1"],"relics":["PureWater","InkBottle","Bronze Scales","Anchor","Art of War","PreservedInsect","Pantograph","Coffee Dripper","MawBank","Pear","DollysMirror","Gremlin Horn","Toxic Egg 2","VioletLotus","TheAbacus","Mercury Hourglass","Yang","Happy Flower","Oddly Smooth Stone","Bird Faced Urn","Torii"],"acts_visited":["Exordium","TheCity","TheBeyond","TheEnding"],"potions_floor_usage":[51,56,56],"damage_taken":[{"damage":0.0,"enemies":"Cultist","floor":1.0,"turns":3.0},{"damage":0.0,"enemies":"Jaw Worm","floor":3.0,"turns":4.0},{"damage":0.0,"enemies":"Small Slimes","floor":5.0,"turns":3.0},{"damage":7.0,"enemies":"Looter","floor":7.0,"turns":3.0},{"damage":35.0,"enemies":"3 Sentries","floor":8.0,"turns":9.0},{"damage":7.0,"enemies":"Lagavulin","floor":10.0,"turns":5.0},{"damage":0.0,"enemies":"Exordium Wildlife","floor":11.0,"turns":2.0},{"damage":0.0,"enemies":"Gremlin Nob","floor":14.0,"turns":2.0},{"damage":0.0,"enemies":"Slime Boss","floor":16.0,"turns":6.0},{"damage":7.0,"enemies":"3 Byrds","floor":18.0,"turns":3.0},{"damage":0.0,"enemies":"Spheric Guardian","floor":19.0,"turns":1.0},{"damage":16.0,"enemies":"Centurion and Healer","floor":21.0,"turns":5.0},{"damage":29.0,"enemies":"Shelled Parasite and Fungi","floor":22.0,"turns":3.0},{"damage":0.0,"enemies":"Slavers","floor":24.0,"turns":1.0},{"damage":12.0,"enemies":"Book of Stabbing","floor":28.0,"turns":3.0},{"damage":0.0,"enemies":"Sentry and Sphere","floor":29.0,"turns":2.0},{"damage":0.0,"enemies":"Slavers","floor":30.0,"turns":1.0},{"damage":0.0,"enemies":"Collector","floor":33.0,"turns":2.0},{"damage":0.0,"enemies":"3 Darklings","floor":35.0,"turns":1.0},{"damage":0.0,"enemies":"Orb Walker","floor":36.0,"turns":1.0},{"damage":2.0,"enemies":"3 Darklings","floor":39.0,"turns":2.0},{"damage":0.0,"enemies":"Reptomancer","floor":40.0,"turns":1.0},{"damage":13.0,"enemies":"Transient","floor":42.0,"turns":6.0},{"damage":0.0,"enemies":"Nemesis","floor":44.0,"turns":2.0},{"damage":0.0,"enemies":"Giant Head","floor":46.0,"turns":3.0},{"damage":0.0,"enemies":"4 Shapes","floor":48.0,"turns":2.0},{"damage":0,"enemies":"Awakened One","floor":50,"turns":3},{"damage":0,"enemies":"Time Eater","floor":51,"turns":6},{"damage":0,"enemies":"Shield and Spear","floor":55,"turns":2},{"damage":11,"enemies":"The Heart","floor":56,"turns":6}],"seed_played":"-3492790834447325675","potions_obtained":[{"floor":1.0,"key":"GamblersBrew"},{"floor":5.0,"key":"Dexterity Potion"},{"floor":8.0,"key":"Swift Potion"},{"floor":10.0,"key":"ColorlessPotion"},{"floor":11.0,"key":"EssenceOfSteel"},{"floor":22.0,"key":"FearPotion"},{"floor":28.0,"key":"DistilledChaos"},{"floor":29.0,"key":"BottledMiracle"},{"floor":33.0,"key":"BlessingOfTheForge"},{"floor":39.0,"key":"DistilledChaos"},{"floor":40.0,"key":"Explosive Potion"},{"floor":44.0,"key":"LiquidMemories"},{"floor":48,"key":"Ancient Potion"},{"floor":55,"key":"DistilledChaos"}],"is_trial":false,"path_per_floor":["M","T","M","?","M","R","M","E","T","E","M","R","?","E","R","B",null,"M","M","?","M","M","R","E","R","T","$","E","M","E","?","R","B",null,"M","M","?","$","M","E","?","M","T","E","R","E","T","M","R","B","B",null,"R","$","E","B",null],"character_chosen":"WATCHER","items_purchased":["Pear","DollysMirror","TheAbacus"],"campfire_rested":1,"item_purchase_floors":[27,27,38],"current_hp_per_floor":[61,61,61,50,50,50,43,8,8,1,1,19,12,12,12,37,56,49,49,49,33,4,4,4,4,4,14,2,2,2,2,2,27,61,61,61,61,61,59,59,59,46,46,46,46,46,46,50,50,68,68,68,68,68,68,57],"gold":38,"neow_bonus":"REMOVE_TWO","is_daily":false,"chose_seed":false,"campfire_upgraded":7,"win_rate":0.0,"timestamp":1609480196,"path_taken":["M","?","M","?","M","R","M","E","T","E","M","R","?","E","R","BOSS","M","M","?","M","M","R","E","R","T","$","E","M","E","?","R","BOSS","M","?","?","$","M","E","?","M","T","E","R","E","?","M","R","BOSS","BOSS","R","$","E","BOSS"],"items_purchased_type":["Relic","Relic","Relic"],"build_version":"2020-12-22","purchased_purges":3,"victory":true,"max_hp_per_floor":[62,62,62,62,62,62,62,62,62,62,62,62,62,62,62,62,62,62,62,62,62,62,62,62,62,62,72,72,72,72,72,72,72,72,72,72,72,72,72,72,68,68,68,68,68,68,68,68,68,68,68,68,68,68,68,68],"relic_stats":{"Gremlin Horn":[13,17],"Happy Flower":[7],"Torii":21,"counters":[30,93],"Yang":[128],"PreservedInsect":465,"MawBank":36,"Mercury Hourglass":[123],"TheAbacus":[1362],"Bronze Scales":[216],"Pantograph":68,"Bird Faced Urn":[4],"VioletLotus":[120],"Art of War":[17],"obtain_stats":[{"Pear":27,"Gremlin Horn":28,"Happy Flower":44,"Torii":55,"Oddly Smooth Stone":46,"Yang":43,"PreservedInsect":10,"MawBank":24,"Mercury Hourglass":40,"Anchor":8,"TheAbacus":38,"DollysMirror":27,"Bronze Scales":4,"Pantograph":14,"Bird Faced Urn":47,"VioletLotus":34,"Art of War":9,"Coffee Dripper":17,"PureWater":0,"Toxic Egg 2":30,"InkBottle":2},{"Pear":14,"Gremlin Horn":15,"Happy Flower":24,"Torii":29,"Oddly Smooth Stone":25,"Yang":23,"PreservedInsect":6,"MawBank":14,"Mercury Hourglass":22,"Anchor":5,"TheAbacus":20,"DollysMirror":14,"Bronze Scales":2,"Pantograph":8,"Bird Faced Urn":25,"VioletLotus":18,"Art of War":5,"Coffee Dripper":9,"PureWater":0,"Toxic Egg 2":17,"InkBottle":1},{"Pear":50,"Gremlin Horn":53,"Happy Flower":71,"Torii":87,"Oddly Smooth Stone":74,"Yang":69,"PreservedInsect":27,"MawBank":50,"Mercury Hourglass":63,"Anchor":22,"TheAbacus":60,"DollysMirror":50,"Bronze Scales":7,"Pantograph":31,"Bird Faced Urn":74,"VioletLotus":58,"Art of War":22,"Coffee Dripper":37,"PureWater":0,"Toxic Egg 2":56,"InkBottle":3}],"InkBottle":[49]},"card_choices":[{"not_picked":["JustLucky","Indignation"],"picked":"InnerPeace","floor":3.0},{"not_picked":["Wireheading","EmptyBody","ThirdEye"],"picked":"SKIP","floor":5.0},{"not_picked":["Protect","SashWhip","Prostrate"],"picked":"SKIP","floor":7.0},{"not_picked":["WaveOfTheHand","ClearTheMind"],"picked":"Ragnarok","floor":8.0},{"not_picked":["ClearTheMind","WaveOfTheHand","CrushJoints"],"picked":"SKIP","floor":10.0},{"not_picked":["SashWhip","Collect"],"picked":"Meditate","floor":11.0},{"not_picked":["Halt","FlyingSleeves","SashWhip"],"picked":"SKIP","floor":14.0},{"not_picked":["Judgement","Ragnarok"],"picked":"Blasphemy","floor":16.0},{"not_picked":["SashWhip","EmptyBody","Crescendo+1"],"picked":"SKIP","floor":18.0},{"not_picked":["SashWhip","JustLucky","Protect"],"picked":"SKIP","floor":19.0},{"not_picked":["Meditate","Evaluate","FlyingSleeves+1"],"picked":"SKIP","floor":21.0},{"not_picked":["Wireheading","Wallop+1"],"picked":"Adaptation","floor":24.0},{"not_picked":["DeceiveReality","InnerPeace","EmptyFist"],"picked":"SKIP","floor":28.0},{"not_picked":["WaveOfTheHand","ThirdEye","Adaptation"],"picked":"SKIP","floor":29.0},{"not_picked":["SashWhip","Meditate+1","Consecrate+1"],"picked":"SKIP","floor":30.0},{"not_picked":["CrushJoints","Fasting2+1","Halt+1"],"picked":"SKIP","floor":35.0},{"not_picked":["Protect+1","FollowUp","EmptyMind+1"],"picked":"SKIP","floor":36.0},{"not_picked":["CarveReality+1","EmptyBody+1","FlurryOfBlows"],"picked":"SKIP","floor":39.0},{"not_picked":["Protect+1","SignatureMove+1","SashWhip"],"picked":"SKIP","floor":40.0},{"not_picked":["Protect+1","SignatureMove+1","SashWhip"],"picked":"SKIP","floor":40.0},{"not_picked":["Protect+1","JustLucky"],"picked":"Vault+1","floor":42.0},{"not_picked":["Crescendo+1","CarveReality","Prostrate+1"],"picked":"SKIP","floor":44.0},{"not_picked":["FlurryOfBlows+1","PathToVictory+1","EmptyBody+1"],"picked":"SKIP","floor":46.0},{"not_picked":["EmptyFist","FlyingSleeves","SashWhip+1"],"picked":"SKIP","floor":48},{"not_picked":["Crescendo+1","Prostrate+1","Consecrate"],"picked":"SKIP","floor":55}],"player_experience":3341636,"relics_obtained":[{"floor":2.0,"key":"InkBottle"},{"floor":8.0,"key":"Anchor"},{"floor":9.0,"key":"Art of War"},{"floor":10.0,"key":"PreservedInsect"},{"floor":14.0,"key":"Pantograph"},{"floor":24.0,"key":"MawBank"},{"floor":28.0,"key":"Gremlin Horn"},{"floor":30.0,"key":"Toxic Egg 2"},{"floor":40.0,"key":"Mercury Hourglass"},{"floor":43.0,"key":"Yang"},{"floor":44.0,"key":"Happy Flower"},{"floor":46.0,"key":"Oddly Smooth Stone"},{"floor":47.0,"key":"Bird Faced Urn"},{"floor":55,"key":"Torii"}],"event_choices":[{"damage_healed":0.0,"max_hp_gain":0.0,"max_hp_loss":0.0,"gold_gain":0.0,"event_name":"Scrap Ooze","player_choice":"Success","floor":4.0,"gold_loss":0.0,"damage_taken":11.0,"relics_obtained":["Bronze Scales"]},{"cards_removed":["Strike_P"],"damage_healed":0.0,"max_hp_gain":0.0,"max_hp_loss":0.0,"gold_gain":0.0,"event_name":"Golden Wing","player_choice":"Card Removal","floor":13.0,"gold_loss":0.0,"damage_taken":7.0},{"cards_removed":["Strike_P"],"damage_healed":0.0,"max_hp_gain":0.0,"max_hp_loss":0.0,"gold_gain":0.0,"event_name":"Back to Basics","player_choice":"Elegance","floor":20.0,"gold_loss":0.0,"damage_taken":0.0},{"damage_healed":0.0,"max_hp_gain":0.0,"max_hp_loss":0.0,"gold_gain":0.0,"event_name":"Accursed Blacksmith","player_choice":"Forge","floor":31.0,"gold_loss":0.0,"damage_taken":0.0,"cards_upgraded":["InnerPeace"]},{"damage_healed":0.0,"max_hp_gain":0.0,"max_hp_loss":0.0,"gold_gain":0.0,"event_name":"Tomb of Lord Red Mask","player_choice":"Ignored","floor":37.0,"gold_loss":0.0,"damage_taken":0.0},{"damage_healed":0.0,"max_hp_gain":0.0,"max_hp_loss":4.0,"gold_gain":0.0,"event_name":"Winding Halls","player_choice":"Max HP","floor":41.0,"gold_loss":0.0,"damage_taken":0.0}],"is_beta":false,"boss_relics":[{"not_picked":["Calling Bell","Philosopher\u0027s Stone"],"picked":"Coffee Dripper"},{"not_picked":["Busted Crown","Runic Pyramid"],"picked":"VioletLotus"}],"items_purged_floors":[27,38,54],"is_endless":false,"potions_floor_spawned":[1,5,8,10,11,22,28,29,33,39,40,44,48,55],"ascension_level":20}}