{"host":"65a95dzim48ko8ke","time":1609497592,"event":{"mods":["BaseMod","Better Third Choice","Colored Powertips","Hermit","Minty Spire (QoL Compilation)","Quick Restart","Rare Cards Sparkle","Spicy Shops","StSLib"],"gold_per_floor":[126,126,153,153,328,366,434,384,384,411,30,30,62,96,96,206,206,248,248,278,278,330,330,245,245,316,350,350,14,149,218,218,324,324,349,366,366,27,42,42,55,55,124,171,171,190,46,79,79,84],"floor_reached":51,"playtime":3184,"items_purged":["Shame","Writhe"],"score":770,"play_id":"1740c960-ced9-409f-9934-08c5d11009e6","local_time":"20210101193952","is_ascension_mode":true,"campfire_choices":[{"data":"hermit:DeadOrAlive","floor":12,"key":"SMITH"},{"floor":15,"key":"REST"},{"data":"hermit:DeadOrAlive","floor":23,"key":"SMITH"},{"data":"hermit:Combo","floor":25,"key":"SMITH"},{"data":"hermit:Vantage","floor":28,"key":"SMITH"},{"data":"hermit:Roughhouse","floor":32,"key":"SMITH"},{"data":"hermit:TakeAim","floor":40,"key":"SMITH"},{"data":"hermit:Reprieve","floor":45,"key":"SMITH"},{"data":"hermit:Dissolve","floor":49,"key":"SMITH"}],"circlet_count":0,"master_deck":["hermit:Strike_Hermit","hermit:Strike_Hermit","hermit:Strike_Hermit","hermit:Defend_Hermit","hermit:Defend_Hermit","hermit:Defend_Hermit","hermit:Defend_Hermit","hermit:Snapshot","hermit:Covet","hermit:DeadOrAlive+1","hermit:Scavenge","hermit:WideOpen","hermit:LowProfile","hermit:LowProfile","hermit:Dissolve+1","hermit:Combo+1","hermit:Ricochet","hermit:Vantage+1","hermit:DeadOrAlive+1","hermit:Enervate","hermit:Dive+1","hermit:Roughhouse+1","Clumsy","hermit:FullyLoaded+1","hermit:BigShot","hermit:Gestalt","hermit:Reprieve+1","hermit:Misfire","hermit:TakeAim+1","hermit:TrackingShot","hermit:Headshot+1","hermit:Headshot+1","Pain","hermit:Showdown+1","hermit:DeadMansHand+1","hermit:LuckOfTheDraw+1"],"relics":["hermit:Momento","Mercury Hourglass","PreservedInsect","Happy Flower","Cursed Key","Nunchaku","hermit:Horseshoe","Meat on the Bone","Ancient Tea Set","Lantern","StoneCalendar","Letter Opener","Singing Bowl","Coffee Dripper","Strange Spoon","Toxic Egg 2","Lee\u0027s Waffle"],"acts_visited":["Exordium","TheCity","TheBeyond"],"potions_floor_usage":[7,7,7,16,16,16,22,22,22,22,27,31,33,46,50,50],"damage_taken":[{"damage":1,"enemies":"Jaw Worm","floor":1,"turns":2},{"damage":1,"enemies":"Cultist","floor":3,"turns":5},{"damage":3,"enemies":"Small Slimes","floor":6,"turns":4},{"damage":12,"enemies":"Gremlin Nob","floor":7,"turns":5},{"damage":0,"enemies":"2 Fungi Beasts","floor":10,"turns":3},{"damage":1,"enemies":"Exordium Wildlife","floor":13,"turns":2},{"damage":0,"enemies":"Exordium Thugs","floor":14,"turns":3},{"damage":1,"enemies":"Slime Boss","floor":16,"turns":4},{"damage":10,"enemies":"2 Thieves","floor":18,"turns":4},{"damage":6,"enemies":"Shell Parasite","floor":20,"turns":6},{"damage":3,"enemies":"3 Cultists","floor":22,"turns":6},{"damage":21,"enemies":"Gremlin Leader","floor":27,"turns":5},{"damage":8,"enemies":"Colosseum Slavers","floor":30,"turns":4},{"damage":0,"enemies":"Colosseum Nobs","floor":30,"turns":2},{"damage":0,"enemies":"Slavers","floor":31,"turns":4},{"damage":6,"enemies":"Champ","floor":33,"turns":8},{"damage":0,"enemies":"Orb Walker","floor":35,"turns":3},{"damage":2,"enemies":"3 Shapes","floor":36,"turns":3},{"damage":1,"enemies":"Maw","floor":39,"turns":7},{"damage":33,"enemies":"3 Darklings","floor":41,"turns":6},{"damage":17,"enemies":"Sphere and 2 Shapes","floor":44,"turns":4},{"damage":18,"enemies":"Writhing Mass","floor":46,"turns":7},{"damage":22,"enemies":"Spire Growth","floor":48,"turns":4},{"damage":38,"enemies":"Donu and Deca","floor":50,"turns":9}],"seed_played":"-6742194880568253547","potions_obtained":[{"floor":1,"key":"EntropicBrew"},{"floor":13,"key":"EntropicBrew"},{"floor":14,"key":"EntropicBrew"},{"floor":20,"key":"Dexterity Potion"},{"floor":22,"key":"Weak Potion"},{"floor":31,"key":"Strength Potion"},{"floor":36,"key":"Weak Potion"},{"floor":39,"key":"SteroidPotion"},{"floor":41,"key":"Ancient Potion"},{"floor":48,"key":"GamblersBrew"}],"is_trial":false,"path_per_floor":["M","?","M","?","?","M","E","?","T","M","$","R","M","M","R","B",null,"M","?","M","T","M","R","?","R","T","E","R","$","?","E","R","B",null,"M","M","?","$","M","R","M","?","T","M","R","M","$","M","R","B",null],"character_chosen":"HERMIT","items_purchased":["hermit:Dissolve","Happy Flower","hermit:Combo","hermit:BigShot","Lantern","Strange Spoon","hermit:TakeAim","hermit:TrackingShot","Lee\u0027s Waffle"],"campfire_rested":1,"item_purchase_floors":[11,11,11,29,29,38,38,38,47],"current_hp_per_floor":[53,53,52,45,45,42,30,30,30,30,30,30,29,29,51,50,75,65,51,45,45,42,42,42,42,42,33,33,33,49,49,49,43,80,82,80,78,78,77,77,48,48,48,43,43,41,85,71,71,45],"gold":84,"neow_bonus":"THREE_RARE_CARDS","is_daily":false,"chose_seed":false,"campfire_upgraded":8,"win_rate":0.0,"timestamp":1609497592,"path_taken":["M","?","?","?","?","M","E","?","T","M","$","R","M","M","R","BOSS","M","?","M","?","?","R","?","R","T","E","R","$","?","E","R","BOSS","M","M","?","$","M","R","M","?","T","M","R","M","$","M","R","BOSS"],"items_purchased_type":["Card","Relic","Card","Card","Relic","Relic","Card","Card","Relic"],"build_version":"2020-12-22","purchased_purges":2,"victory":true,"max_hp_per_floor":[75,75,75,75,75,75,75,75,75,75,75,75,75,75,75,75,75,75,80,80,80,80,80,80,80,80,80,80,80,80,80,80,80,80,82,82,78,78,78,78,78,78,78,78,78,78,85,85,85,85],"card_choices":[{"not_picked":["hermit:HighNoon","hermit:Purgatory"],"picked":"hermit:DeadOrAlive","floor":0},{"not_picked":["hermit:Feint","hermit:DeadMansHand"],"picked":"hermit:Scavenge","floor":1},{"not_picked":["hermit:Brawl","hermit:Headshot"],"picked":"hermit:WideOpen","floor":3},{"not_picked":["hermit:Desperado","hermit:Glare"],"picked":"hermit:LowProfile","floor":6},{"not_picked":["hermit:Glare","hermit:Grudge"],"picked":"hermit:LowProfile","floor":7},{"not_picked":["hermit:SprayPray","hermit:ItchyTrigger"],"picked":"hermit:FullyLoaded","floor":10},{"not_picked":["hermit:BodyArmor","hermit:LuckOfTheDraw"],"picked":"hermit:Ricochet","floor":13},{"not_picked":["hermit:Brawl","hermit:HoleUp"],"picked":"hermit:Vantage","floor":14},{"not_picked":["hermit:BlackWind","hermit:OverwhelmingPower"],"picked":"hermit:DeadOrAlive","floor":16},{"not_picked":["hermit:SprayPray","hermit:Combo"],"picked":"hermit:Enervate","floor":18},{"not_picked":["hermit:LoneWolf","hermit:HoleUp"],"picked":"hermit:Dive+1","floor":20},{"not_picked":["hermit:Vantage","hermit:LowProfile"],"picked":"hermit:Roughhouse","floor":22},{"not_picked":["hermit:Brawl","hermit:FatalDesire"],"picked":"hermit:FullyLoaded+1","floor":27},{"not_picked":["hermit:SprayPray","hermit:Spite"],"picked":"hermit:Gestalt","floor":31},{"not_picked":["hermit:BlackWind","hermit:FromBeyond"],"picked":"hermit:Reprieve","floor":33},{"not_picked":["hermit:Desperado+1","hermit:WideOpen+1","hermit:ShadowCloak+1"],"picked":"Singing Bowl","floor":35},{"not_picked":["hermit:WideOpen+1","hermit:Roulette"],"picked":"hermit:Misfire","floor":36},{"not_picked":["hermit:PistolWhip+1","hermit:Dive"],"picked":"hermit:Headshot+1","floor":39},{"not_picked":["hermit:Maintenance","hermit:Snipe+1"],"picked":"hermit:Headshot+1","floor":41},{"not_picked":["hermit:Scavenge+1","hermit:Midnight+1"],"picked":"hermit:Showdown+1","floor":44},{"not_picked":["hermit:Quickdraw","hermit:WideOpen+1"],"picked":"hermit:DeadMansHand+1","floor":46},{"not_picked":["hermit:Magnum","hermit:SprayPray"],"picked":"hermit:LuckOfTheDraw+1","floor":48}],"player_experience":288744,"relics_obtained":[{"floor":7,"key":"Mercury Hourglass"},{"floor":9,"key":"PreservedInsect"},{"floor":21,"key":"Nunchaku"},{"floor":26,"key":"Meat on the Bone"},{"floor":27,"key":"Ancient Tea Set"},{"floor":30,"key":"StoneCalendar"},{"floor":30,"key":"Letter Opener"},{"floor":31,"key":"Singing Bowl"},{"floor":43,"key":"Toxic Egg 2"}],"event_choices":[{"damage_healed":0,"gold_gain":0,"player_choice":"Bought 0 Potions","damage_taken":0,"max_hp_gain":0,"max_hp_loss":0,"event_name":"The Woman in Blue","floor":2,"gold_loss":0},{"cards_removed":["hermit:Strike_Hermit"],"damage_healed":0,"gold_gain":0,"player_choice":"Card Removal","damage_taken":7,"max_hp_gain":0,"max_hp_loss":0,"event_name":"Golden Wing","floor":4,"gold_loss":0},{"damage_healed":0,"gold_gain":175,"player_choice":"AGREE","damage_taken":153,"max_hp_gain":0,"max_hp_loss":0,"event_name":"betterThird:BetterSerpent","floor":5,"gold_loss":0},{"cards_removed":["Doubt"],"damage_healed":0,"gold_gain":0,"player_choice":"Card Removal","damage_taken":0,"max_hp_gain":0,"max_hp_loss":0,"event_name":"The Cleric","floor":8,"gold_loss":50},{"damage_healed":0,"gold_gain":0,"player_choice":"Shed Blood","damage_taken":19,"max_hp_gain":5,"max_hp_loss":0,"event_name":"Forgotten Altar","floor":19,"gold_loss":0},{"damage_healed":0,"gold_gain":0,"player_choice":"Obtained Relic","damage_taken":0,"relics_obtained":["hermit:Horseshoe"],"max_hp_gain":0,"max_hp_loss":0,"event_name":"Addict","floor":24,"gold_loss":85},{"damage_healed":0,"gold_gain":0,"player_choice":"Fight","damage_taken":0,"max_hp_gain":0,"max_hp_loss":0,"event_name":"Colosseum","floor":30,"gold_loss":0},{"damage_healed":0,"gold_gain":0,"player_choice":"Fought Nobs","damage_taken":0,"max_hp_gain":0,"max_hp_loss":0,"event_name":"Colosseum","floor":30,"gold_loss":0},{"damage_healed":0,"gold_gain":0,"player_choice":"Max HP","damage_taken":0,"max_hp_gain":0,"max_hp_loss":4,"event_name":"Winding Halls","floor":37,"gold_loss":0},{"cards_removed":["hermit:FullyLoaded"],"damage_healed":0,"gold_gain":0,"player_choice":"Removed Skill","damage_taken":0,"max_hp_gain":0,"max_hp_loss":0,"event_name":"Falling","floor":42,"gold_loss":0}],"is_beta":false,"boss_relics":[{"not_picked":["Calling Bell","Tiny House"],"picked":"Cursed Key"},{"not_picked":["Sozu","Fusion Hammer"],"picked":"Coffee Dripper"}],"items_purged_floors":[29,29],"is_endless":false,"potions_floor_spawned":[1,13,14,20,22,30,31,36,39,41,48],"ascension_level":1}}