{"host":"idx45ym6aaecjhxr","time":1609529512,"event":{"mods":["BaseMod","Colored Powertips","Lobotomy","Minty Spire (QoL Compilation)","RumiaBox-露米娅的神秘盒子","noobMod"],"gold_per_floor":[111,123,127,142,142,171,189,217,217,234,250,250,268,298,298,397,397,409,81,92,92,105,139,133,160,160,225,225,225,225,135,135,231,231,250,261,273,0,14,14,47,58,85,10,37,47,66,116,116,116],"floor_reached":51,"playtime":3120,"items_purged":["Woodsman"],"score":1267,"play_id":"4b3ee9ee-2187-4519-9e75-244218fab22d","local_time":"20210102033152","is_ascension_mode":true,"campfire_choices":[{"floor":15,"key":"RECALL"},{"floor":30,"key":"REST"},{"data":"RitualDagger","floor":32,"key":"SMITH"},{"data":"Heavy Blade","floor":40,"key":"SMITH"},{"data":"Perfected Strike","floor":49,"key":"SMITH"}],"circlet_count":0,"master_deck":["Strike_R","Strike_R","Strike_R","Strike_R","Strike_R","Defend_R","Defend_R","Defend_R","Defend_R","Bash","Rudolta","Perfected Strike+1","Bloodletting","Mercenary","Heavy Blade+1","Havoc","Pommel Strike","MeatLantern","BlackSwan","Twin Strike","QueenBee","Thunderclap","FieryBird","Perfected Strike","Twin Strike","Brutality+1","BeautyBeast","Pommel Strike+1","Fire Breathing","Barricade","ShyLook","Body Slam","Porccubus","Whirlwind","BodiesMountain","BigBird","Scarecrow","SnowQueen","Seeing Red","Funeral","RitualDagger+1","Rupture","Juggernaut","DespairKnight","QueenOfHatred","Cleave","Laetitia","Rage","BlackArmy","Warcry+1","GreedKing","Pommel Strike+1","NakedNest","Metallicize+1","LittleHelper","Freischutz","Cleave+1","Heavy Blade+1","NothingThere","Reaper","Heavy Blade+1","PlagueDoctor"],"relics":["Burning Blood","ice","CogitoBucket","AddBug","SecretRecord","SecretRecord","SecretRecord","SecretRecord","Baka2","SecretRecord","SecretRecord","SecretRecord","SecretRecord","SecretRecord"],"acts_visited":["Exordium","TheCity","TheBeyond"],"potions_floor_usage":[],"damage_taken":[{"damage":1,"enemies":"Cultist","floor":1,"turns":3},{"damage":3,"enemies":"Small Slimes","floor":2,"turns":1},{"damage":0,"enemies":"Jaw Worm","floor":3,"turns":2},{"damage":6,"enemies":"3 Louse","floor":4,"turns":4},{"damage":36,"enemies":"Lagavulin","floor":6,"turns":6},{"damage":58,"enemies":"Exordium Wildlife","floor":7,"turns":4},{"damage":86,"enemies":"The Mushroom Lair","floor":8,"turns":4},{"damage":3,"enemies":"3 Sentries","floor":10,"turns":2},{"damage":10,"enemies":"Exordium Thugs","floor":11,"turns":3},{"damage":0,"enemies":"Blue Slaver","floor":13,"turns":1},{"damage":21,"enemies":"Gremlin Nob","floor":14,"turns":2},{"damage":1,"enemies":"Hexaghost","floor":16,"turns":2},{"damage":12,"enemies":"Shell Parasite","floor":18,"turns":2},{"damage":0,"enemies":"Spheric Guardian","floor":20,"turns":1},{"damage":4,"enemies":"Snecko","floor":22,"turns":5},{"damage":0,"enemies":"Slavers","floor":23,"turns":1},{"damage":13,"enemies":"Cultist and Chosen","floor":24,"turns":2},{"damage":96,"enemies":"Gremlin Leader","floor":25,"turns":3},{"damage":0,"enemies":"3 Cultists","floor":27,"turns":3},{"damage":58,"enemies":"Book of Stabbing","floor":28,"turns":3},{"damage":7,"enemies":"Collector","floor":33,"turns":3},{"damage":16,"enemies":"3 Shapes","floor":35,"turns":1},{"damage":0,"enemies":"Orb Walker","floor":36,"turns":1},{"damage":9,"enemies":"Sphere and 2 Shapes","floor":37,"turns":1},{"damage":71,"enemies":"4 Shapes","floor":39,"turns":2},{"damage":14,"enemies":"Giant Head","floor":41,"turns":5},{"damage":25,"enemies":"Maw","floor":42,"turns":4},{"damage":1,"enemies":"Reptomancer","floor":45,"turns":2},{"damage":1,"enemies":"Writhing Mass","floor":46,"turns":2},{"damage":28,"enemies":"Giant Head","floor":47,"turns":3},{"damage":15,"enemies":"Mind Bloom Boss Battle","floor":48,"turns":3},{"damage":1,"enemies":"Time Eater","floor":50,"turns":2}],"seed_played":"1312135091235132399","potions_obtained":[{"floor":4,"key":"ElixirPotion"},{"floor":6,"key":"SteroidPotion"},{"floor":10,"key":"AttackPotion"}],"is_trial":false,"path_per_floor":["M","M","M","M","?","E","M","?","T","E","M","?","M","E","R","B",null,"M","$","M","?","M","E","M","E","T","M","E","?","R","?","R","B",null,"M","M","M","?","M","R","E","M","T","$","E","M","E","?","R","B",null],"character_chosen":"IRONCLAD","items_purchased":["GodSword4","Fire Breathing"],"campfire_rested":1,"item_purchase_floors":[19,19],"current_hp_per_floor":[80,80,80,80,80,50,24,20,20,32,37,37,43,83,83,84,84,78,78,94,94,104,104,106,54,54,122,86,80,120,120,120,137,137,143,143,144,144,152,152,165,170,170,170,170,171,172,173,173,176],"gold":116,"neow_bonus":"","is_daily":false,"chose_seed":false,"campfire_upgraded":3,"win_rate":0.0,"timestamp":1609529512,"path_taken":["M","?","M","M","?","E","M","?","T","E","M","?","?","E","R","BOSS","M","$","M","?","M","E","M","E","T","M","E","?","R","?","R","BOSS","M","M","?","?","M","R","E","M","T","$","E","M","E","?","R","BOSS"],"items_purchased_type":["Relic","Card"],"build_version":"2020-12-22","purchased_purges":1,"victory":true,"max_hp_per_floor":[80,80,80,80,80,80,80,81,81,81,82,82,82,83,83,84,84,98,98,98,98,104,104,106,110,110,131,136,136,136,136,136,137,137,143,143,144,144,152,152,169,170,170,170,170,171,172,173,173,176],"card_choices":[{"not_picked":["CrumblingArmor","Freischutz"],"picked":"Rudolta","floor":1},{"not_picked":["Armaments","Anger"],"picked":"Perfected Strike","floor":1},{"not_picked":["UniverseFragment","WallGazer","MHz"],"picked":"Singing Bowl","floor":2},{"not_picked":["Armaments","Body Slam","Disarm"],"picked":"SKIP","floor":2},{"not_picked":["Shockwave","Wild Strike"],"picked":"Bloodletting","floor":3},{"not_picked":["FairyFestival","Murderer"],"picked":"Mercenary","floor":3},{"not_picked":["Headbutt","Thunderclap"],"picked":"Heavy Blade","floor":4},{"not_picked":["Sword Boomerang","Shockwave"],"picked":"Havoc","floor":6},{"not_picked":["ShyLook","PunishingBird"],"picked":"DreamingCurrent","floor":6},{"not_picked":["Perfected Strike","Blood for Blood"],"picked":"Pommel Strike","floor":7},{"not_picked":["SpiderBud","Bloodbath"],"picked":"MeatLantern","floor":7},{"not_picked":["CherryBlossoms","MHz","PunishingBird"],"picked":"Singing Bowl","floor":8},{"not_picked":["Scorched","WhitesApple"],"picked":"BlackSwan","floor":8},{"not_picked":["Rupture","Iron Wave"],"picked":"Twin Strike","floor":10},{"not_picked":["CrumblingArmor","VoidDream"],"picked":"QueenBee","floor":10},{"not_picked":["Seeing Red","Battle Trance"],"picked":"Thunderclap","floor":11},{"not_picked":["Murderer","SnowQueen"],"picked":"Alriune","floor":11},{"not_picked":["SpiderBud","PunishingBird"],"picked":"FieryBird","floor":13},{"not_picked":["Havoc","Infernal Blade"],"picked":"Perfected Strike","floor":13},{"not_picked":["Sword Boomerang","Wild Strike"],"picked":"Twin Strike","floor":14},{"not_picked":["DreamingCurrent","QueenOfHatred"],"picked":"LongBird","floor":14},{"not_picked":["Double Tap","Bludgeon"],"picked":"Brutality","floor":16},{"not_picked":["WallGazer","Murderer"],"picked":"BeautyBeast","floor":16},{"not_picked":["Infernal Blade","Twin Strike+1"],"picked":"Pommel Strike+1","floor":18},{"not_picked":["Bloodbath","PunishingBird","UniverseFragment"],"picked":"Singing Bowl","floor":18},{"not_picked":["HeroicMonk","ShyLook"],"picked":"Woodsman","floor":18},{"not_picked":["Sever Soul+1","Entrench"],"picked":"Barricade","floor":20},{"not_picked":["UniverseFragment","CherryBlossoms","Murderer"],"picked":"Singing Bowl","floor":20},{"not_picked":["BigBadWolf","Bloodbath"],"picked":"ShyLook","floor":20},{"not_picked":["Shrug It Off","Fire Breathing+1"],"picked":"Body Slam","floor":22},{"not_picked":["RedShoes","LittlePrince"],"picked":"Porccubus","floor":22},{"not_picked":["Feed","Ghostly Armor"],"picked":"Whirlwind","floor":23},{"not_picked":["Wellcheers","UniverseFragment"],"picked":"BodiesMountain","floor":23},{"not_picked":["FairyFestival","Wellcheers"],"picked":"BigBird","floor":24},{"not_picked":["Ghostly Armor","Iron Wave+1","Searing Blow"],"picked":"SKIP","floor":24},{"not_picked":["Ghostly Armor","Iron Wave+1","Searing Blow"],"picked":"SKIP","floor":24},{"not_picked":["Murderer","Yin"],"picked":"Scarecrow","floor":25},{"not_picked":["Armaments","Iron Wave","Limit Break"],"picked":"SKIP","floor":25},{"not_picked":["Armaments","Iron Wave","Limit Break"],"picked":"SKIP","floor":25},{"not_picked":["HappyTeddy","FairyFestival"],"picked":"SnowQueen","floor":27},{"not_picked":["Armaments","Blood for Blood","Warcry"],"picked":"SKIP","floor":27},{"not_picked":["Armaments","Blood for Blood","Warcry"],"picked":"SKIP","floor":27},{"not_picked":["Blood for Blood","Berserk"],"picked":"Seeing Red","floor":28},{"not_picked":["CherryBlossoms","LittlePrince"],"picked":"Funeral","floor":28},{"not_picked":["Immolate","Double Tap"],"picked":"Juggernaut","floor":33},{"not_picked":["PunishingBird","PlagueDoctor"],"picked":"DespairKnight","floor":33},{"not_picked":["WhitesApple","Variant"],"picked":"QueenOfHatred","floor":35},{"not_picked":["Clothesline","Rampage+1","Clash+1"],"picked":"SKIP","floor":35},{"not_picked":["Clothesline","Rampage+1","Clash+1"],"picked":"SKIP","floor":35},{"not_picked":["Thunderclap+1","Clash"],"picked":"Cleave","floor":36},{"not_picked":["Bloodbath","RedShoes"],"picked":"Laetitia","floor":36},{"not_picked":["Body Slam+1","Rupture+1"],"picked":"Rage","floor":37},{"not_picked":["Scorched","RedShoes"],"picked":"BlackArmy","floor":37},{"not_picked":["Headbutt+1","Cleave"],"picked":"Warcry+1","floor":39},{"not_picked":["LittlePrince","SingingMachine"],"picked":"GreedKing","floor":39},{"not_picked":["Twin Strike+1","Dropkick"],"picked":"Pommel Strike+1","floor":41},{"not_picked":["Alriune","GalaxyChild"],"picked":"NakedNest","floor":41},{"not_picked":["Rampage+1","Combust"],"picked":"Metallicize+1","floor":42},{"not_picked":["WhitesApple","Scorched"],"picked":"LittleHelper","floor":42},{"not_picked":["BigBadWolf","HeroicMonk"],"picked":"Freischutz","floor":45},{"not_picked":["Rampage","Intimidate+1"],"picked":"Cleave+1","floor":45},{"not_picked":["Headbutt","Brutality"],"picked":"Heavy Blade+1","floor":45},{"not_picked":["Body Slam","Armaments","Shrug It Off"],"picked":"SKIP","floor":45},{"not_picked":["Impervious","True Grit","Sentinel+1"],"picked":"SKIP","floor":45},{"not_picked":["MHz","BigBadWolf"],"picked":"NothingThere","floor":46},{"not_picked":["Warcry+1","Pommel Strike+1"],"picked":"Reaper","floor":46},{"not_picked":["OSAHOGD","Yin","WhitesApple"],"picked":"Singing Bowl","floor":47},{"not_picked":["Ghostly Armor","Armaments+1","Headbutt"],"picked":"SKIP","floor":47},{"not_picked":["Woodsman","HappyTeddy","Alriune"],"picked":"Singing Bowl","floor":48},{"not_picked":["LittlePrince","RedShoes"],"picked":"PlagueDoctor","floor":48}],"player_experience":54488,"relics_obtained":[{"floor":1,"key":"AddBug"},{"floor":1,"key":"Baka"},{"floor":6,"key":"Bird Faced Urn"},{"floor":7,"key":"SecretRecord"},{"floor":8,"key":"Odd Mushroom"},{"floor":8,"key":"SecretRecord"},{"floor":9,"key":"GodSword7"},{"floor":10,"key":"The Courier"},{"floor":13,"key":"SecretRecord"},{"floor":14,"key":"Pear"},{"floor":20,"key":"Baka2"},{"floor":23,"key":"GodSword1"},{"floor":24,"key":"SecretRecord"},{"floor":25,"key":"Du-Vu Doll"},{"floor":26,"key":"War Paint"},{"floor":27,"key":"AtMidnight"},{"floor":28,"key":"SecretRecord"},{"floor":28,"key":"SecretRecord"},{"floor":28,"key":"Ice Cream"},{"floor":36,"key":"SecretRecord"},{"floor":41,"key":"Meat on the Bone"},{"floor":42,"key":"SecretRecord"},{"floor":43,"key":"Boot"},{"floor":45,"key":"Question Card"},{"floor":47,"key":"Omamori"},{"floor":48,"key":"Mango"}],"event_choices":[{"damage_healed":0,"gold_gain":0,"player_choice":"Bought 0 Potions","damage_taken":0,"max_hp_gain":0,"max_hp_loss":0,"event_name":"The Woman in Blue","floor":5,"gold_loss":0},{"damage_healed":0,"gold_gain":0,"player_choice":"Fought Mushrooms","damage_taken":0,"max_hp_gain":0,"max_hp_loss":0,"event_name":"Mushrooms","floor":8,"gold_loss":0},{"cards_removed":["DreamingCurrent"],"damage_healed":0,"gold_gain":0,"player_choice":"Forget","damage_taken":0,"max_hp_gain":0,"max_hp_loss":0,"event_name":"Living Wall","floor":12,"gold_loss":0},{"damage_healed":0,"gold_gain":0,"player_choice":"Opened","damage_taken":0,"relics_obtained":["Shuriken"],"max_hp_gain":0,"max_hp_loss":0,"event_name":"The Mausoleum","floor":21,"gold_loss":0},{"damage_healed":0,"gold_gain":0,"player_choice":"Joined the Cult","damage_taken":6,"max_hp_gain":0,"max_hp_loss":0,"event_name":"Nest","floor":29,"gold_loss":0,"cards_obtained":["RitualDagger"]},{"cards_removed":["Alriune"],"damage_healed":0,"gold_gain":0,"player_choice":"Upgrade and Remove","damage_taken":0,"max_hp_gain":0,"max_hp_loss":0,"event_name":"Designer","floor":31,"gold_loss":90,"cards_upgraded":["Brutality"]},{"damage_healed":0,"gold_gain":0,"player_choice":"Paid","damage_taken":0,"relics_obtained":["Red Mask"],"max_hp_gain":0,"max_hp_loss":0,"event_name":"Tomb of Lord Red Mask","floor":38,"gold_loss":273},{"damage_healed":0,"gold_gain":0,"player_choice":"Fight","damage_taken":0,"max_hp_gain":0,"max_hp_loss":0,"event_name":"MindBloom","floor":48,"gold_loss":0}],"is_beta":false,"boss_relics":[{"not_picked":["Empty Cage","Snecko Eye"],"picked":"Fusion Hammer"},{"not_picked":["Tiny House","Runic Dome"],"picked":"Calling Bell"}],"items_purged_floors":[44],"is_endless":false,"potions_floor_spawned":[4,6,10,11,13,25,33,36,39,41],"ascension_level":3}}