{"host":"nhkq23mrg3i3n2so","time":1609521633,"event":{"mods":["BaseMod","Colored Map","Colored Powertips","Downfall","Minty Spire (QoL Compilation)","Quick Restart","Relic Stats","Replay The Spire","StSLib","SuperFastMode"],"gold_per_floor":[99,99,112,131,131,141,218,218,218,67,80,90,102,127,140,245,245,327,258,285,297,409,421,459,489,514,626,638,650,662,699,366,383,395,497,497,422,439,175,185,201,211,211,225,240,257,5,21,21,21,40,40],"floor_reached":53,"playtime":6972,"items_purged":["Overencumbered","Slimebound:Defend_Slimebound","Delirium"],"score":862,"play_id":"283cd78b-709b-4567-9529-8ca2f4d75966","local_time":"20210101182033","is_ascension_mode":false,"campfire_choices":[{"data":"Slimebound:Split","floor":1,"key":"SMITH"},{"data":"Slimebound:MassFeed","floor":8,"key":"SMITH"},{"data":"Slimebound:AcidTongue","floor":23,"key":"SMITH"},{"data":"Slimebound:AcidTongue","floor":37,"key":"SMITH"},{"floor":49,"key":"RECALL"}],"circlet_count":0,"master_deck":["Slimebound:Strike_Slimebound+1","Slimebound:Strike_Slimebound+1","Slimebound:Strike_Slimebound+1","Slimebound:Tackle","Slimebound:Defend_Slimebound+1","Slimebound:Defend_Slimebound+1","Slimebound:CorrosiveSpit","Slimebound:SamplingLick","Slimebound:MegaLick","Slimebound:SplitLeeching","Slimebound:SplitMire","Slimebound:SplitMire","Slimebound:AcidTongue+1","Slimebound:LeechLife","ReplayTheSpireMod:Splinters","hexamod:Haunted","Slimebound:SlimeBrawl","Slimebound:DisruptingSlam+1","Slimebound:LeechEnergy+1","Slimebound:HauntingLick+1","Slimebound:PressTheAttack+1","Slimebound:AcidTongue+1","J.A.X.+1","Slimebound:GrowthPunch+1","Slimebound:RallyTheTroops+1","Slimebound:SlimeSlap+1","Pot Of Greed+1","Pot Of Greed+1","Pot Of Greed+1","Slimebound:GrowthPunch+1","Slimebound:LeechingTouch+1","Slimebound:RallyTheTroops+1","Slimebound:Schlurp+1","Slimebound:SpikyOuterGoop","Thinking Ahead+1","Slimebound:Gluttony","Slimebound:HauntingLick+1","Pot Of Greed+1","Slimebound:SamplingLick+1","expansioncontent:QuickStudy+1","Flash of Steel+1","Slimebound:LeechEnergy+1"],"relics":["Slimebound:AbsorbEndCombatUpgraded","ReplayTheSpireMod:CursedCoin","ReplayTheSpireMod:Ring of Addiction","White Beast Statue","Chameleon Ring","HornCleat","Oddly Smooth Stone","Replay:Ancient Bell","Dream Catcher","Molten Egg 2","Ice Cream","MawBank","WingedGreaves","Toxic Egg 2","Regal Pillow","MutagenicStrength","Ginger","Grinning Jar","Replay:Grab Bag","Replay:Bronze Core","Painkiller Herb","SacredBark","downfall:HeartBlessingGreen","FossilizedHelix","Replay:Towering Pillar of Hats"],"acts_visited":["Exordium","TheCity","TheBeyond"],"potions_floor_usage":[6,9,14,15,16,19,27,31,33,34,39,40,41,44,46,51,52],"damage_taken":[{"damage":4,"enemies":"Small Slimes","floor":3,"turns":5},{"damage":3,"enemies":"downfall:FleeingMerchant","floor":4,"turns":4},{"damage":5,"enemies":"Cultist","floor":6,"turns":2},{"damage":0,"enemies":"Jaw Worm","floor":9,"turns":1},{"damage":0,"enemies":"downfall:FleeingMerchant","floor":10,"turns":4},{"damage":22,"enemies":"Exordium Thugs","floor":11,"turns":4},{"damage":4,"enemies":"3 Louse","floor":12,"turns":2},{"damage":14,"enemies":"2 Fungi Beasts","floor":13,"turns":3},{"damage":12,"enemies":"Gremlin Nob","floor":14,"turns":3},{"damage":15,"enemies":"Red Slaver","floor":15,"turns":2},{"damage":68,"enemies":"downfall:Silent","floor":16,"turns":13},{"damage":62,"enemies":"3 Byrds","floor":19,"turns":7},{"damage":41,"enemies":"Shell Parasite","floor":20,"turns":8},{"damage":50,"enemies":"downfall:Watcher","floor":22,"turns":9},{"damage":38,"enemies":"Cultist and Chosen","floor":25,"turns":7},{"damage":14,"enemies":"3 Cultists","floor":26,"turns":4},{"damage":23,"enemies":"downfall:Augmenter","floor":27,"turns":5},{"damage":57,"enemies":"Gremlin Leader","floor":31,"turns":6},{"damage":24,"enemies":"downfall:FleeingMerchant","floor":32,"turns":4},{"damage":52,"enemies":"Shelled Parasite and Fungi","floor":33,"turns":6},{"damage":35,"enemies":"Chosen and Byrds","floor":34,"turns":4},{"damage":23,"enemies":"downfall:Defect","floor":35,"turns":8},{"damage":21,"enemies":"3 Shapes","floor":38,"turns":4},{"damage":17,"enemies":"downfall:FleeingMerchant","floor":39,"turns":5},{"damage":14,"enemies":"Orb Walker","floor":40,"turns":4},{"damage":25,"enemies":"3 Darklings","floor":41,"turns":5},{"damage":19,"enemies":"downfall:FleeingMerchant","floor":42,"turns":4},{"damage":11,"enemies":"Maw","floor":44,"turns":6},{"damage":31,"enemies":"Jaw Worm Horde","floor":45,"turns":4},{"damage":19,"enemies":"Transient","floor":46,"turns":5},{"damage":14,"enemies":"Spire Growth","floor":48,"turns":5},{"damage":39,"enemies":"Maw","floor":51,"turns":7},{"damage":36,"enemies":"downfall:Ironclad","floor":52,"turns":9}],"seed_played":"7299361956582232395","potions_obtained":[{"floor":5,"key":"Adrenaline Potion"},{"floor":5,"key":"champ:CounterPotion"},{"floor":5,"key":"SmokeBomb"},{"floor":6,"key":"Explosive Potion"},{"floor":10,"key":"FearPotion"},{"floor":12,"key":"champ:CounterPotion"},{"floor":14,"key":"Languid Potion"},{"floor":15,"key":"Venom Potion"},{"floor":16,"key":"Weak Potion"},{"floor":18,"key":"PowerPotion"},{"floor":19,"key":"Regen Potion"},{"floor":31,"key":"EssenceOfSteel"},{"floor":32,"key":"EssenceOfSteel"},{"floor":33,"key":"BlessingOfTheForge"},{"floor":34,"key":"Elixir"},{"floor":39,"key":"Elixir"},{"floor":40,"key":"GamblersBrew"},{"floor":41,"key":"SpeedPotion"},{"floor":42,"key":"DistilledChaos"},{"floor":44,"key":"Explosive Potion"},{"floor":46,"key":"Block Potion"},{"floor":51,"key":"SteroidPotion"}],"is_trial":false,"path_per_floor":["R","?","M","$","?","M","T","R","M","$","M","M","M","E","M","B",null,"R_BF","M","M","?","?","R","T","M","M","?","PTL","PTL","?","E","$","M","M","B",null,"T","?","T","?","?","T","T","?","?","?","T","?","T","?","?","B",null],"character_chosen":"SLIMEBOUND","items_purchased":["ReplayTheSpireMod:CursedCoin","Slimebound:MegaLick","Slimebound:SplitMire","Grinning Jar","Slimebound:GrowthPunch+1","Slimebound:SpikyOuterGoop","Thinking Ahead+1","FossilizedHelix","Slimebound:SamplingLick+1","expansioncontent:QuickStudy+1","Flash of Steel+1"],"campfire_rested":0,"item_purchase_floors":[4,4,10,32,32,39,39,42,42,47,47],"current_hp_per_floor":[66,66,66,66,66,61,61,61,61,66,70,74,76,80,73,57,84,84,46,55,83,83,82,82,82,88,88,88,88,88,81,85,86,87,94,94,94,96,96,96,96,96,96,96,104,104,104,104,104,112,104,112],"gold":40,"neow_bonus":"TEN_PERCENT_HP_BONUS","is_daily":false,"chose_seed":false,"campfire_upgraded":4,"win_rate":0.0,"timestamp":1609521633,"path_taken":["R","?","?","$","?","M","T","R","M","?","M","M","M","E","M","BOSS","R_BF","M","M","?","?","R","T","M","M","?","PTL","PTL","?","E","$","M","M","BOSS","T","?","T","?","?","T","T","?","?","?","T","?","T","?","?","BOSS"],"items_purchased_type":["Relic","Card","Card","Relic","Card","Card","Card","Relic","Card","Card","Card"],"build_version":"2020-12-22","purchased_purges":3,"victory":true,"max_hp_per_floor":[66,66,66,66,66,66,66,66,66,66,70,74,76,80,80,84,84,84,84,84,84,84,82,82,82,88,88,88,88,88,86,86,86,94,94,94,94,96,96,96,96,96,96,96,104,104,104,104,104,112,112,112],"relic_stats":{"Dream Catcher":0,"Regal Pillow":0,"counters":[33,168],"Ginger":[8],"MawBank":168,"obtain_stats":[{"Ice Cream":17,"Regal Pillow":24,"SacredBark":36,"Painkiller Herb":36,"downfall:HeartBlessingGreen":37,"Ginger":31,"Dream Catcher":17,"Chameleon Ring":5,"HornCleat":7,"Replay:Bronze Core":36,"WingedGreaves":22,"Toxic Egg 2":22,"Replay:Towering Pillar of Hats":43,"ReplayTheSpireMod:CursedCoin":4,"ReplayTheSpireMod:Ring of Addiction":5,"Replay:Grab Bag":36,"Oddly Smooth Stone":14,"Replay:Ancient Bell":17,"MawBank":18,"White Beast Statue":5,"MutagenicStrength":27,"Molten Egg 2":17,"Slimebound:AbsorbEndCombat":0,"Grinning Jar":32,"Slimebound:AbsorbEndCombatUpgraded":36,"FossilizedHelix":42},{"Ice Cream":11,"Regal Pillow":14,"SacredBark":22,"Painkiller Herb":22,"downfall:HeartBlessingGreen":22,"Ginger":18,"Dream Catcher":11,"Chameleon Ring":2,"HornCleat":3,"Replay:Bronze Core":22,"WingedGreaves":14,"Toxic Egg 2":14,"Replay:Towering Pillar of Hats":27,"ReplayTheSpireMod:CursedCoin":2,"ReplayTheSpireMod:Ring of Addiction":2,"Replay:Grab Bag":22,"Oddly Smooth Stone":9,"Replay:Ancient Bell":11,"MawBank":11,"White Beast Statue":2,"MutagenicStrength":17,"Molten Egg 2":11,"Slimebound:AbsorbEndCombat":0,"Grinning Jar":19,"Slimebound:AbsorbEndCombatUpgraded":22,"FossilizedHelix":27},{"Ice Cream":43,"Regal Pillow":67,"SacredBark":111,"Painkiller Herb":111,"downfall:HeartBlessingGreen":111,"Ginger":89,"Dream Catcher":43,"Chameleon Ring":9,"HornCleat":11,"Replay:Bronze Core":111,"WingedGreaves":67,"Toxic Egg 2":67,"Replay:Towering Pillar of Hats":132,"ReplayTheSpireMod:CursedCoin":9,"ReplayTheSpireMod:Ring of Addiction":9,"Replay:Grab Bag":111,"Oddly Smooth Stone":28,"Replay:Ancient Bell":43,"MawBank":43,"White Beast Statue":9,"MutagenicStrength":83,"Molten Egg 2":43,"Slimebound:AbsorbEndCombat":0,"Grinning Jar":93,"Slimebound:AbsorbEndCombatUpgraded":111,"FossilizedHelix":132}]},"card_choices":[{"not_picked":["Slimebound:FinishingTackle","Slimebound:PressTheAttack"],"picked":"Slimebound:SamplingLick","floor":3},{"not_picked":["Slimebound:Nibble","Slimebound:ComboTackle"],"picked":"Slimebound:MassFeed","floor":4},{"not_picked":["Slimebound:Chomp","Slimebound:GoopSpray","Slimebound:TongueLash"],"picked":"SKIP","floor":6},{"not_picked":["Slimebound:BestDefense","Slimebound:Prepare"],"picked":"Slimebound:SplitLeeching","floor":10},{"not_picked":["Slimebound:SplitMire","Slimebound:Grow","Slimebound:ViciousTackle"],"picked":"SKIP","floor":11},{"not_picked":["Slimebound:LeadByExample","Slimebound:LeechingTouch","Slimebound:SplitBruiser"],"picked":"SKIP","floor":12},{"not_picked":["Slimebound:SplitBruiser","Slimebound:Schlurp","Slimebound:FlameTackle"],"picked":"SKIP","floor":13},{"not_picked":["Slimebound:PressTheAttack","Slimebound:MassFeed"],"picked":"Slimebound:AcidTongue","floor":14},{"not_picked":["Slimebound:Replication","Slimebound:SplitLeeching","Slimebound:SplitBruiser"],"picked":"SKIP","floor":15},{"not_picked":["Slimebound:SelfFormingGoo","Slimebound:OneTwoCombo"],"picked":"Slimebound:LeechLife","floor":16},{"not_picked":["Sickly","Looming Evil"],"picked":"ReplayTheSpireMod:IOU","floor":17},{"not_picked":["Writhe","Pain"],"picked":"ReplayTheSpireMod:Splinters","floor":17},{"not_picked":["ReplayTheSpireMod:Faulty Equipment","Shame"],"picked":"hexamod:Haunted","floor":17},{"not_picked":["Slimebound:SplitLeeching","Slimebound:GoopSpray"],"picked":"Slimebound:SlimeBrawl","floor":18},{"not_picked":["Slimebound:RollThrough+1","Slimebound:SlimeBrawl","Slimebound:FinishingTackle+1"],"picked":"SKIP","floor":19},{"not_picked":["Slimebound:ViciousTackle+1","Slimebound:SlimeBrawl"],"picked":"Slimebound:DisruptingSlam+1","floor":20},{"not_picked":["Slimebound:GoopSpray+1","Slimebound:BestDefense"],"picked":"Slimebound:LeechEnergy+1","floor":22},{"not_picked":["Slimebound:SlimeBrawl+1","Slimebound:FinishingTackle+1","Slimebound:GoopTackle+1"],"picked":"SKIP","floor":25},{"not_picked":["Slimebound:FinishingTackle+1","Slimebound:FlameTackle+1"],"picked":"Slimebound:HauntingLick+1","floor":26},{"not_picked":[],"picked":"J.A.X.+1","floor":27},{"not_picked":["Slimebound:BestDefense","Slimebound:GoopSpray+1"],"picked":"Slimebound:GrowthPunch+1","floor":27},{"not_picked":["Slimebound:ProtectTheBoss","Slimebound:PressTheAttack+1"],"picked":"Slimebound:RallyTheTroops+1","floor":31},{"not_picked":["Slimebound:SplitAcid+1","Slimebound:ViciousTackle+1"],"picked":"Slimebound:SlimeSlap+1","floor":32},{"not_picked":["Slimebound:LeechEnergy+1","Slimebound:ViciousTackle+1"],"picked":"Slimebound:LeechingTouch+1","floor":33},{"not_picked":["Slimebound:FinishingTackle+1","Slimebound:ViciousTackle+1","Slimebound:SplitBruiser+1"],"picked":"SKIP","floor":34},{"not_picked":["Slimebound:LeechLife+1","Slimebound:Teamwork+1"],"picked":"Slimebound:RallyTheTroops+1","floor":35},{"not_picked":["Slimebound:GoopSpray+1","Slimebound:ComboTackle+1"],"picked":"Slimebound:Schlurp+1","floor":38},{"not_picked":["Slimebound:WasteNot+1","Slimebound:SlimeSpikes+1","Slimebound:PressTheAttack+1"],"picked":"SKIP","floor":39},{"not_picked":["Slimebound:RainOfGoop+1","Slimebound:SlimeSpikes+1"],"picked":"Slimebound:Gluttony","floor":40},{"not_picked":["Slimebound:SplitAcid+1","Slimebound:SplitBruiser+1","Slimebound:ViciousTackle+1"],"picked":"SKIP","floor":41},{"not_picked":["Slimebound:DuplicatedForm","Slimebound:ProtectTheBoss"],"picked":"Slimebound:HauntingLick+1","floor":42},{"not_picked":["Slimebound:AcidTongue","Slimebound:ViciousTackle+1","Slimebound:GrowthPunch+1"],"picked":"SKIP","floor":44},{"not_picked":["Slimebound:ViciousTackle+1","Slimebound:PressTheAttack+1","Slimebound:SplitAcid+1"],"picked":"SKIP","floor":45},{"not_picked":["Slimebound:SlimeSpikes+1","Slimebound:FinishingTackle+1","Slimebound:FirmFortitude+1"],"picked":"SKIP","floor":46},{"not_picked":["Slimebound:PressTheAttack+1","Slimebound:GoopTackle+1","Slimebound:SlimeTap+1"],"picked":"SKIP","floor":48},{"not_picked":["Slimebound:Grow","Slimebound:BestDefense"],"picked":"Slimebound:LeechEnergy+1","floor":51}],"player_experience":515919,"relics_obtained":[{"floor":5,"key":"ReplayTheSpireMod:Ring of Addiction"},{"floor":5,"key":"White Beast Statue"},{"floor":5,"key":"Chameleon Ring"},{"floor":7,"key":"HornCleat"},{"floor":14,"key":"Oddly Smooth Stone"},{"floor":18,"key":"MawBank"},{"floor":22,"key":"WingedGreaves"},{"floor":22,"key":"Toxic Egg 2"},{"floor":24,"key":"Regal Pillow"},{"floor":27,"key":"MutagenicStrength"},{"floor":31,"key":"Ginger"},{"floor":43,"key":"Replay:Towering Pillar of Hats"}],"event_choices":[{"cards_removed":["Slimebound:Split"],"damage_healed":0,"gold_gain":0,"player_choice":"Took Card","damage_taken":0,"max_hp_gain":0,"max_hp_loss":0,"event_name":"NoteForYourself","floor":2,"gold_loss":0,"cards_obtained":["Defend_G"]},{"damage_healed":28,"gold_gain":0,"player_choice":"Heal","damage_taken":0,"max_hp_gain":0,"max_hp_loss":0,"event_name":"The Library","floor":21,"gold_loss":0},{"damage_healed":0,"gold_gain":0,"player_choice":"Simplicity","damage_taken":0,"max_hp_gain":0,"max_hp_loss":0,"event_name":"Back to Basics","floor":30,"gold_loss":0,"cards_upgraded":["Slimebound:Strike_Slimebound","Slimebound:Strike_Slimebound","Slimebound:Strike_Slimebound","Slimebound:Defend_Slimebound","Slimebound:Defend_Slimebound"]},{"cards_removed":["Slimebound:MassFeed"],"damage_healed":0,"gold_gain":0,"player_choice":"Offered Rare","damage_taken":0,"max_hp_gain":10,"max_hp_loss":0,"event_name":"Bonfire Elementals","floor":50,"gold_loss":0}],"is_beta":false,"boss_relics":[{"not_picked":["Honey Jar","Tiny House"],"picked":"Replay:Ancient Bell"},{"not_picked":["Ancient Tea Set","Boot"],"picked":"Dream Catcher"},{"not_picked":["Mercury Hourglass","StrikeDummy"],"picked":"Molten Egg 2"},{"not_picked":["Shovel","Replay:Multitool"],"picked":"Ice Cream"},{"not_picked":["Runic Pyramid","Coffee Dripper"],"picked":"Replay:Grab Bag"},{"not_picked":["Fusion Hammer","Cursed Key"],"picked":"Replay:Bronze Core"},{"not_picked":["Busted Crown","Slimebound:TarBlob"],"picked":"Painkiller Herb"},{"not_picked":["SlaversCollar","Replay:Drink Me"],"picked":"SacredBark"},{"not_picked":["Kintsugi","Black Star"],"picked":"Slimebound:AbsorbEndCombatUpgraded"}],"items_purged_floors":[4,10,32],"is_endless":false,"potions_floor_spawned":[6,9,10,11,12,13,14,15,16,19,20,22,25,26,31,32,33,34,35,38,39,40,41,42,44,45,46,48,51],"ascension_level":0}}