{"host":"jksa5rawk3m4gilz","time":1609501307,"event":{"mods":["BaseMod","Colored Map","Highlight Path","Minty Spire (QoL Compilation)","Quick Restart"],"gold_per_floor":[112,124,137,156,172,172,210,210,210,210,210],"floor_reached":10,"playtime":346,"items_purged":[],"score":119,"play_id":"506fad5f-2e16-4296-8241-c5e53a86705a","local_time":"20210101124147","is_ascension_mode":true,"campfire_choices":[{"floor":6,"key":"REST"},{"floor":8,"key":"REST"}],"circlet_count":0,"master_deck":["AscendersBane","Strike_B","Strike_B","Strike_B","Strike_B","Defend_B","Defend_B","Defend_B","Defend_B","Zap","Dualcast","Double Energy","Beam Cell","Capacitor","Defragment","Capacitor"],"relics":["Runic Pyramid","CeramicFish","TungstenRod"],"acts_visited":["Exordium"],"potions_floor_usage":[7],"damage_taken":[{"damage":7,"enemies":"Jaw Worm","floor":1,"turns":3},{"damage":1,"enemies":"Cultist","floor":2,"turns":4},{"damage":10,"enemies":"Small Slimes","floor":3,"turns":4},{"damage":5,"enemies":"2 Fungi Beasts","floor":4,"turns":4},{"damage":7,"enemies":"Looter","floor":5,"turns":3},{"damage":25,"enemies":"Lagavulin","floor":7,"turns":7},{"damage":69,"enemies":"Gremlin Nob","floor":10,"turns":5}],"seed_played":"6734047698349874412","potions_obtained":[{"floor":1,"key":"PowerPotion"},{"floor":4,"key":"EssenceOfSteel"}],"is_trial":false,"path_per_floor":["M","M","M","M","M","R","E","R","T","E"],"character_chosen":"DEFECT","items_purchased":[],"campfire_rested":2,"item_purchase_floors":[],"current_hp_per_floor":[57,56,46,41,34,55,30,51,51,0,0],"gold":210,"neow_bonus":"BOSS_RELIC","is_daily":false,"chose_seed":false,"campfire_upgraded":0,"win_rate":0.0,"timestamp":1609501307,"path_taken":["M","M","M","M","M","R","E","R","T","E"],"items_purchased_type":[],"build_version":"2020-12-22","purchased_purges":0,"victory":false,"max_hp_per_floor":[71,71,71,71,71,71,71,71,71,71,71],"card_choices":[{"not_picked":["Sweeping Beam","Barrage"],"picked":"Double Energy","floor":1},{"not_picked":["Blizzard","Rebound","Lockon"],"picked":"SKIP","floor":2},{"not_picked":["Barrage","Compile Driver"],"picked":"Beam Cell","floor":3},{"not_picked":["Blizzard","Cold Snap"],"picked":"Capacitor","floor":4},{"not_picked":["All For One","Sweeping Beam"],"picked":"Defragment","floor":5},{"not_picked":["Conserve Battery","Leap"],"picked":"Capacitor","floor":7}],"player_experience":2104022,"relics_obtained":[{"floor":7,"key":"CeramicFish"},{"floor":9,"key":"TungstenRod"}],"event_choices":[],"is_beta":false,"boss_relics":[],"items_purged_floors":[],"is_endless":false,"potions_floor_spawned":[1,4],"killed_by":"Gremlin Nob","ascension_level":14}}