{"host":"ws1rigs6jhqnf67d","time":1609514247,"event":{"mods":["BaseMod","Downfall","Friendly Minions","KinomotoSakuraMod(ƒæ÷Æ±æ”£)","Kiyohime£®«Âºß£©","Lobotomy","LobotomyExtend","Marisa£®ÏF”Í°°ƒß¿Ì…≥£©","Minty Spire (QoL Compilation)","Remilia£®¿Ÿ√◊¿Ú—«£©","StSLib","The Animator","The Bug Knight","Youmu£®ªÍ∆«—˝√Œ£©","[IsaacMod]“‘»ˆº‚À˛"],"gold_per_floor":[111,121,138,152,165,196,196,223,223,79,91,125,135,170,170,271,271,289,289,307,323,340,369,384,409,433,452,467,487,538,145,177,30,59,84,84,84,84,98,26,26,127,127,157,168,187,199,215,241,241,253,301,329,179,179,192,49,63,82,97,116,128,128,160,177,177,203,126,126,126,154,154,256,256,271,286,286,61,88,122,122,142,142,160,186,127,127,153,153,167,167],"floor_reached":52,"playtime":6051,"items_purged":[],"score":1873,"play_id":"25d54147-7525-4200-80ea-38ec9cf04567","local_time":"20210101231727","is_ascension_mode":true,"campfire_choices":[{"data":"ClowCardTheFloat","floor":7.0,"key":"SMITH"},{"data":"ClowCardTheSword","floor":15.0,"key":"SMITH"},{"data":"ClowCardTheFight","floor":10.0,"key":"SMITH"},{"data":"ClowCardTheShield","floor":12.0,"key":"SMITH"},{"floor":15.0,"key":"RECALL"},{"data":"ClowCardTheLight","floor":24.0,"key":"SMITH"},{"data":"ClowCardTheThunder","floor":23.0,"key":"SMITH"},{"data":"ClowCardTheShield","floor":29,"key":"SMITH"},{"data":"ClowCardTheSword","floor":32,"key":"SMITH"},{"data":"ClowCardTheFight","floor":41,"key":"SMITH"},{"data":"ClowCardTheTwin","floor":47,"key":"SMITH"},{"data":"ClowCardTheMove","floor":49,"key":"SMITH"}],"circlet_count":0,"master_deck":["SakuraCardTheFreeze+","SakuraCardTheTime+","SakuraCardTheSword+","SakuraCardTheShield+","ClowCardTheSword+1","ClowCardTheSword+1","ClowCardTheSword+1","ClowCardTheShield+1","ClowCardTheShield+1","ClowCardTheShield","SpellCardSeal+1","SpellCardRelease","ClowCardTheFloat+1","ClowCardTheFight+1","ClowCardTheThunder+1","ClowCardTheLight+1","ClowCardTheMove+1","ClowCardTheFight+1","ClowCardTheTwin+1"],"relics":["KSMOD_SealedBook","KSMOD_SealedWand","HushsDoor","Leech","Whetstone","BookOfRevelations","Blue Candle","Happy Flower","KSMOD_TeddyBear","Orichalcum","Velvet Choker","MyShadow","Mercury Hourglass","Nunchaku","Bronze Scales","Gaze_r","LetterFromLob","Bottled Lightning","Regal Pillow","InkBottle","SteamSale","Pear","PreservedInsect","Pantograph","SalivaCoin","Sozu","Bottled Tornado","Strawberry","MealTicket","Lantern","Strange Spoon","KSMOD_Cerberus","Meat on the Bone","HornCleat","KSMOD_TaoistSuit","KSMOD_SwordJade","The Courier","SlaversCollar","Lee\u0027s Waffle","StrikeDummy","Vajra","HollowMod:StagPassRelic","Ornamental Fan","KSMOD_YukitosBentoBox","Bag of Preparation","Art of War"],"acts_visited":["TheCity","TheCity","TheBeyond"],"potions_floor_usage":[50],"damage_taken":[{"damage":0.0,"enemies":"2 Louse","floor":1.0,"turns":2.0},{"damage":7.0,"enemies":"Small Slimes","floor":2.0,"turns":3.0},{"damage":0.0,"enemies":"Cultist","floor":3.0,"turns":3.0},{"damage":5.0,"enemies":"Large Slime","floor":4.0,"turns":5.0},{"damage":5.0,"enemies":"Looter","floor":5.0,"turns":3.0},{"damage":0.0,"enemies":"3 Sentries","floor":6.0,"turns":2.0},{"damage":0.0,"enemies":"Lagavulin","floor":8.0,"turns":5.0},{"damage":5.0,"enemies":"Gremlin Gang","floor":11.0,"turns":5.0},{"damage":6.0,"enemies":"3 Sentries","floor":12.0,"turns":6.0},{"damage":0.0,"enemies":"Large Slime","floor":13.0,"turns":2.0},{"damage":13.0,"enemies":"Gremlin Nob","floor":14.0,"turns":4.0},{"damage":16.0,"enemies":"Hexaghost","floor":16.0,"turns":10.0},{"damage":2.0,"enemies":"Shell Parasite","floor":18.0,"turns":4.0},{"damage":0.0,"enemies":"Spheric Guardian","floor":20.0,"turns":3.0},{"damage":0.0,"enemies":"Shelled Parasite and Fungi","floor":21.0,"turns":3.0},{"damage":0.0,"enemies":"Snake Plant","floor":22.0,"turns":2.0},{"damage":7.0,"enemies":"Book of Stabbing","floor":23.0,"turns":4.0},{"damage":0.0,"enemies":"Sentry and Sphere","floor":24.0,"turns":4.0},{"damage":12.0,"enemies":"Gremlin Leader","floor":25.0,"turns":5.0},{"damage":9.0,"enemies":"Book of Stabbing","floor":27.0,"turns":2.0},{"damage":0.0,"enemies":"Cultist","floor":1.0,"turns":1.0},{"damage":0.0,"enemies":"Jaw Worm","floor":2.0,"turns":2.0},{"damage":0.0,"enemies":"2 Louse","floor":3.0,"turns":2.0},{"damage":0.0,"enemies":"Gremlin Nob","floor":6.0,"turns":2.0},{"damage":0.0,"enemies":"Lagavulin","floor":8.0,"turns":2.0},{"damage":0.0,"enemies":"Looter","floor":13.0,"turns":2.0},{"damage":0.0,"enemies":"Hexaghost","floor":16.0,"turns":5.0},{"damage":0.0,"enemies":"2 Thieves","floor":18.0,"turns":2.0},{"damage":0.0,"enemies":"Spheric Guardian","floor":19.0,"turns":1.0},{"damage":0.0,"enemies":"Snecko","floor":20.0,"turns":2.0},{"damage":0.0,"enemies":"Snake Plant","floor":21.0,"turns":2.0},{"damage":0.0,"enemies":"Cultist and Chosen","floor":22.0,"turns":2.0},{"damage":0.0,"enemies":"Slavers","floor":23.0,"turns":2.0},{"damage":0.0,"enemies":"Centurion and Healer","floor":25.0,"turns":2.0},{"damage":0.0,"enemies":"Book of Stabbing","floor":27.0,"turns":2.0},{"damage":0.0,"enemies":"Snake Plant","floor":30.0,"turns":2.0},{"damage":0.0,"enemies":"Shell Parasite","floor":18.0,"turns":2.0},{"damage":0.0,"enemies":"2 Thieves","floor":19.0,"turns":2.0},{"damage":0.0,"enemies":"Shelled Parasite and Fungi","floor":20.0,"turns":2.0},{"damage":0.0,"enemies":"Centurion and Healer","floor":21.0,"turns":3.0},{"damage":0.0,"enemies":"3 Cultists","floor":22.0,"turns":3.0},{"damage":0.0,"enemies":"Slavers","floor":24.0,"turns":1.0},{"damage":0.0,"enemies":"Cultist and Chosen","floor":25.0,"turns":2.0},{"damage":0,"enemies":"Book of Stabbing","floor":27,"turns":2},{"damage":0,"enemies":"Slavers","floor":31,"turns":3},{"damage":0,"enemies":"Automaton","floor":33,"turns":3},{"damage":0,"enemies":"Orb Walker","floor":35,"turns":1},{"damage":0,"enemies":"3 Darklings","floor":36,"turns":2},{"damage":0,"enemies":"Sphere and 2 Shapes","floor":39,"turns":1},{"damage":0,"enemies":"Giant Head","floor":40,"turns":3},{"damage":0,"enemies":"Spire Growth","floor":42,"turns":2},{"damage":0,"enemies":"4 Shapes","floor":44,"turns":2},{"damage":0,"enemies":"HollowMod:StalkingDevout","floor":45,"turns":2},{"damage":0,"enemies":"Giant Head","floor":48,"turns":3},{"damage":0,"enemies":"Time Eater","floor":50,"turns":4}],"seed_played":"3577039325595091943","potions_obtained":[{"floor":1.0,"key":"Fruit Juice"},{"floor":4.0,"key":"Energy Potion"},{"floor":6.0,"key":"ColorlessPotion"},{"floor":11.0,"key":"KSMOD_MagickBottle"},{"floor":13.0,"key":"SpeedPotion"},{"floor":16.0,"key":"LiquidMemories"},{"floor":20.0,"key":"Weak Potion"},{"floor":22.0,"key":"Strength Potion"},{"floor":1.0,"key":"Guardian:BlockOnCardUsePotion"}],"is_trial":false,"path_per_floor":["M","M","M","M","M","E","R","E","T","$","M","E","M","E","R","B",null,"M","?","M","M","M","E","M","E","T","E","M","M","M","?","$","E","$","E","T","R","E","R","M","$","R","B",null,"M","M","M","M","M","E","R","M","T","E","$","?","M","$","M","M","M","M","M","R","E","M","T","E","$","R","$","E","R","B",null,"M","M","?","$","M","E","R","M","T","M","E","$","R","E","R","B",null,null],"character_chosen":"KINOMOTOSAKURA","items_purchased":["Happy Flower","MyShadow","Bottled Lightning","Regal Pillow","SteamSale","SalivaCoin","Lantern","Strange Spoon","KSMOD_Cerberus","KSMOD_SwordJade","Lee\u0027s Waffle","StrikeDummy","Vajra","Bag of Preparation"],"campfire_rested":0,"item_purchase_floors":[10,17,5,5,7,14,28,28,31,28,38,38,38,46],"current_hp_per_floor":[75,70,73,72,69,70,70,75,75,75,74,72,74,63,63,53,61,62,51,53,56,57,54,57,50,50,66,68,68,68,68,68,68,78,78,78,78,78,78,78,78,78,78,78,78,78,78,78,78,78,78,85,85,85,85,85,85,85,85,85,85,85,85,85,85,85,85,85,85,85,85,85,85,85,85,85,85,92,92,92,92,92,92,92,92,92,92,92,92,92,92],"gold":167,"neow_bonus":"ONE_RANDOM_RARE_CARD","is_daily":false,"chose_seed":false,"campfire_upgraded":11,"win_rate":0.0,"timestamp":1609514247,"path_taken":["M","M","M","M","M","E","R","E","T","$","M","E","M","E","R","BOSS","M","?","M","M","M","E","M","E","T","E","M","M","M","?","$","E","$","E","T","R","E","R","M","$","R","BOSS","M","M","M","M","M","E","R","M","T","E","?","?","M","$","M","M","M","?","M","R","E","M","T","E","$","R","$","E","R","BOSS","M","M","?","$","M","E","R","M","T","?","E","$","R","E","R","BOSS"],"items_purchased_type":["Relic","Relic","Relic","Relic","Relic","Relic","Card","Relic","Relic","Relic","Relic","Relic","Relic","Relic"],"build_version":"2020-12-22","purchased_purges":0,"victory":true,"max_hp_per_floor":[75,75,75,75,75,75,75,75,75,75,75,75,75,75,75,75,63,63,68,68,68,68,68,68,68,68,68,68,68,68,68,68,68,78,78,78,78,78,78,78,78,78,78,78,78,78,78,78,78,78,78,85,85,85,85,85,85,85,85,85,85,85,85,85,85,85,85,85,85,85,85,85,85,85,85,85,85,92,92,92,92,92,92,92,92,92,92,92,92,92,92],"card_choices":[{"not_picked":["ClowCardTheDream","ClowCardTheSilent","ClowCardTheShot"],"picked":"SKIP","floor":1.0},{"not_picked":["ClowCardTheStorm","ClowCardTheShot"],"picked":"ClowCardTheFloat","floor":2.0},{"not_picked":["ClowCardTheLoop","ClowCardTheFlower","ClowCardTheReturn"],"picked":"SKIP","floor":3.0},{"not_picked":["ClowCardTheWindy","ClowCardTheMaze","ClowCardTheSleep"],"picked":"SKIP","floor":4.0},{"not_picked":["ClowCardTheRain","ClowCardThePower"],"picked":"Bomb","floor":5.0},{"not_picked":["ClowCardTheShadow","ClowCardTheIllusion","ClowCardTheWood"],"picked":"SKIP","floor":6.0},{"not_picked":["ClowCardTheMirror","ClowCardTheStorm","ClowCardTheThunder"],"picked":"SKIP","floor":8.0},{"not_picked":["ClowCardTheFly","ClowCardTheMaze","ClowCardTheSleep"],"picked":"SKIP","floor":11.0},{"not_picked":["ClowCardTheErase","ClowCardTheStorm","ClowCardTheSilent"],"picked":"SKIP","floor":12.0},{"not_picked":["ClowCardTheLibra","ClowCardTheRain","ClowCardTheSilent"],"picked":"SKIP","floor":13.0},{"not_picked":["ClowCardTheEarthy","ClowCardTheCloud","ClowCardTheErase"],"picked":"SKIP","floor":14.0},{"not_picked":["ClowCardTheTime","ClowCardTheFight"],"picked":"ClowCardTheCreate","floor":16.0},{"not_picked":["ClowCardTheWindy+1","ClowCardTheMaze+1","ClowCardThePower"],"picked":"SKIP","floor":18.0},{"not_picked":["ClowCardTheLock","ClowCardTheVoice","ClowCardTheMist"],"picked":"SKIP","floor":20.0},{"not_picked":["ClowCardTheMist","ClowCardThePower+1","ClowCardTheSong"],"picked":"SKIP","floor":21.0},{"not_picked":["ClowCardTheBubbles","ClowCardThePower","ClowCardTheBig"],"picked":"SKIP","floor":22.0},{"not_picked":["ClowCardTheArrow","ClowCardTheMirror"],"picked":"ClowCardTheFight","floor":23.0},{"not_picked":["ClowCardTheShot","ClowCardTheArrow","ClowCardTheSilent"],"picked":"SKIP","floor":24.0},{"not_picked":["ClowCardTheBig","ClowCardTheEarthy+1","ClowCardTheThrough"],"picked":"SKIP","floor":25.0},{"not_picked":["ClowCardTheMirror","ClowCardTheSweet","ClowCardTheRain"],"picked":"SKIP","floor":1.0},{"not_picked":["ClowCardTheLibra","ClowCardTheMist","ClowCardTheFloat"],"picked":"SKIP","floor":2.0},{"not_picked":["ClowCardTheFly","ClowCardTheEarthy","ClowCardTheVoice"],"picked":"SKIP","floor":3.0},{"not_picked":["ClowCardTheSilent","ClowCardTheWindy"],"picked":"ClowCardTheCreate","floor":6.0},{"not_picked":["ClowCardTheLittle","ClowCardTheShot","ClowCardTheLoop"],"picked":"SKIP","floor":8.0},{"not_picked":["ClowCardTheStorm","ClowCardTheIllusion","ClowCardTheMist"],"picked":"SKIP","floor":13.0},{"not_picked":["ClowCardTheTwin","ClowCardTheReturn"],"picked":"ClowCardTheLight","floor":16.0},{"not_picked":["ClowCardTheIllusion+1","ClowCardTheRain+1"],"picked":"ClowCardTheFreeze+1","floor":18.0},{"not_picked":["ClowCardTheMirror","ClowCardTheFloat"],"picked":"ClowCardTheMove","floor":19.0},{"not_picked":["ClowCardTheWindy","ClowCardTheShadow","ClowCardTheLoop"],"picked":"SKIP","floor":20.0},{"not_picked":["ClowCardTheBig","ClowCardTheFreeze+1","ClowCardTheWave+1"],"picked":"SKIP","floor":21.0},{"not_picked":["ClowCardTheShot","ClowCardTheFloat","ClowCardTheSand"],"picked":"SKIP","floor":22.0},{"not_picked":["ClowCardTheErase+1","ClowCardTheSnow","ClowCardTheBig"],"picked":"SKIP","floor":23.0},{"not_picked":["ClowCardTheIllusion","ClowCardTheSilent","ClowCardTheWave"],"picked":"SKIP","floor":25.0},{"not_picked":["ClowCardTheShadow+1","ClowCardTheArrow","ClowCardTheMirror+1"],"picked":"SKIP","floor":27.0},{"not_picked":["ClowCardTheSand","ClowCardTheLibra","ClowCardTheLock"],"picked":"SKIP","floor":30.0},{"not_picked":["ClowCardTheFlower+1","ClowCardTheGlow+1","ClowCardTheFly"],"picked":"SKIP","floor":18.0},{"not_picked":["ClowCardTheSilent","ClowCardTheRain","ClowCardTheSleep"],"picked":"SKIP","floor":19.0},{"not_picked":["ClowCardTheBubbles","ClowCardTheFly","ClowCardTheChange+1"],"picked":"SKIP","floor":20.0},{"not_picked":["ClowCardTheErase","ClowCardTheSweet","ClowCardTheMist"],"picked":"SKIP","floor":21.0},{"not_picked":["ClowCardTheLibra","ClowCardTheJump","ClowCardTheMove"],"picked":"SKIP","floor":22.0},{"not_picked":["ClowCardTheReturn","ClowCardThePower","ClowCardTheChange"],"picked":"SKIP","floor":24.0},{"not_picked":["ClowCardTheWave+1","ClowCardTheBubbles","ClowCardTheSong+1"],"picked":"SKIP","floor":25.0},{"not_picked":["ClowCardTheCloud","ClowCardTheDream","ClowCardTheMove"],"picked":"SKIP","floor":27},{"not_picked":["ClowCardTheSnow","ClowCardTheStorm","ClowCardTheShot+1"],"picked":"SKIP","floor":31},{"not_picked":["ClowCardTheReturn","ClowCardTheDark"],"picked":"ClowCardTheFight","floor":33},{"not_picked":["ClowCardTheArrow","ClowCardTheDream","ClowCardTheLock"],"picked":"SKIP","floor":35},{"not_picked":["ClowCardTheSleep","ClowCardTheCloud+1","ClowCardTheMist"],"picked":"SKIP","floor":36},{"not_picked":["ClowCardTheBig","ClowCardTheIllusion","ClowCardTheMaze"],"picked":"SKIP","floor":39},{"not_picked":["ClowCardTheSweet","ClowCardTheShadow+1","ClowCardTheStorm"],"picked":"SKIP","floor":40},{"not_picked":["ClowCardThePower+1","ClowCardTheVoice","ClowCardTheSnow+1"],"picked":"SKIP","floor":42},{"not_picked":["ClowCardTheGlow","ClowCardTheVoice","ClowCardTheStorm+1"],"picked":"SKIP","floor":44},{"not_picked":["ClowCardTheSilent","ClowCardTheIllusion"],"picked":"ClowCardTheTwin","floor":45},{"not_picked":["ClowCardTheLittle","ClowCardTheFight","ClowCardTheBig"],"picked":"SKIP","floor":48}],"player_experience":825113,"relics_obtained":[{"floor":1.0,"key":"LetterFromLob"},{"floor":6.0,"key":"Whetstone"},{"floor":8.0,"key":"BookOfRevelations"},{"floor":9.0,"key":"Blue Candle"},{"floor":12.0,"key":"KSMOD_TeddyBear"},{"floor":14.0,"key":"Orichalcum"},{"floor":20.0,"key":"Mercury Hourglass"},{"floor":23.0,"key":"Nunchaku"},{"floor":25.0,"key":"ForgetMeNow"},{"floor":26.0,"key":"Bronze Scales"},{"floor":1.0,"key":"LetterFromLob"},{"floor":6.0,"key":"InkBottle"},{"floor":8.0,"key":"Pear"},{"floor":9.0,"key":"PreservedInsect"},{"floor":13.0,"key":"Pantograph"},{"floor":23.0,"key":"Bottled Tornado"},{"floor":26.0,"key":"Strawberry"},{"floor":27.0,"key":"MealTicket"},{"floor":24.0,"key":"Meat on the Bone"},{"floor":26.0,"key":"HornCleat"},{"floor":27,"key":"KSMOD_TaoistSuit"},{"floor":31,"key":"The Courier"},{"floor":40,"key":"HollowMod:StagPassRelic"},{"floor":43,"key":"Ornamental Fan"},{"floor":45,"key":"KSMOD_YukitosBentoBox"},{"floor":48,"key":"Art of War"}],"event_choices":[{"damage_healed":0.0,"max_hp_gain":5.0,"max_hp_loss":0.0,"gold_gain":0.0,"event_name":"Forgotten Altar","player_choice":"Shed Blood","floor":19.0,"gold_loss":0.0,"damage_taken":16.0},{"damage_healed":0.0,"max_hp_gain":0.0,"max_hp_loss":0.0,"gold_gain":51.0,"event_name":"Golden Wing","player_choice":"Gained Gold","floor":4.0,"gold_loss":0.0,"damage_taken":0.0},{"damage_healed":0.0,"max_hp_gain":0.0,"max_hp_loss":0.0,"gold_gain":0.0,"event_name":"Vampires","player_choice":"Ignored","floor":29.0,"gold_loss":0.0,"damage_taken":0.0}],"is_beta":false,"boss_relics":[{"not_picked":["SacredBark","Runic Dome"],"picked":"Velvet Choker"},{"not_picked":[]},{"not_picked":["Runic Pyramid","Empty Cage"],"picked":"Sozu"},{"not_picked":[]},{"not_picked":["Philosopher\u0027s Stone","Calling Bell"],"picked":"SlaversCollar"},{"not_picked":[]}],"items_purged_floors":[],"is_endless":false,"potions_floor_spawned":[1,4,6,11,13,16,20,21,22,27,1,8,19,21,22,30,18,20,24,25,33,36,39,42,44],"ascension_level":5}}