{"host":"icrrc9b69c1a6188","time":1609479496,"event":{"mods":["Act Like it!","BaseMod","Bestiary","Better Altar","Better Match","Better Note","Better Sensory Stone","Better Skull","Better Third Choice","Block Reminder","Colored Map","Colored Powertips","Curses Come First","Displayed Cursed Tome","Faster Ascension Climbing","HexUI Lib","Jorbs\u0027s Wanderer Trilogy","Minty Spire (QoL Compilation)","Quick Restart","RNG Fix","Random Character Mod","Rare Cards Sparkle","Spicy Shops","StSLib","Unceasing Turn Reminder"],"gold_per_floor":[117,132,148,164,2,29,29,59,84,84,119,119,138,152,152,152,152],"floor_reached":16,"playtime":581,"items_purged":[],"score":244,"play_id":"52d7cd5f-d6f1-4334-9c30-b8b77a534ae2","local_time":"20201231233816","is_ascension_mode":true,"campfire_choices":[{"data":"Body Slam","floor":7,"key":"SMITH"},{"data":"True Grit","floor":10,"key":"SMITH"},{"data":"Juggernaut","floor":15,"key":"SMITH"}],"circlet_count":0,"master_deck":["AscendersBane","Strike_R","Strike_R","Strike_R","Strike_R","Strike_R","Defend_R","Defend_R","Defend_R","Defend_R","Bash","Wild Strike","Ghostly Armor","Juggernaut+1","Sentinel","Juggernaut","Body Slam+1","True Grit+1","Intimidate","Ghostly Armor"],"relics":["Burning Blood","Torii","DollysMirror","Darkstone Periapt","Pear","Regal Pillow","Happy Flower"],"acts_visited":["Exordium"],"potions_floor_usage":[6,8,8,13,16],"damage_taken":[{"damage":8,"enemies":"2 Louse","floor":1,"turns":5},{"damage":1,"enemies":"Jaw Worm","floor":2,"turns":3},{"damage":1,"enemies":"Cultist","floor":3,"turns":4},{"damage":2,"enemies":"Blue Slaver","floor":4,"turns":5},{"damage":11,"enemies":"Lagavulin","floor":6,"turns":6},{"damage":20,"enemies":"Gremlin Nob","floor":8,"turns":4},{"damage":19,"enemies":"Lagavulin","floor":11,"turns":8},{"damage":8,"enemies":"Exordium Wildlife","floor":13,"turns":5},{"damage":15,"enemies":"Large Slime","floor":14,"turns":4},{"damage":30,"enemies":"The Guardian","floor":16,"turns":5}],"seed_played":"8624187610314379630","potions_obtained":[{"floor":2,"key":"Block Potion"},{"floor":3,"key":"Block Potion"},{"floor":6,"key":"CultistPotion"},{"floor":11,"key":"SkillPotion"},{"floor":13,"key":"PowerPotion"}],"is_trial":false,"path_per_floor":["M","M","M","M","$","E","R","E","T","R","E","?","M","M","R","B"],"character_chosen":"IRONCLAD","items_purchased":["DollysMirror"],"campfire_rested":0,"item_purchase_floors":[5],"current_hp_per_floor":[48,53,58,62,62,57,57,53,53,53,40,40,38,29,29,0,0],"gold":152,"neow_bonus":"ONE_RARE_RELIC","is_daily":false,"chose_seed":false,"campfire_upgraded":3,"win_rate":0.0,"timestamp":1609479496,"path_taken":["M","M","M","M","$","E","R","E","T","R","E","?","M","M","R","BOSS"],"items_purchased_type":["Relic"],"build_version":"2020-12-22","purchased_purges":0,"victory":false,"max_hp_per_floor":[75,75,75,75,75,75,75,85,85,85,85,85,85,85,85,85,85],"card_choices":[{"not_picked":["Clothesline","Heavy Blade"],"picked":"Wild Strike","floor":1},{"not_picked":["Havoc","Infernal Blade"],"picked":"Ghostly Armor","floor":2},{"not_picked":["Armaments","Thunderclap"],"picked":"Juggernaut","floor":3},{"not_picked":["Havoc","Perfected Strike"],"picked":"Sentinel","floor":4},{"not_picked":["Fiend Fire","Rupture"],"picked":"Body Slam","floor":6},{"not_picked":["Twin Strike","Perfected Strike"],"picked":"True Grit","floor":8},{"not_picked":["Bludgeon","Warcry"],"picked":"Intimidate","floor":11},{"not_picked":["Twin Strike","Dark Embrace"],"picked":"Ghostly Armor","floor":13},{"not_picked":["Pommel Strike","Wild Strike","Thunderclap"],"picked":"SKIP","floor":14}],"player_experience":716575,"relics_obtained":[{"floor":6,"key":"Darkstone Periapt"},{"floor":8,"key":"Pear"},{"floor":9,"key":"Regal Pillow"},{"floor":11,"key":"Happy Flower"}],"event_choices":[{"damage_healed":0,"gold_gain":0,"player_choice":"Ignored","damage_taken":119,"max_hp_gain":0,"max_hp_loss":0,"event_name":"betterThird:BetterSerpent","floor":12,"gold_loss":0}],"is_beta":false,"boss_relics":[],"items_purged_floors":[],"is_endless":false,"potions_floor_spawned":[2,3,6,11,13],"killed_by":"The Guardian","ascension_level":20}}