{"host":"mttmnrdvbvzz8cuy","time":1609517870,"event":{"mods":["BaseMod","Bestiary","Better Altar","Better Note","Better Sensory Stone","Better Skull","BetterRewards","Colored Map","Colored Powertips","Highlight Path","Minty Spire (QoL Compilation)","StSLib"],"gold_per_floor":[112,126,140,158,433,433,460,20,92,122,138,138,153,165,165,262,262,272,287,306,306,306,306,62,92,92,92,92,109,109,109,109],"floor_reached":31,"playtime":1226,"items_purged":["Strike_B","Strike_B"],"score":307,"play_id":"a0563476-2635-417a-a963-4b09f67d5300","local_time":"20210102031750","is_ascension_mode":true,"campfire_choices":[{"data":"Go for the Eyes","floor":6,"key":"SMITH"},{"data":"Defragment","floor":12,"key":"SMITH"},{"floor":15,"key":"REST"},{"floor":23,"key":"REST"},{"floor":27,"key":"REST"}],"circlet_count":0,"master_deck":["Defend_B+1","Defend_B+1","Defend_B+1","Defend_B+1","Zap","Dualcast","Go for the Eyes+1","Ball Lightning","Sweeping Beam","Cold Snap","Regret","Glacier","Defragment+1","Aggregate+1","Rip and Tear","Glacier","Gash","Defragment","Compile Driver","Multi-Cast","BootSequence","Ball Lightning+1","Barrage","Leap","Conserve Battery+1","Echo Form","Aggregate","Ball Lightning","Barrage","Capacitor","Hologram"],"relics":["Cracked Core","NeowsBlessing","Prayer Wheel","Boot","Tiny Chest","Bottled Tornado","Potion Belt","Runic Pyramid","War Paint","Nunchaku","Bronze Scales","Letter Opener"],"acts_visited":["Exordium","TheCity"],"potions_floor_usage":[25,25,29,29,29],"damage_taken":[{"damage":0,"enemies":"Small Slimes","floor":1,"turns":1},{"damage":0,"enemies":"Cultist","floor":2,"turns":1},{"damage":0,"enemies":"Jaw Worm","floor":3,"turns":1},{"damage":0,"enemies":"Large Slime","floor":4,"turns":4},{"damage":31,"enemies":"Gremlin Nob","floor":7,"turns":4},{"damage":8,"enemies":"3 Sentries","floor":10,"turns":6},{"damage":8,"enemies":"Looter","floor":11,"turns":3},{"damage":0,"enemies":"2 Fungi Beasts","floor":13,"turns":3},{"damage":3,"enemies":"Exordium Thugs","floor":14,"turns":3},{"damage":12,"enemies":"Slime Boss","floor":16,"turns":8},{"damage":20,"enemies":"3 Byrds","floor":18,"turns":3},{"damage":32,"enemies":"2 Thieves","floor":19,"turns":4},{"damage":0,"enemies":"Snake Plant","floor":20,"turns":4},{"damage":23,"enemies":"Book of Stabbing","floor":25,"turns":6},{"damage":26,"enemies":"3 Cultists","floor":29,"turns":5},{"damage":9,"enemies":"Shelled Parasite and Fungi","floor":31,"turns":2}],"seed_played":"5602154187244030913","potions_obtained":[{"floor":3,"key":"Swift Potion"},{"floor":4,"key":"ColorlessPotion"},{"floor":7,"key":"Energy Potion"},{"floor":14,"key":"DistilledChaos"},{"floor":16,"key":"GamblersBrew"},{"floor":20,"key":"ColorlessPotion"},{"floor":25,"key":"PotionOfCapacity"}],"is_trial":false,"path_per_floor":["M","M","M","M","?","R","E","$","T","E","M","R","M","M","R","B",null,"M","M","M","?","?","R","$","E","T","R","T","M","?","M"],"character_chosen":"DEFECT","items_purchased":["Boot","Tiny Chest","Defragment","War Paint"],"campfire_rested":3,"item_purchase_floors":[8,8,8,24],"current_hp_per_floor":[75,75,75,75,75,75,44,44,44,36,28,28,28,25,47,35,75,55,23,23,8,8,30,30,7,7,29,29,3,3,0,0],"gold":109,"neow_bonus":"THREE_ENEMY_KILL","is_daily":false,"chose_seed":false,"campfire_upgraded":2,"win_rate":0.0,"timestamp":1609517870,"path_taken":["M","M","M","M","?","R","E","$","T","E","M","R","M","?","R","BOSS","M","M","M","?","?","R","$","E","T","R","?","M","?","M"],"items_purchased_type":["Relic","Relic","Card","Relic"],"build_version":"2020-12-22","purchased_purges":2,"victory":false,"max_hp_per_floor":[75,75,75,75,75,75,75,75,75,75,75,75,75,75,75,75,75,75,75,75,75,75,75,75,75,75,75,75,75,75,75,75],"card_choices":[{"not_picked":["Ball Lightning","Leap"],"picked":"Go for the Eyes","floor":1},{"not_picked":["Recycle","White Noise"],"picked":"Ball Lightning","floor":2},{"not_picked":["Melter","Turbo"],"picked":"Sweeping Beam","floor":3},{"not_picked":["Genetic Algorithm","Stack"],"picked":"Cold Snap","floor":4},{"not_picked":["Beam Cell","Static Discharge"],"picked":"Glacier","floor":7},{"not_picked":["Sweeping Beam","Hologram"],"picked":"Aggregate","floor":10},{"not_picked":["White Noise","Reprogram"],"picked":"Rip and Tear","floor":11},{"not_picked":["Redo","Turbo"],"picked":"Glacier","floor":11},{"not_picked":["Redo","Hologram"],"picked":"Gash","floor":13},{"not_picked":["Redo","Compile Driver"],"picked":"Defragment","floor":13},{"not_picked":["Coolheaded","Double Energy"],"picked":"Compile Driver","floor":14},{"not_picked":["Go for the Eyes","Lockon","Leap"],"picked":"SKIP","floor":14},{"not_picked":["Amplify","Biased Cognition"],"picked":"Multi-Cast","floor":16},{"not_picked":["Darkness","Steam+1"],"picked":"BootSequence","floor":18},{"not_picked":["Auto Shields","Double Energy"],"picked":"Ball Lightning+1","floor":18},{"not_picked":["Streamline","Genetic Algorithm+1"],"picked":"Barrage","floor":19},{"not_picked":["Undo","Chaos"],"picked":"Leap","floor":19},{"not_picked":["Leap","Sweeping Beam"],"picked":"Conserve Battery+1","floor":20},{"not_picked":["Rebound","FTL","Coolheaded"],"picked":"SKIP","floor":20},{"not_picked":["Rebound","Leap"],"picked":"Barrage","floor":25},{"not_picked":["Skim+1","Barrage+1"],"picked":"Capacitor","floor":29},{"not_picked":["Steam","Double Energy"],"picked":"Hologram","floor":29}],"player_experience":160203,"relics_obtained":[{"floor":7,"key":"Prayer Wheel"},{"floor":9,"key":"Bottled Tornado"},{"floor":10,"key":"Potion Belt"},{"floor":25,"key":"Nunchaku"},{"floor":26,"key":"Bronze Scales"},{"floor":28,"key":"Letter Opener"}],"event_choices":[{"damage_healed":0,"gold_gain":275,"player_choice":"Desecrate","damage_taken":0,"max_hp_gain":0,"max_hp_loss":0,"event_name":"Golden Shrine","floor":5,"gold_loss":0,"cards_obtained":["Regret"]},{"damage_healed":0,"gold_gain":2,"player_choice":"2","damage_taken":0,"max_hp_gain":0,"max_hp_loss":15,"event_name":"betterStone:BetterStone","floor":21,"gold_loss":0},{"damage_healed":0,"gold_gain":0,"cards_transformed":["Strike_B","Strike_B"],"player_choice":"Became Test Subject","damage_taken":0,"max_hp_gain":0,"max_hp_loss":0,"event_name":"Drug Dealer","floor":22,"gold_loss":0,"cards_obtained":["Aggregate","Ball Lightning"]},{"damage_healed":0,"gold_gain":0,"player_choice":"Simplicity","damage_taken":0,"max_hp_gain":0,"max_hp_loss":0,"event_name":"Back to Basics","floor":30,"gold_loss":0,"cards_upgraded":["Defend_B","Defend_B","Defend_B"]}],"is_beta":false,"boss_relics":[{"not_picked":["Astrolabe","Sozu"],"picked":"Runic Pyramid"}],"items_purged_floors":[8,24],"is_endless":false,"potions_floor_spawned":[3,4,7,14,16,19,20,25],"killed_by":"Shelled Parasite and Fungi","ascension_level":3}}