{"host":"0cm5wy4nhuju7tij","time":1609467491,"event":{"mods":["2.2 Compatiblity","AchievementEnabler","Arknights The Spire","Aspiration","BaseMod","Better Third Choice","BetterRewards","CCEM","CapriCore","Colored Powertips","Custom Start","Displayed Cursed Tome","Downfall","Energized Spire","Evolution","Filter the Spire","Fireblade Mod","Highlight Path","Jess\u0027s Bottle","Minty Spire (QoL Compilation)","Permanent Neow","Relic Stats","Shop Mod","Spicy Shops","StSLib","The Servant 0.9.4"],"gold_per_floor":[110,122,122,136,148,182,182,224,263,263,298,324,324,1,1,1,1],"floor_reached":16,"playtime":1247,"items_purged":["ats:Strike V","ats:Strike G"],"score":104,"play_id":"4c86f402-7f19-4456-b0ac-723dc7de6523","local_time":"20201231211811","is_ascension_mode":false,"campfire_choices":[{"floor":7,"key":"REST"},{"data":"ats:Overload","floor":10,"key":"SMITH"},{"floor":13,"key":"REST"},{"data":"ats:Healing Strengthening","floor":15,"key":"SMITH"}],"circlet_count":0,"master_deck":["ats:Strike C","ats:Strike S","ats:Armor Crushing Shot+1","ats:Defend","ats:Defend","ats:Defend","ats:Defend","ats:Emotion Absorption","ats:Powerful Strike","ats:Very Hot Blade","ats:Ignite","ats:Overload+1","ats:Poison Spread","ats:Blood Oath","ats:Healing Strengthening","ats:Apocalypse","ats:Healing Strengthening+1","ats:Explosion Area Strengthen"],"relics":["ats:Sanity","EVO:Axolotl","ats:Originium","ats:Gyao","Centennial Puzzle"],"acts_visited":["Exordium"],"potions_floor_usage":[16],"damage_taken":[{"damage":0,"enemies":"Small Slimes","floor":1,"turns":4},{"damage":0,"enemies":"Cultist","floor":2,"turns":3},{"damage":1,"enemies":"2 Louse","floor":4,"turns":4},{"damage":1,"enemies":"Exordium Thugs","floor":5,"turns":4},{"damage":34,"enemies":"3 Sentries","floor":6,"turns":7},{"damage":5,"enemies":"Looter","floor":8,"turns":3},{"damage":14,"enemies":"3 Louse","floor":11,"turns":4},{"damage":11,"enemies":"2 Fungi Beasts","floor":12,"turns":3},{"damage":72,"enemies":"Hexaghost","floor":16,"turns":9}],"seed_played":"9152522844661388324","potions_obtained":[{"floor":1,"key":"Slimebound:ThreeZeroPotion"},{"floor":2,"key":"Dexterity Potion"},{"floor":8,"key":"SpeedPotion"}],"is_trial":false,"path_per_floor":["M","M","?","M","M","E","R","M","T","R","M","M","R","$","R","B"],"character_chosen":"DOCTOR_CLASS","items_purchased":["ats:Apocalypse","ats:Healing Strengthening","ats:Explosion Area Strengthen"],"campfire_rested":2,"item_purchase_floors":[14,14,14],"current_hp_per_floor":[72,72,72,71,70,36,57,52,52,52,38,30,51,51,51,0,0],"gold":1,"neow_bonus":"UPGRADE_CARD","is_daily":false,"chose_seed":false,"campfire_upgraded":2,"win_rate":0.0,"timestamp":1609467491,"path_taken":["M","M","?","M","?","E","R","M","T","R","M","M","R","$","R","BOSS"],"items_purchased_type":["Card","Card","Card"],"build_version":"2020-12-22","purchased_purges":2,"victory":false,"max_hp_per_floor":[72,72,72,72,72,72,72,72,72,72,72,72,72,72,72,72,72],"relic_stats":{"Centennial Puzzle":[9],"counters":[9,41],"obtain_stats":[{"Centennial Puzzle":9,"ats:Originium":6,"EVO:Axolotl":0,"ats:Sanity":0,"ats:Gyao":6},{"Centennial Puzzle":6,"ats:Originium":5,"EVO:Axolotl":0,"ats:Sanity":0,"ats:Gyao":5},{"Centennial Puzzle":25,"ats:Originium":22,"EVO:Axolotl":0,"ats:Sanity":0,"ats:Gyao":22}]},"card_choices":[{"not_picked":["ats:Powerful Strike","ats:Curse Doll"],"picked":"ats:Cat Scratch","floor":1},{"not_picked":["ats:Burning Ground","ats:Revitalization"],"picked":"ats:Powerful Strike","floor":2},{"not_picked":["ats:Hammer On","ats:Curse Doll"],"picked":"ats:Very Hot Blade","floor":4},{"not_picked":["ats:Defend Order","ats:Demon Strength"],"picked":"ats:Ignite","floor":5},{"not_picked":["ats:Directed Diagnosis","ats:Hook Shot"],"picked":"ats:Overload","floor":6},{"not_picked":["ats:Guardian Obelisk","ats:Hammer On"],"picked":"ats:Poison Spread","floor":8},{"not_picked":["ats:Flexible Camouflage","ats:Ignite"],"picked":"ats:Blood Oath","floor":11},{"not_picked":["ats:Rat Pack","ats:Cat Scratch"],"picked":"ats:Healing Strengthening","floor":12}],"player_experience":223227,"relics_obtained":[{"floor":6,"key":"ats:Originium"},{"floor":6,"key":"ats:Gyao"},{"floor":9,"key":"Centennial Puzzle"}],"event_choices":[{"cards_removed":["ats:Cat Scratch"],"damage_healed":5,"gold_gain":0,"player_choice":"Offered Common","damage_taken":0,"max_hp_gain":0,"max_hp_loss":0,"event_name":"Bonfire Elementals","floor":3,"gold_loss":0},{"cards_removed":["ats:Cat Scratch"],"damage_healed":5,"gold_gain":0,"player_choice":"Offered Special","damage_taken":0,"max_hp_gain":0,"max_hp_loss":0,"event_name":"Bonfire Elementals","floor":3,"gold_loss":0}],"is_beta":false,"boss_relics":[],"items_purged_floors":[14,14],"is_endless":false,"potions_floor_spawned":[1,2,8],"killed_by":"Hexaghost","ascension_level":0}}