{"host":"lhth1efayex2023z","time":1609543981,"event":{"mods":["BaseMod","Colored Map","Googly Eyes","Minty Spire (QoL Compilation)","StSLib"],"gold_per_floor":[113,126,126,126,126,126,141,141,141,141,168,182,2,2,2,73,73,87,100,113,38,38,73,85,125,137,149,195,224,252,264,276,366,378,400,412,444,466,478,490,490],"floor_reached":40,"playtime":1562,"items_purged":["Strike_G"],"score":774,"play_id":"aaf51e9a-11c9-490b-a5c4-63ec88baeca4","local_time":"20210101163301","is_ascension_mode":true,"campfire_choices":[{"data":"1","floor":6.0,"key":"LIFT"},{"data":"2","floor":8.0,"key":"LIFT"},{"floor":10.0,"key":"REST"},{"data":"3","floor":15.0,"key":"LIFT"},{"data":"Footwork","floor":24.0,"key":"SMITH"},{"data":"Cloak And Dagger","floor":27.0,"key":"SMITH"},{"data":"Footwork","floor":32.0,"key":"SMITH"}],"circlet_count":0,"master_deck":["AscendersBane","Defend_G","Defend_G","Defend_G","Survivor","Neutralize","Adrenaline","Finisher","Dodge and Roll","Dagger Spray+1","Footwork+1","Infinite Blades","Adrenaline","Footwork+1","Caltrops","Cloak And Dagger+1","Flechettes+1","Cloak And Dagger","Deflect+1"],"relics":["Ring of the Snake","Mummified Hand","Girya","Meat on the Bone","Molten Egg 2","Vajra","Black Star","MawBank","Boot","Centennial Puzzle","Letter Opener","Frozen Egg 2","Ancient Tea Set","MealTicket","Empty Cage"],"acts_visited":["Exordium","TheCity","TheBeyond"],"potions_floor_usage":[],"damage_taken":[{"damage":0.0,"enemies":"Jaw Worm","floor":1.0,"turns":6.0},{"damage":1.0,"enemies":"Cultist","floor":2.0,"turns":4.0},{"damage":0.0,"enemies":"2 Louse","floor":7.0,"turns":3.0},{"damage":27.0,"enemies":"Lagavulin","floor":11.0,"turns":8.0},{"damage":0.0,"enemies":"Gremlin Gang","floor":12.0,"turns":1.0},{"damage":12.0,"enemies":"Hexaghost","floor":16.0,"turns":9.0},{"damage":0.0,"enemies":"Shell Parasite","floor":18.0,"turns":4.0},{"damage":0.0,"enemies":"Chosen","floor":19.0,"turns":3.0},{"damage":23.0,"enemies":"Shelled Parasite and Fungi","floor":20.0,"turns":6.0},{"damage":8.0,"enemies":"Gremlin Leader","floor":23.0,"turns":7.0},{"damage":14.0,"enemies":"Slavers","floor":25.0,"turns":5.0},{"damage":0.0,"enemies":"Gremlin Leader","floor":28.0,"turns":6.0},{"damage":3.0,"enemies":"Centurion and Healer","floor":29.0,"turns":4.0},{"damage":0.0,"enemies":"Cultist and Chosen","floor":30.0,"turns":4.0},{"damage":31.0,"enemies":"Automaton","floor":33.0,"turns":7.0},{"damage":5.0,"enemies":"3 Shapes","floor":35.0,"turns":5.0},{"damage":0.0,"enemies":"Orb Walker","floor":37.0,"turns":2.0},{"damage":19.0,"enemies":"Maw","floor":38.0,"turns":7.0},{"damage":50,"enemies":"Nemesis","floor":40,"turns":10}],"seed_played":"1696882563311905882","potions_obtained":[{"floor":1.0,"key":"Explosive Potion"},{"floor":16.0,"key":"BlessingOfTheForge"},{"floor":20.0,"key":"Weak Potion"},{"floor":25.0,"key":"SkillPotion"},{"floor":28.0,"key":"CunningPotion"},{"floor":33.0,"key":"LiquidBronze"},{"floor":35.0,"key":"SkillPotion"}],"is_trial":false,"path_per_floor":["M","M","?","T","?","R","M","R","T","R","E","M","$","?","R","B",null,"M","M","M","$","?","E","R","E","T","R","E","M","M","?","R","B",null,"M","?","M","M","?","E"],"character_chosen":"THE_SILENT","items_purchased":["Infinite Blades","Vajra"],"campfire_rested":1,"item_purchase_floors":[13,13],"current_hp_per_floor":[45,44,37,37,12,12,12,12,12,33,18,30,30,30,30,30,60,60,60,37,37,24,28,28,26,26,26,38,47,47,47,47,28,63,58,58,58,39,39,0,0],"gold":490,"neow_bonus":"THREE_RARE_CARDS","is_daily":false,"chose_seed":false,"campfire_upgraded":3,"win_rate":0.0,"timestamp":1609543981,"path_taken":["M","M","?","?","?","R","?","R","T","R","E","?","$","?","R","BOSS","M","M","?","$","?","E","R","E","T","R","E","M","M","?","R","BOSS","M","?","?","M","?","E"],"items_purchased_type":["Card","Relic"],"build_version":"2020-12-22","purchased_purges":1,"victory":false,"max_hp_per_floor":[70,70,70,70,70,70,70,70,70,70,70,70,70,70,70,70,70,70,70,70,70,75,75,75,75,75,75,75,75,75,75,75,75,75,75,75,75,75,75,75,75],"card_choices":[{"not_picked":["Night Terror","Wraith Form v2"],"picked":"Adrenaline","floor":0.0},{"not_picked":["Setup","Slice"],"picked":"Finisher","floor":1.0},{"not_picked":["Concentrate","Acrobatics","Heel Hook"],"picked":"SKIP","floor":2.0},{"not_picked":["Skewer","PiercingWail"],"picked":"Dodge and Roll","floor":7.0},{"not_picked":["Well Laid Plans","Tools of the Trade"],"picked":"Dagger Spray+1","floor":11.0},{"not_picked":["Flying Knee+1","Dodge and Roll"],"picked":"Footwork","floor":12.0},{"not_picked":["Malaise","Night Terror"],"picked":"Adrenaline","floor":16.0},{"not_picked":["Dagger Throw+1","Quick Slash+1","Noxious Fumes"],"picked":"SKIP","floor":18.0},{"not_picked":["Blade Dance","Deadly Poison"],"picked":"Footwork","floor":19.0},{"not_picked":["Flying Knee+1","Noxious Fumes"],"picked":"Caltrops","floor":20.0},{"not_picked":["Deflect","Calculated Gamble","All Out Attack+1"],"picked":"SKIP","floor":23.0},{"not_picked":["A Thousand Cuts","Sucker Punch+1"],"picked":"Cloak And Dagger","floor":25.0},{"not_picked":["Outmaneuver","Acrobatics","Dash+1"],"picked":"SKIP","floor":28.0},{"not_picked":["Noxious Fumes+1","Expertise"],"picked":"Flechettes+1","floor":29.0},{"not_picked":["Quick Slash+1","Flechettes+1","Reflex"],"picked":"SKIP","floor":30.0},{"not_picked":["Underhanded Strike+1","Setup+1"],"picked":"Cloak And Dagger","floor":35.0},{"not_picked":["Outmaneuver+1","Deadly Poison","Poisoned Stab+1"],"picked":"SKIP","floor":37.0},{"not_picked":["Reflex","Dodge and Roll"],"picked":"Deflect+1","floor":38.0}],"player_experience":434062,"relics_obtained":[{"floor":4.0,"key":"Mummified Hand"},{"floor":9.0,"key":"Meat on the Bone"},{"floor":11.0,"key":"Molten Egg 2"},{"floor":23.0,"key":"MawBank"},{"floor":23.0,"key":"Boot"},{"floor":25.0,"key":"Centennial Puzzle"},{"floor":25.0,"key":"Letter Opener"},{"floor":26.0,"key":"Frozen Egg 2"},{"floor":28.0,"key":"Ancient Tea Set"},{"floor":28.0,"key":"MealTicket"}],"event_choices":[{"cards_removed":["Strike_G"],"damage_healed":0.0,"max_hp_gain":0.0,"max_hp_loss":0.0,"gold_gain":0.0,"event_name":"Golden Wing","player_choice":"Card Removal","floor":3.0,"gold_loss":0.0,"damage_taken":7.0},{"damage_healed":0.0,"max_hp_gain":0.0,"max_hp_loss":0.0,"gold_gain":0.0,"event_name":"Scrap Ooze","player_choice":"Success","floor":5.0,"gold_loss":0.0,"damage_taken":25.0,"relics_obtained":["Girya"]},{"damage_healed":0.0,"max_hp_gain":0.0,"max_hp_loss":0.0,"gold_gain":0.0,"event_name":"Transmorgrifier","player_choice":"Ignored","floor":14.0,"gold_loss":0.0,"damage_taken":0.0},{"damage_healed":0.0,"max_hp_gain":5.0,"max_hp_loss":0.0,"gold_gain":0.0,"event_name":"Forgotten Altar","player_choice":"Shed Blood","floor":22.0,"gold_loss":0.0,"damage_taken":18.0},{"cards_removed":["Strike_G"],"damage_healed":0.0,"max_hp_gain":0.0,"max_hp_loss":0.0,"gold_gain":0.0,"event_name":"Purifier","player_choice":"Purged","floor":31.0,"gold_loss":0.0,"damage_taken":0.0},{"cards_removed":["Defend_G"],"damage_healed":0.0,"max_hp_gain":0.0,"max_hp_loss":0.0,"gold_gain":0.0,"event_name":"Purifier","player_choice":"Purged","floor":36.0,"gold_loss":0.0,"damage_taken":0.0},{"cards_removed":["Defend_G"],"damage_healed":0,"gold_gain":0,"player_choice":"Purged","damage_taken":0,"max_hp_gain":0,"max_hp_loss":0,"event_name":"Purifier","floor":39,"gold_loss":0}],"is_beta":false,"boss_relics":[{"not_picked":["Busted Crown","HoveringKite"],"picked":"Black Star"},{"not_picked":["Cursed Key","Coffee Dripper"],"picked":"Empty Cage"}],"items_purged_floors":[21],"is_endless":false,"potions_floor_spawned":[1,16,20,25,28,30,33,35],"killed_by":"Nemesis","ascension_level":13}}