{"host":"jm9833yuloeli2yd","time":1609467448,"event":{"mods":["AchievementEnabler","BaseMod","Better Altar","Better Match","Better Note","Better Sensory Stone","Better Skull","Better Third Choice","Better Vampires","BetterRewards","Colored Map","Colored Powertips","DeckTracker","Marked Mod","Minty Spire (QoL Compilation)","Permanent Neow","Quick Restart","StSLib","SuperFastMode"],"gold_per_floor":[111,111,111,25,25,25,64,102,102,136,136,151,174,174,174,268,268,283,283,136,156,209,249,8,8,35,66,97,112,112,156,156,250,250,269,269,269,289,184,219,240,42,66,91,105,128,164,178,178,178,178,178,178,3,44,44],"floor_reached":57,"playtime":2442,"items_purged":["Strike_B","Defend_B","Defend_B"],"score":3658,"play_id":"6898ddaa-35b6-4f72-b41d-94aa3ec97d55","local_time":"20201231211728","is_ascension_mode":true,"campfire_choices":[{"data":"Ball Lightning","floor":6.0,"key":"SMITH"},{"floor":11.0,"key":"REST"},{"data":"Capacitor","floor":15.0,"key":"SMITH"},{"data":"Seek","floor":25.0,"key":"SMITH"},{"floor":30.0,"key":"REST"},{"floor":32.0,"key":"RECALL"},{"floor":49.0,"key":"REST"},{"floor":53.0,"key":"REST"}],"circlet_count":0,"master_deck":["AscendersBane","Defend_B","Defend_B","Zap+1","Dualcast","Apotheosis+1","Electrodynamics","Flame Barrier","Ball Lightning","Cold Snap","White Noise","Force Field","Capacitor+1","Biased Cognition","Seek+1","Double Energy+1","Fission","Capacitor","Hologram+1","Double Energy","Leap+1","Loop","Coolheaded","Echo Form","FTL+1","Multi-Cast+1","Double Energy+1","Barrage","FTL+1","Rainbow","Defragment","White Noise","Go for the Eyes+1","Chaos+1","Chill","Chaos+1","Loop","Defragment","Glacier"],"relics":["Cracked Core","Membership Card","Eternal Feather","WingedGreaves","White Beast Statue","Golden Idol","Strawberry","Singing Bowl","Ancient Tea Set","Tiny Chest","Black Star","CultistMask","Lantern","MealTicket","Symbiotic Virus","Bag of Preparation","Centennial Puzzle","Orrery","Potion Belt","InkBottle","Happy Flower","Matryoshka","War Paint","Orichalcum","Pen Nib","Astrolabe","DataDisk","Smiling Mask","Strange Spoon","PreservedInsect","Vajra","Juzu Bracelet","Dream Catcher","Omamori","HornCleat","Bird Faced Urn","Oddly Smooth Stone"],"acts_visited":["Exordium","TheCity","TheBeyond","TheEnding"],"potions_floor_usage":[56],"damage_taken":[{"damage":7.0,"enemies":"Cultist","floor":1.0,"turns":4.0},{"damage":24.0,"enemies":"Gremlin Nob","floor":7.0,"turns":4.0},{"damage":10.0,"enemies":"3 Sentries","floor":8.0,"turns":3.0},{"damage":14.0,"enemies":"Gremlin Nob","floor":10.0,"turns":4.0},{"damage":7.0,"enemies":"Jaw Worm","floor":12.0,"turns":2.0},{"damage":2.0,"enemies":"2 Louse","floor":13.0,"turns":2.0},{"damage":0.0,"enemies":"Slime Boss","floor":16.0,"turns":6.0},{"damage":4.0,"enemies":"3 Byrds","floor":18.0,"turns":3.0},{"damage":23.0,"enemies":"Shell Parasite","floor":21.0,"turns":4.0},{"damage":32.0,"enemies":"Slavers","floor":23.0,"turns":3.0},{"damage":7.0,"enemies":"Gremlin Leader","floor":27.0,"turns":6.0},{"damage":10.0,"enemies":"Slavers","floor":28.0,"turns":2.0},{"damage":27.0,"enemies":"Snecko","floor":29.0,"turns":6.0},{"damage":2.0,"enemies":"Book of Stabbing","floor":31.0,"turns":3.0},{"damage":15.0,"enemies":"Automaton","floor":33.0,"turns":6.0},{"damage":22.0,"enemies":"3 Darklings","floor":35.0,"turns":3.0},{"damage":0.0,"enemies":"3 Shapes","floor":38.0,"turns":2.0},{"damage":17.0,"enemies":"Giant Head","floor":40.0,"turns":8.0},{"damage":0.0,"enemies":"Jaw Worm Horde","floor":41.0,"turns":2.0},{"damage":0.0,"enemies":"Transient","floor":44.0,"turns":6.0},{"damage":0.0,"enemies":"Sphere and 2 Shapes","floor":45.0,"turns":6.0},{"damage":0.0,"enemies":"Reptomancer","floor":47.0,"turns":3.0},{"damage":6.0,"enemies":"Maw","floor":48.0,"turns":6.0},{"damage":27.0,"enemies":"Awakened One","floor":50.0,"turns":11.0},{"damage":84.0,"enemies":"Time Eater","floor":51.0,"turns":12.0},{"damage":10.0,"enemies":"Shield and Spear","floor":55.0,"turns":3.0},{"damage":103,"enemies":"The Heart","floor":56,"turns":11}],"seed_played":"-3420643624504179977","potions_obtained":[{"floor":1.0,"key":"LiquidMemories"},{"floor":7.0,"key":"PowerPotion"},{"floor":8.0,"key":"Weak Potion"},{"floor":10.0,"key":"BlessingOfTheForge"},{"floor":12.0,"key":"DuplicationPotion"},{"floor":13.0,"key":"PowerPotion"},{"floor":18.0,"key":"GamblersBrew"},{"floor":23.0,"key":"FairyPotion"},{"floor":27.0,"key":"Block Potion"},{"floor":28.0,"key":"LiquidBronze"},{"floor":29.0,"key":"Dexterity Potion"},{"floor":31.0,"key":"PotionOfCapacity"},{"floor":33.0,"key":"BlessingOfTheForge"},{"floor":38.0,"key":"Block Potion"},{"floor":40.0,"key":"Weak Potion"},{"floor":41.0,"key":"SpeedPotion"},{"floor":45.0,"key":"Swift Potion"},{"floor":55.0,"key":"FearPotion"}],"is_trial":false,"path_per_floor":["M","?","?","$","?","R","E","E","T","E","R","M","M","?","R","B",null,"M","?","$","M","T","E","$","R","T","E","E","M","R","E","R","B",null,"M","?","?","M","$","E","M","$","T","M","M","T","E","M","R","B","B",null,"R","$","E","B",null],"character_chosen":"DEFECT","items_purchased":["Membership Card","Eternal Feather","Apotheosis","White Beast Statue","Electrodynamics","Lantern","Strength Potion","Seek","Double Energy","Centennial Puzzle","Orrery","PowerPotion","Barrage","Defragment","Strange Spoon","White Noise","Defragment","HornCleat"],"campfire_rested":4,"item_purchase_floors":[0,0,0,0,4,20,20,24,24,24,24,39,39,42,42,42,54,54],"current_hp_per_floor":[43,43,43,43,40,49,32,22,22,8,38,31,29,29,41,41,64,62,62,62,41,41,11,26,41,41,36,28,1,40,38,56,41,71,51,51,93,95,95,78,78,93,93,93,93,93,93,87,97,70,17,77,97,97,87,14],"gold":44,"neow_bonus":"","is_daily":false,"chose_seed":false,"campfire_upgraded":3,"win_rate":0.0,"timestamp":1609467448,"path_taken":["M","?","?","$","?","R","E","E","T","E","R","M","M","?","R","BOSS","M","?","?","M","?","E","$","R","T","E","E","M","R","E","R","BOSS","M","?","?","?","$","E","M","$","T","M","M","?","E","M","R","BOSS","BOSS","R","$","E","BOSS"],"items_purchased_type":["Relic","Relic","Card","Relic","Card","Relic","Potion","Card","Card","Relic","Relic","Potion","Card","Card","Relic","Card","Card","Relic"],"build_version":"2020-12-22","purchased_purges":3,"victory":true,"max_hp_per_floor":[71,71,64,64,64,64,71,71,71,71,71,71,71,71,71,71,71,73,73,73,75,75,77,77,77,77,79,81,81,81,81,81,81,81,83,83,93,95,95,95,95,95,95,95,95,95,95,95,97,97,97,97,97,97,97,97],"card_choices":[{"not_picked":["Darkness","White Noise"],"picked":"Ball Lightning","floor":1.0},{"not_picked":["Darkness","Leap"],"picked":"Ball Lightning","floor":7.0},{"not_picked":["Reprogram","Force Field"],"picked":"Cold Snap","floor":8.0},{"not_picked":["Rebound","Gash"],"picked":"White Noise","floor":10.0},{"not_picked":["Redo","Stack"],"picked":"Force Field","floor":12.0},{"not_picked":["Steam","Hologram"],"picked":"Capacitor","floor":13.0},{"not_picked":["Dramatic Entrance","Swift Strike"],"picked":"Violence","floor":14.0},{"not_picked":["Meteor Strike","Core Surge"],"picked":"Biased Cognition","floor":16.0},{"not_picked":["Hologram","Cold Snap+1","Turbo"],"picked":"Singing Bowl","floor":18.0},{"not_picked":["Beam Cell","Coolheaded","Tempest"],"picked":"Singing Bowl","floor":21.0},{"not_picked":["Lockon","Go for the Eyes","Barrage"],"picked":"Singing Bowl","floor":23.0},{"not_picked":["Coolheaded","Thunder Strike"],"picked":"Fission","floor":24.0},{"not_picked":["Force Field","Compile Driver"],"picked":"Capacitor","floor":24.0},{"not_picked":["Barrage","Conserve Battery"],"picked":"Hologram+1","floor":24.0},{"not_picked":["BootSequence","Reprogram"],"picked":"Double Energy","floor":24.0},{"not_picked":["Sweeping Beam+1","BootSequence"],"picked":"Leap+1","floor":24.0},{"not_picked":["Hello World","Beam Cell","Gash"],"picked":"Singing Bowl","floor":27.0},{"not_picked":["Go for the Eyes","Melter+1","Compile Driver"],"picked":"Singing Bowl","floor":28.0},{"not_picked":["Blizzard","Redo"],"picked":"Loop","floor":29.0},{"not_picked":["Streamline","Darkness"],"picked":"Coolheaded","floor":31.0},{"not_picked":["Machine Learning","Rainbow"],"picked":"Echo Form","floor":33.0},{"not_picked":["Scrape","Cold Snap","Gash"],"picked":"Singing Bowl","floor":35.0},{"not_picked":["Redo","Cold Snap","Melter"],"picked":"Singing Bowl","floor":38.0},{"not_picked":["Compile Driver","Capacitor"],"picked":"FTL+1","floor":40.0},{"not_picked":["Lockon","Cold Snap"],"picked":"Rainbow","floor":41.0},{"not_picked":["Beam Cell","Turbo"],"picked":"Go for the Eyes+1","floor":44.0},{"not_picked":["Turbo+1","Gash"],"picked":"Chaos+1","floor":45.0},{"not_picked":["Compile Driver","Coolheaded+1"],"picked":"Chill","floor":47.0},{"not_picked":["Go for the Eyes","Auto Shields+1"],"picked":"Chaos+1","floor":48.0},{"not_picked":["Ball Lightning","Streamline","Beam Cell"],"picked":"Singing Bowl","floor":49.0},{"not_picked":["Turbo","Lockon"],"picked":"Loop","floor":53.0},{"not_picked":["Aggregate","Cold Snap"],"picked":"Glacier","floor":55.0}],"player_experience":1220001,"relics_obtained":[{"floor":7.0,"key":"Strawberry"},{"floor":8.0,"key":"Singing Bowl"},{"floor":9.0,"key":"Ancient Tea Set"},{"floor":10.0,"key":"Tiny Chest"},{"floor":22.0,"key":"MealTicket"},{"floor":23.0,"key":"Symbiotic Virus"},{"floor":23.0,"key":"Bag of Preparation"},{"floor":26.0,"key":"Potion Belt"},{"floor":27.0,"key":"InkBottle"},{"floor":27.0,"key":"Happy Flower"},{"floor":28.0,"key":"Matryoshka"},{"floor":28.0,"key":"War Paint"},{"floor":31.0,"key":"Orichalcum"},{"floor":31.0,"key":"Pen Nib"},{"floor":40.0,"key":"DataDisk"},{"floor":40.0,"key":"Smiling Mask"},{"floor":43.0,"key":"PreservedInsect"},{"floor":46.0,"key":"Vajra"},{"floor":46.0,"key":"Juzu Bracelet"},{"floor":47.0,"key":"Dream Catcher"},{"floor":47.0,"key":"Omamori"},{"floor":55.0,"key":"Bird Faced Urn"},{"floor":55.0,"key":"Oddly Smooth Stone"}],"event_choices":[{"damage_healed":0.0,"max_hp_gain":0.0,"max_hp_loss":0.0,"gold_gain":0.0,"event_name":"Living Wall","player_choice":"Grow","floor":2.0,"gold_loss":0.0,"damage_taken":0.0,"cards_upgraded":["Apotheosis"]},{"damage_healed":0.0,"max_hp_gain":0.0,"max_hp_loss":7.0,"gold_gain":0.0,"event_name":"Golden Idol","player_choice":"Lose Max HP","floor":3.0,"gold_loss":0.0,"damage_taken":0.0,"relics_obtained":["Golden Idol"]},{"damage_healed":0.0,"max_hp_gain":0.0,"max_hp_loss":0.0,"gold_gain":0.0,"event_name":"betterThird:BetterScrap","player_choice":"Card ","floor":5.0,"gold_loss":0.0,"damage_taken":3.0,"cards_obtained":["Flame Barrier"]},{"damage_healed":0.0,"max_hp_gain":0.0,"max_hp_loss":0.0,"gold_gain":1.0,"event_name":"betterStone:BetterStone","player_choice":"1","floor":14.0,"gold_loss":0.0,"damage_taken":0.0},{"damage_healed":0.0,"max_hp_gain":0.0,"max_hp_loss":0.0,"gold_gain":0.0,"event_name":"FaceTrader","player_choice":"Trade","floor":19.0,"gold_loss":0.0,"damage_taken":0.0,"relics_obtained":["CultistMask"]},{"cards_removed":["Ball Lightning"],"damage_healed":0.0,"max_hp_gain":0.0,"max_hp_loss":0.0,"gold_gain":0.0,"event_name":"Falling","player_choice":"Removed Attack","floor":36.0,"gold_loss":0.0,"damage_taken":0.0},{"cards_removed":["Violence"],"damage_healed":32.0,"max_hp_gain":10.0,"max_hp_loss":0.0,"gold_gain":0.0,"event_name":"Bonfire Elementals","player_choice":"Offered Rare","floor":37.0,"gold_loss":0.0,"damage_taken":0.0}],"is_beta":false,"boss_relics":[{"not_picked":["Empty Cage","Tiny House"],"picked":"Black Star"},{"not_picked":["Snecko Eye","Cursed Key"],"picked":"Astrolabe"}],"items_purged_floors":[20,39,42],"is_endless":false,"potions_floor_spawned":[1,7,8,10,12,13,16,18,21,23,27,28,29,31,33,35,38,40,41,44,45,47,48,55],"ascension_level":20}}