{"host":"8p0k1lsi5hlczive","time":1609474892,"event":{"mods":["AchievementEnabler","BaseMod","Best Route Mod","Bestiary","Better Match","Better Note","Better Skull","Better Third Choice","Block Reminder","Colored Powertips","Curses Come First","DeckTracker","Downfall","Key Reminder","Marisa????????","Minty Spire (QoL Compilation)","Permanent Neow","Prisma Mod","Quick Restart","Rare Cards Sparkle","Relic Stats","Shade Mod","StSLib","SuperFastMode","The Alterego","The Disciple","The Marked","Waifu the Spire","[JumpMod]????"],"gold_per_floor":[119,119,133,148,126,155,174,194,268,268,268,268,268,288,288,383,383,396,396,396,396,414,446,460,460,530,545,845,865,875,234,234,234,234],"floor_reached":33,"playtime":5196,"items_purged":[],"score":319,"play_id":"491e2728-8f53-4d97-be22-6e296321d0b4","local_time":"20201231222132","is_ascension_mode":false,"campfire_choices":[{"floor":12,"key":"REST"},{"floor":15,"key":"REST"},{"floor":25,"key":"REST"},{"floor":32,"key":"REST"}],"circlet_count":0,"master_deck":["Shade:Strike_Shade","Shade:Strike_Shade","Shade:Strike_Shade","Shade:Strike_Shade","Shade:Defend_Shade","Shade:Defend_Shade","Shade:Defend_Shade","Shade:Defend_Shade","Shade:AnimateDead","Shade:CarefulCut","Shade:CommandSoldier","Shade:PressTheAttack","Shade:ClawBack","Shade:SoulToxin","Shade:FuneraryArmor","Shade:Frenzy","Shade:ExtraLimbs","Shade:GreaterAnimation+1","Shade:Frenzy","Shade:AncientSpear","Shade:OminousRitual","Shade:WallOfFlesh","Shade:Frenzy+1","Shade:AncientSpear","Shade:Frenzy+1","Shade:SkeletonHug","Shade:WallOfFlesh","Shade:LichForm+1","Chrysalis","Madness"],"relics":["Shade:YorickSkull","HowToJump","betterThird:SlimedRelic","Shuriken","Gremlin Horn","Frozen Egg 2","Bottled Lightning","Black Star","Incense Burner","Meat on the Bone","Regal Pillow","Orichalcum","Bottled Flame","Old Coin","Strawberry"],"acts_visited":["Exordium","TheCity"],"potions_floor_usage":[14,33,33,33],"damage_taken":[{"damage":0,"enemies":"2 Louse","floor":1,"turns":2},{"damage":0,"enemies":"Jaw Worm","floor":3,"turns":4},{"damage":0,"enemies":"Cultist","floor":4,"turns":3},{"damage":51,"enemies":"Gremlin Nob","floor":6,"turns":5},{"damage":1,"enemies":"Blue Slaver","floor":7,"turns":4},{"damage":0,"enemies":"Looter","floor":8,"turns":3},{"damage":0,"enemies":"Lots of Slimes","floor":14,"turns":3},{"damage":19,"enemies":"Hexaghost","floor":16,"turns":15},{"damage":10,"enemies":"Shell Parasite","floor":18,"turns":9},{"damage":33,"enemies":"Spheric Guardian","floor":22,"turns":8},{"damage":35,"enemies":"Slavers","floor":23,"turns":9},{"damage":12,"enemies":"Shelled Parasite and Fungi","floor":24,"turns":9},{"damage":0,"enemies":"Cultist and Chosen","floor":27,"turns":8},{"damage":0,"enemies":"Snake Plant","floor":29,"turns":5},{"damage":0,"enemies":"3 Cultists","floor":30,"turns":4},{"damage":105,"enemies":"Automaton","floor":33,"turns":12}],"seed_played":"-6460768316297361901","potions_obtained":[{"floor":3,"key":"FearPotion"},{"floor":7,"key":"SkillPotion"},{"floor":14,"key":"Fruit Juice"},{"floor":22,"key":"ColorlessPotion"},{"floor":23,"key":"Explosive Potion"}],"is_trial":false,"path_per_floor":["M","?","M","M","?","E","M","M","T","T","?","R","T","M","R","B",null,"M","?","?","T","M","E","M","R","T","M","T","M","M","$","R","B"],"character_chosen":"SHADE","items_purchased":["Shade:SkeletonHug","Shade:WallOfFlesh","Shade:LichForm+1","Chrysalis","Madness","Strawberry"],"campfire_rested":4,"item_purchase_floors":[31,31,31,31,31,31],"current_hp_per_floor":[71,71,71,71,60,9,8,8,8,8,8,29,29,34,56,37,76,66,66,66,66,45,22,22,59,59,59,59,59,59,66,83,0,0],"gold":234,"neow_bonus":"TEN_PERCENT_HP_BONUS","is_daily":false,"chose_seed":false,"campfire_upgraded":0,"win_rate":0.0,"timestamp":1609474892,"path_taken":["M","?","M","M","?","E","M","M","T","?","?","R","?","M","R","BOSS","M","?","?","?","M","E","M","R","T","M","?","M","M","$","R","BOSS"],"items_purchased_type":["Card","Card","Card","Card","Card","Relic"],"build_version":"2020-12-22","purchased_purges":0,"victory":false,"max_hp_per_floor":[71,71,71,71,71,71,71,71,71,71,71,71,71,76,76,76,76,76,76,76,76,76,76,76,76,76,76,76,76,76,83,83,83,83],"relic_stats":{"Regal Pillow":15,"Gremlin Horn":[12,12],"counters":[16,103],"Shuriken":[4],"Black Star":1,"Orichalcum":[126],"obtain_stats":[{"Regal Pillow":23,"HowToJump":0,"Gremlin Horn":9,"Shade:YorickSkull":0,"Incense Burner":20,"Frozen Egg 2":10,"Orichalcum":23,"Old Coin":28,"Bottled Flame":26,"Shuriken":6,"betterThird:SlimedRelic":5,"Strawberry":31,"Black Star":17,"Bottled Lightning":13,"Meat on the Bone":21},{"Regal Pillow":11,"HowToJump":0,"Gremlin Horn":6,"Shade:YorickSkull":0,"Incense Burner":9,"Frozen Egg 2":6,"Orichalcum":11,"Old Coin":13,"Bottled Flame":12,"Shuriken":4,"betterThird:SlimedRelic":3,"Strawberry":15,"Black Star":8,"Bottled Lightning":6,"Meat on the Bone":9},{"Regal Pillow":65,"HowToJump":0,"Gremlin Horn":21,"Shade:YorickSkull":0,"Incense Burner":48,"Frozen Egg 2":21,"Orichalcum":65,"Old Coin":82,"Bottled Flame":74,"Shuriken":14,"betterThird:SlimedRelic":9,"Strawberry":91,"Black Star":39,"Bottled Lightning":21,"Meat on the Bone":48}],"Meat on the Bone":36},"card_choices":[{"not_picked":["Shade:Carnophage","Shade:FleshToFlesh"],"picked":"Shade:CommandSoldier","floor":1},{"not_picked":["Shade:Doomsay","Shade:Bite_Shade"],"picked":"Shade:PressTheAttack","floor":3},{"not_picked":["Shade:RavenousHorde","Shade:FleshToFlesh"],"picked":"Shade:ClawBack","floor":4},{"not_picked":["Shade:Bonestorm","Shade:ClawBack"],"picked":"Shade:SoulToxin","floor":6},{"not_picked":["Shade:GreyBargain","Shade:FeralStrike"],"picked":"Shade:FuneraryArmor","floor":7},{"not_picked":["Shade:SkeletonHug","Shade:SoulToxin"],"picked":"Shade:Frenzy","floor":8},{"not_picked":["Shade:FleshLikeOak","Shade:Premonition"],"picked":"Shade:ExtraLimbs","floor":14},{"not_picked":["Shade:Coordination+1","Shade:OneIsEnough"],"picked":"Shade:GreaterAnimation+1","floor":16},{"not_picked":["Shade:Bonestorm","Shade:ClawBack"],"picked":"Shade:Frenzy","floor":18},{"not_picked":["Shade:SoulToxin+1","Shade:Bite_Shade"],"picked":"Shade:AncientSpear","floor":22},{"not_picked":["Shade:SpectralStrikes+1","Shade:SpontaneousRitual"],"picked":"Shade:OminousRitual","floor":23},{"not_picked":["Shade:StitchTogether+1","Shade:Brains"],"picked":"Shade:WallOfFlesh","floor":24},{"not_picked":["Shade:CallOfTheGrave+1","Shade:OfferingToTheBeyond+1"],"picked":"Shade:Frenzy+1","floor":27},{"not_picked":["Shade:CoffinDance+1","Shade:Patience+1"],"picked":"Shade:AncientSpear","floor":29},{"not_picked":["Shade:CommandSoldier+1","Shade:GreyBargain"],"picked":"Shade:Frenzy+1","floor":30}],"player_experience":12729,"relics_obtained":[{"floor":6,"key":"Shuriken"},{"floor":9,"key":"Gremlin Horn"},{"floor":10,"key":"Frozen Egg 2"},{"floor":13,"key":"Bottled Lightning"},{"floor":21,"key":"Meat on the Bone"},{"floor":23,"key":"Regal Pillow"},{"floor":23,"key":"Orichalcum"},{"floor":26,"key":"Bottled Flame"},{"floor":28,"key":"Old Coin"}],"event_choices":[{"damage_healed":0,"gold_gain":0,"player_choice":"Leave","damage_taken":0,"max_hp_gain":0,"max_hp_loss":0,"event_name":"The Cleric","floor":2,"gold_loss":0},{"damage_healed":0,"gold_gain":0,"player_choice":"Slimed","damage_taken":11,"max_hp_gain":0,"max_hp_loss":0,"event_name":"betterThird:BetterGoop","floor":5,"gold_loss":22},{"damage_healed":8,"gold_gain":0,"player_choice":"Leave","damage_taken":0,"max_hp_gain":0,"max_hp_loss":71,"event_name":"betterThird:BetterShining","floor":11,"gold_loss":0},{"damage_healed":0,"gold_gain":0,"player_choice":"Ignored","damage_taken":0,"max_hp_gain":0,"max_hp_loss":0,"event_name":"betterNote:BetterNote","floor":19,"gold_loss":0,"cards_obtained":["Gash"]},{"damage_healed":0,"gold_gain":0,"player_choice":"Opened","damage_taken":0,"relics_obtained":["Incense Burner"],"max_hp_gain":0,"max_hp_loss":0,"event_name":"The Mausoleum","floor":20,"gold_loss":0}],"is_beta":false,"boss_relics":[{"not_picked":["Empty Cage","Astrolabe"],"picked":"Black Star"}],"items_purged_floors":[],"is_endless":false,"potions_floor_spawned":[3,7,14,22,23],"killed_by":"Automaton","ascension_level":0}}