{"host":"52ffv6k934cb8aj3","time":1609501839,"event":{"mods":["AchievementEnabler","BaseMod","Bestiary","Colored Map","Colored Powertips","DeckTracker","Highlight Path","Keyboard Shortcuts","Minty Spire (QoL Compilation)","Rare Cards Sparkle","Relic Sorter"],"gold_per_floor":[117,117,131,150,163,163,195,11,11,46,46,46,46,60,60,155,155,142,142,162,173,373,401,401,428,482,482,512,22,22,34,34,131,131,146,165,219,70,88,114,114,164,164,177,209,209,240,257,257,257],"floor_reached":51,"playtime":1461,"items_purged":[],"score":1302,"play_id":"148ba63c-d889-412c-8079-a52940e66333","local_time":"20210101055039","is_ascension_mode":true,"campfire_choices":[{"data":"Terror","floor":6.0,"key":"SMITH"},{"data":"The Bomb","floor":11.0,"key":"SMITH"},{"data":"Tools of the Trade","floor":13.0,"key":"SMITH"},{"data":"Dagger Spray","floor":15.0,"key":"SMITH"},{"data":"Secret Technique","floor":30.0,"key":"SMITH"},{"data":"RitualDagger","floor":32.0,"key":"SMITH"},{"floor":46,"key":"REST"},{"data":"1","floor":49,"key":"LIFT"}],"circlet_count":0,"master_deck":["Strike_G+1","Strike_G","Strike_G","Strike_G","Defend_G","Defend_G","Defend_G","Defend_G","Defend_G","Survivor","Neutralize","The Bomb+1","Outmaneuver","Searing Blow+20","Dagger Spray+1","Noxious Fumes","Terror+1","Dagger Throw+1","Tools of the Trade+1","Acrobatics","Well Laid Plans","Dodge and Roll","RitualDagger+1","Secret Technique+1","Adrenaline"],"relics":["Ring of the Serpent","Pocketwatch","Shuriken","Pen Nib","Happy Flower","Incense Burner","Letter Opener","Eternal Feather","Mango","Black Star","Juzu Bracelet","Thread and Needle","Oddly Smooth Stone","Matryoshka","Whetstone","PreservedInsect","Snake Skull","Pear","Frozen Eye","Ginger","Ancient Tea Set","Anchor","Girya","Omamori","FossilizedHelix","Strawberry","Dead Branch"],"acts_visited":["Exordium","TheCity","TheBeyond"],"potions_floor_usage":[],"damage_taken":[{"damage":0.0,"enemies":"Jaw Worm","floor":1.0,"turns":3.0},{"damage":0.0,"enemies":"Cultist","floor":3.0,"turns":2.0},{"damage":0.0,"enemies":"2 Louse","floor":4.0,"turns":2.0},{"damage":3.0,"enemies":"Gremlin Gang","floor":5.0,"turns":5.0},{"damage":10.0,"enemies":"3 Sentries","floor":7.0,"turns":7.0},{"damage":0.0,"enemies":"Lagavulin","floor":10.0,"turns":2.0},{"damage":0.0,"enemies":"Looter","floor":14.0,"turns":1.0},{"damage":16.0,"enemies":"The Guardian","floor":16.0,"turns":3.0},{"damage":2.0,"enemies":"2 Thieves","floor":18.0,"turns":4.0},{"damage":0.0,"enemies":"Shell Parasite","floor":20.0,"turns":1.0},{"damage":3.0,"enemies":"Centurion and Healer","floor":21.0,"turns":4.0},{"damage":0.0,"enemies":"Gremlin Leader","floor":23.0,"turns":1.0},{"damage":23.0,"enemies":"Slavers","floor":25.0,"turns":5.0},{"damage":11.0,"enemies":"Gremlin Leader","floor":28.0,"turns":3.0},{"damage":0.0,"enemies":"Cultist and Chosen","floor":31.0,"turns":4.0},{"damage":0.0,"enemies":"Automaton","floor":33.0,"turns":2.0},{"damage":0.0,"enemies":"Orb Walker","floor":35.0,"turns":1.0},{"damage":16.0,"enemies":"3 Darklings","floor":36.0,"turns":8.0},{"damage":14.0,"enemies":"2 Orb Walkers","floor":37.0,"turns":4.0},{"damage":22.0,"enemies":"Transient","floor":39.0,"turns":5.0},{"damage":0.0,"enemies":"Reptomancer","floor":40.0,"turns":3.0},{"damage":3.0,"enemies":"Mind Bloom Boss Battle","floor":42.0,"turns":3.0},{"damage":0.0,"enemies":"Sphere and 2 Shapes","floor":44.0,"turns":3.0},{"damage":27,"enemies":"Nemesis","floor":45,"turns":3},{"damage":0,"enemies":"Reptomancer","floor":47,"turns":2},{"damage":0,"enemies":"4 Shapes","floor":48,"turns":4},{"damage":0,"enemies":"Donu and Deca","floor":50,"turns":4}],"seed_played":"3081809807114076016","potions_obtained":[{"floor":1.0,"key":"BlessingOfTheForge"},{"floor":5.0,"key":"CunningPotion"},{"floor":14.0,"key":"ColorlessPotion"},{"floor":16.0,"key":"DuplicationPotion"},{"floor":25.0,"key":"FearPotion"},{"floor":28.0,"key":"FearPotion"},{"floor":37.0,"key":"SkillPotion"},{"floor":39.0,"key":"Strength Potion"}],"is_trial":false,"path_per_floor":["M","?","M","M","M","R","E","$","T","E","R","$","R","M","R","B",null,"M","?","M","M","?","E","?","E","T","?","E","$","R","M","R","B",null,"M","M","?","$","M","E","?","?","T","M","E","R","E","M","R","B",null],"character_chosen":"THE_SILENT","items_purchased":["Tools of the Trade","Acrobatics","Frozen Eye","Pen Nib","Secret Technique","Ancient Tea Set"],"campfire_rested":1,"item_purchase_floors":[8,8,29,29,29,38],"current_hp_per_floor":[49,49,49,49,46,46,36,36,36,50,62,62,74,74,84,68,84,82,82,82,79,79,79,73,50,50,50,49,49,61,61,73,73,94,94,78,64,64,42,42,42,39,39,39,12,55,62,62,77,77],"gold":257,"neow_bonus":"RANDOM_COLORLESS_2","is_daily":false,"chose_seed":false,"campfire_upgraded":6,"win_rate":0.0,"timestamp":1609501839,"path_taken":["M","?","M","M","M","R","E","$","T","E","R","?","R","M","R","BOSS","M","?","M","M","?","E","?","E","T","?","E","$","R","M","R","BOSS","M","M","?","$","M","E","?","?","T","M","E","R","E","M","R","BOSS"],"items_purchased_type":["Card","Card","Relic","Relic","Card","Relic"],"build_version":"2020-12-22","purchased_purges":0,"victory":true,"max_hp_per_floor":[70,70,70,70,70,70,70,70,70,84,84,84,84,84,84,84,84,84,84,84,84,84,84,84,84,84,84,94,94,94,94,94,94,94,94,94,94,94,94,94,94,94,94,94,94,94,101,101,101,101],"card_choices":[{"not_picked":["Transmutation","Metamorphosis"],"picked":"The Bomb","floor":0.0},{"not_picked":["Slice","Riddle With Holes"],"picked":"Outmaneuver","floor":1.0},{"not_picked":["Masterful Stab","Blade Dance"],"picked":"Dagger Spray","floor":3.0},{"not_picked":["Poisoned Stab","Outmaneuver"],"picked":"Noxious Fumes","floor":4.0},{"not_picked":["Endless Agony","Eviscerate"],"picked":"Terror","floor":5.0},{"not_picked":["Riddle With Holes","Poisoned Stab"],"picked":"Dagger Throw","floor":7.0},{"not_picked":["Outmaneuver","Deflect"],"picked":"Well Laid Plans","floor":10.0},{"not_picked":["Sucker Punch","Dodge and Roll","Crippling Poison"],"picked":"SKIP","floor":14.0},{"not_picked":["Backstab","Dagger Spray","Infinite Blades+1"],"picked":"SKIP","floor":18.0},{"not_picked":["Bane","Crippling Poison","Flying Knee"],"picked":"SKIP","floor":20.0},{"not_picked":["Distraction","Flying Knee"],"picked":"Dodge and Roll","floor":21.0},{"not_picked":["Blade Dance+1","Crippling Poison+1","Predator"],"picked":"SKIP","floor":23.0},{"not_picked":["Poisoned Stab","Slice","Dagger Spray+1"],"picked":"SKIP","floor":25.0},{"not_picked":["Footwork","Cloak And Dagger","Dodge and Roll"],"picked":"SKIP","floor":28.0},{"not_picked":["Quick Slash","Corpse Explosion","Dodge and Roll"],"picked":"SKIP","floor":31.0},{"not_picked":["Unload","Doppelganger"],"picked":"Adrenaline","floor":33.0},{"not_picked":["Deadly Poison+1","Sucker Punch","Cloak And Dagger+1"],"picked":"SKIP","floor":35.0},{"not_picked":["Infinite Blades","Slice","Outmaneuver+1"],"picked":"SKIP","floor":36.0},{"not_picked":["Caltrops","Burst","Backstab+1"],"picked":"SKIP","floor":39.0},{"not_picked":["Blur","Terror","Slice"],"picked":"SKIP","floor":40.0},{"not_picked":["Backflip","Dagger Spray","PiercingWail"],"picked":"SKIP","floor":44.0},{"not_picked":["Finisher","Dodge and Roll+1","Envenom"],"picked":"SKIP","floor":45},{"not_picked":["Catalyst+1","Bouncing Flask","Blade Dance"],"picked":"SKIP","floor":47},{"not_picked":["Outmaneuver+1","Sucker Punch","Bane"],"picked":"SKIP","floor":48}],"player_experience":598891,"relics_obtained":[{"floor":7.0,"key":"Eternal Feather"},{"floor":9.0,"key":"Incense Burner"},{"floor":10.0,"key":"Mango"},{"floor":23.0,"key":"Juzu Bracelet"},{"floor":23.0,"key":"Thread and Needle"},{"floor":25.0,"key":"Oddly Smooth Stone"},{"floor":25.0,"key":"Matryoshka"},{"floor":26.0,"key":"Whetstone"},{"floor":26.0,"key":"PreservedInsect"},{"floor":28.0,"key":"Snake Skull"},{"floor":28.0,"key":"Pear"},{"floor":37.0,"key":"Ginger"},{"floor":40.0,"key":"Letter Opener"},{"floor":40.0,"key":"Anchor"},{"floor":41.0,"key":"Happy Flower"},{"floor":42.0,"key":"Girya"},{"floor":43.0,"key":"Omamori"},{"floor":43.0,"key":"Shuriken"},{"floor":45,"key":"Pocketwatch"},{"floor":45,"key":"FossilizedHelix"},{"floor":47,"key":"Strawberry"},{"floor":47,"key":"Dead Branch"}],"event_choices":[{"cards_removed":["Strike_G"],"damage_healed":0.0,"max_hp_gain":0.0,"max_hp_loss":0.0,"gold_gain":0.0,"event_name":"NoteForYourself","player_choice":"Took Card","floor":2.0,"gold_loss":0.0,"damage_taken":0.0,"cards_obtained":["Searing Blow"]},{"damage_healed":0.0,"max_hp_gain":0.0,"max_hp_loss":0.0,"gold_gain":0.0,"event_name":"Ghosts","player_choice":"Ignored","floor":19.0,"gold_loss":0.0,"damage_taken":0.0},{"damage_healed":0.0,"max_hp_gain":0.0,"max_hp_loss":0.0,"gold_gain":250.0,"event_name":"The Joust","player_choice":"Bet on Owner","floor":22.0,"gold_loss":50.0,"damage_taken":0.0},{"damage_healed":0.0,"max_hp_gain":0.0,"max_hp_loss":0.0,"gold_gain":0.0,"event_name":"Nest","player_choice":"Joined the Cult","floor":24.0,"gold_loss":0.0,"damage_taken":6.0,"cards_obtained":["RitualDagger"]},{"damage_healed":0.0,"max_hp_gain":0.0,"max_hp_loss":0.0,"gold_gain":0.0,"event_name":"Vampires","player_choice":"Ignored","floor":27.0,"gold_loss":0.0,"damage_taken":0.0},{"damage_healed":0.0,"max_hp_gain":0.0,"max_hp_loss":0.0,"gold_gain":0.0,"event_name":"Mysterious Sphere","player_choice":"Fight","floor":37.0,"gold_loss":0.0,"damage_taken":0.0},{"damage_healed":0.0,"max_hp_gain":0.0,"max_hp_loss":0.0,"gold_gain":0.0,"event_name":"Wheel of Change","player_choice":"Relic","floor":41.0,"gold_loss":0.0,"damage_taken":0.0},{"damage_healed":0.0,"max_hp_gain":0.0,"max_hp_loss":0.0,"gold_gain":0.0,"event_name":"MindBloom","player_choice":"Fight","floor":42.0,"gold_loss":0.0,"damage_taken":0.0}],"is_beta":false,"boss_relics":[{"not_picked":["SacredBark","WristBlade"],"picked":"Black Star"},{"not_picked":["Runic Dome","Velvet Choker"],"picked":"Ring of the Serpent"}],"items_purged_floors":[],"is_endless":false,"potions_floor_spawned":[1,5,14,16,25,28,35,37,39,44,45],"ascension_level":1}}