{"host":"7pe9xwx78c6nlay8","time":1609514878,"event":{"mods":["BaseMod","Minty Spire (QoL Compilation)"],"gold_per_floor":[119,119,119,119,133,174,174,213,213,246,246,260,260,260,260,351,351,374,374,374,399,413,456,456,456,456],"floor_reached":25,"playtime":675,"items_purged":[],"score":502,"play_id":"d2f21aa9-c604-4da6-a901-ac3d8ffa9252","local_time":"20210101232758","is_ascension_mode":true,"campfire_choices":[{"data":"Eruption","floor":7.0,"key":"SMITH"},{"data":"Evaluate","floor":11.0,"key":"SMITH"},{"data":"Wireheading","floor":13.0,"key":"SMITH"},{"floor":15.0,"key":"REST"},{"data":"Ghostly","floor":24,"key":"SMITH"}],"circlet_count":0,"master_deck":["AscendersBane","Strike_P","Strike_P","Strike_P","Strike_P","Defend_P","Defend_P","Eruption+1","Vigilance","ThirdEye","Evaluate+1","Wireheading+1","Wallop+1","CarveReality+1","FollowUp+1","DevaForm","FollowUp+1","Ghostly","Ghostly","Ghostly+1","CutThroughFate+1","Prostrate+1"],"relics":["PureWater","NeowsBlessing","Sundial","Golden Idol","Molten Egg 2","MealTicket","Gremlin Horn","TeardropLocket","Philosopher\u0027s Stone","Dead Branch"],"acts_visited":["Exordium","TheCity"],"potions_floor_usage":[25],"damage_taken":[{"damage":0.0,"enemies":"2 Louse","floor":1.0,"turns":1.0},{"damage":0.0,"enemies":"Jaw Worm","floor":5.0,"turns":1.0},{"damage":0.0,"enemies":"Lagavulin","floor":6.0,"turns":2.0},{"damage":31.0,"enemies":"3 Sentries","floor":8.0,"turns":5.0},{"damage":1.0,"enemies":"Gremlin Nob","floor":10.0,"turns":4.0},{"damage":0.0,"enemies":"Small Slimes","floor":12.0,"turns":2.0},{"damage":29.0,"enemies":"Hexaghost","floor":16.0,"turns":8.0},{"damage":25.0,"enemies":"Chosen","floor":18.0,"turns":6.0},{"damage":4.0,"enemies":"Shell Parasite","floor":21.0,"turns":5.0},{"damage":0,"enemies":"Snake Plant","floor":22,"turns":3},{"damage":0,"enemies":"Gremlin Leader","floor":23,"turns":4},{"damage":22,"enemies":"Book of Stabbing","floor":25,"turns":4}],"seed_played":"-1591662507145410757","potions_obtained":[{"floor":5.0,"key":"AttackPotion"},{"floor":6.0,"key":"Weak Potion"},{"floor":10.0,"key":"SpeedPotion"},{"floor":12.0,"key":"Block Potion"},{"floor":23,"key":"DuplicationPotion"}],"is_trial":false,"path_per_floor":["M","?","?","?","M","E","R","E","T","E","R","M","R","?","R","B",null,"M","?","?","M","M","E","R","E"],"character_chosen":"WATCHER","items_purchased":[],"campfire_rested":1,"item_purchase_floors":[],"current_hp_per_floor":[61,35,35,55,55,55,55,24,24,23,23,23,23,23,41,12,50,25,25,25,21,21,21,21,0,0],"gold":456,"neow_bonus":"THREE_ENEMY_KILL","is_daily":false,"chose_seed":false,"campfire_upgraded":4,"win_rate":0.0,"timestamp":1609514878,"path_taken":["M","?","?","?","M","E","R","E","T","E","R","M","R","?","R","BOSS","M","?","?","M","?","E","R","E"],"items_purchased_type":[],"build_version":"2020-12-22","purchased_purges":0,"victory":false,"max_hp_per_floor":[68,68,62,62,62,62,62,62,62,62,62,62,62,62,62,62,62,62,31,31,31,31,31,31,31,31],"card_choices":[{"not_picked":["SashWhip","FlurryOfBlows"],"picked":"ThirdEye","floor":1.0},{"not_picked":["InnerPeace","Fasting2"],"picked":"Evaluate","floor":5.0},{"not_picked":["BowlingBash+1","Prostrate"],"picked":"Wireheading","floor":6.0},{"not_picked":["Prostrate","JustLucky+1"],"picked":"Wallop+1","floor":8.0},{"not_picked":["Indignation","InnerPeace"],"picked":"CarveReality+1","floor":10.0},{"not_picked":["FlyingSleeves+1","Halt"],"picked":"FollowUp+1","floor":12.0},{"not_picked":["LessonLearned+1","Judgement"],"picked":"DevaForm","floor":16.0},{"not_picked":["LikeWater","Indignation"],"picked":"FollowUp+1","floor":18.0},{"not_picked":["FlurryOfBlows+1","ClearTheMind"],"picked":"CutThroughFate+1","floor":21.0},{"not_picked":["ClearTheMind","EmptyFist+1"],"picked":"Prostrate+1","floor":22},{"not_picked":["FlurryOfBlows+1","WreathOfFlame","BowlingBash+1"],"picked":"SKIP","floor":23}],"player_experience":1592525,"relics_obtained":[{"floor":6.0,"key":"Molten Egg 2"},{"floor":8.0,"key":"MealTicket"},{"floor":9.0,"key":"Gremlin Horn"},{"floor":10.0,"key":"TeardropLocket"},{"floor":23,"key":"Dead Branch"}],"event_choices":[{"damage_healed":0.0,"max_hp_gain":0.0,"max_hp_loss":0.0,"gold_gain":0.0,"event_name":"Scrap Ooze","player_choice":"Success","floor":2.0,"gold_loss":0.0,"damage_taken":26.0,"relics_obtained":["Sundial"]},{"damage_healed":0.0,"max_hp_gain":0.0,"max_hp_loss":6.0,"gold_gain":0.0,"event_name":"Golden Idol","player_choice":"Lose Max HP","floor":3.0,"gold_loss":0.0,"damage_taken":0.0,"relics_obtained":["Golden Idol"]},{"damage_healed":20.0,"max_hp_gain":0.0,"max_hp_loss":0.0,"gold_gain":0.0,"event_name":"Big Fish","player_choice":"Banana","floor":4.0,"gold_loss":0.0,"damage_taken":0.0},{"cards_removed":["Defend_P"],"damage_healed":0.0,"max_hp_gain":0.0,"max_hp_loss":0.0,"gold_gain":0.0,"event_name":"Living Wall","player_choice":"Forget","floor":14.0,"gold_loss":0.0,"damage_taken":0.0},{"damage_healed":0.0,"max_hp_gain":0.0,"max_hp_loss":31.0,"gold_gain":0.0,"event_name":"Ghosts","player_choice":"Became a Ghost","floor":19.0,"gold_loss":0.0,"damage_taken":0.0,"cards_obtained":["Ghostly","Ghostly","Ghostly"]},{"cards_removed":["Defend_P"],"damage_healed":0.0,"max_hp_gain":0.0,"max_hp_loss":0.0,"gold_gain":0.0,"event_name":"Bonfire Elementals","player_choice":"Offered Basic","floor":20.0,"gold_loss":0.0,"damage_taken":0.0}],"is_beta":false,"boss_relics":[{"not_picked":["Cursed Key","Coffee Dripper"],"picked":"Philosopher\u0027s Stone"}],"items_purged_floors":[],"is_endless":false,"potions_floor_spawned":[5,6,10,12,23],"killed_by":"Book of Stabbing","ascension_level":15}}