{"host":"p7j7o00jacnw7qzt","time":1609480420,"event":{"mods":["BaseMod","Colored Map","Colored Powertips","DeckTracker","Highlight Path","Minty Spire (QoL Compilation)","Relic Stats"],"gold_per_floor":[109,34,45,8,8,8,34,134,157,192,192,192,192],"floor_reached":12,"playtime":492,"items_purged":["Strike_G"],"score":168,"play_id":"92cc660d-49cf-4b85-b906-c65553280d1d","local_time":"20210101005340","is_ascension_mode":true,"campfire_choices":[{"data":"Blade Dance","floor":6.0,"key":"SMITH"},{"floor":11.0,"key":"REST"}],"circlet_count":0,"master_deck":["AscendersBane","Strike_G","Strike_G","Strike_G","Strike_G","Defend_G","Defend_G","Defend_G","Defend_G","Defend_G","Survivor","Neutralize","Blade Dance+1","Escape Plan","Footwork","Blade Dance"],"relics":["Ring of the Snake","Mango","Incense Burner","Centennial Puzzle"],"acts_visited":["Exordium"],"potions_floor_usage":[],"damage_taken":[{"damage":9.0,"enemies":"Cultist","floor":1.0,"turns":6.0},{"damage":0.0,"enemies":"Jaw Worm","floor":3.0,"turns":4.0},{"damage":28.0,"enemies":"Gremlin Nob","floor":7.0,"turns":4.0},{"damage":21.0,"enemies":"3 Sentries","floor":10.0,"turns":8.0},{"damage":27,"enemies":"Lagavulin","floor":12,"turns":11}],"seed_played":"-7230774081162562564","potions_obtained":[{"floor":1.0,"key":"AttackPotion"}],"is_trial":false,"path_per_floor":["M","$","M","$","?","R","E","?","T","E","R","E"],"character_chosen":"THE_SILENT","items_purchased":["Escape Plan"],"campfire_rested":1,"item_purchase_floors":[4],"current_hp_per_floor":[64,64,64,64,64,64,36,36,36,15,37,10,10],"gold":192,"neow_bonus":"ONE_RARE_RELIC","is_daily":false,"chose_seed":false,"campfire_upgraded":1,"win_rate":0.0,"timestamp":1609480420,"path_taken":["M","?","M","?","?","R","E","?","T","E","R","E"],"items_purchased_type":["Card"],"build_version":"2020-12-22","purchased_purges":1,"victory":false,"max_hp_per_floor":[74,74,74,74,74,74,74,74,74,74,74,74,74],"relic_stats":{"Centennial Puzzle":[3],"counters":[5,33],"obtain_stats":[{"Centennial Puzzle":10,"Mango":0,"Incense Burner":7,"Ring of the Snake":0},{"Centennial Puzzle":4,"Mango":0,"Incense Burner":3,"Ring of the Snake":0},{"Centennial Puzzle":22,"Mango":0,"Incense Burner":14,"Ring of the Snake":0}],"Ring of the Snake":[10]},"card_choices":[{"not_picked":["Calculated Gamble","Dagger Throw"],"picked":"Blade Dance","floor":1.0},{"not_picked":["Sucker Punch","Flying Knee","Slice"],"picked":"SKIP","floor":3.0},{"not_picked":["Distraction","Skewer"],"picked":"Footwork","floor":7.0},{"not_picked":["Unload","Adrenaline"],"picked":"Blade Dance","floor":10.0}],"player_experience":899523,"relics_obtained":[{"floor":7.0,"key":"Incense Burner"},{"floor":10.0,"key":"Centennial Puzzle"}],"event_choices":[{"damage_healed":0.0,"max_hp_gain":0.0,"max_hp_loss":0.0,"gold_gain":0.0,"event_name":"Liars Game","player_choice":"Ignored","floor":5.0,"gold_loss":0.0,"damage_taken":0.0},{"damage_healed":0.0,"max_hp_gain":0.0,"max_hp_loss":0.0,"gold_gain":100.0,"event_name":"Wheel of Change","player_choice":"Gold","floor":8.0,"gold_loss":0.0,"damage_taken":0.0}],"is_beta":false,"boss_relics":[],"items_purged_floors":[2],"is_endless":false,"potions_floor_spawned":[1],"killed_by":"Lagavulin","ascension_level":20}}