{"host":"sav7uxregyirlf69","time":1609485562,"event":{"mods":["AchievementEnabler","BaseMod","Colored Map","DeckTracker","Keyboard Shortcuts","Minty Spire (QoL Compilation)","READ ME - Guardian Mod","StSLib","SuperFastMode"],"gold_per_floor":[116,116,11,22,22,22,22,47,118,130,145,172,29,56,56,130,130,147,147,147,159,174,204,204,216,216,230,259,278,292,303,303,377,377,392,102,102,118,128,128,128,157,157,157,189,189,200,211,211,211,211],"floor_reached":50,"playtime":1281,"items_purged":["Strike_G","Strike_G","Backstab"],"score":1253,"play_id":"07a0b14f-17e1-479e-b53f-e5fdf85d4eed","local_time":"20210101161922","is_ascension_mode":true,"campfire_choices":[{"data":"Deadly Poison","floor":6,"key":"SMITH"},{"data":"Neutralize","floor":15,"key":"SMITH"},{"data":"Reflex","floor":24,"key":"SMITH"},{"floor":32,"key":"REST"},{"data":"Prepared","floor":40,"key":"SMITH"},{"floor":46,"key":"REST"},{"floor":49,"key":"RECALL"}],"circlet_count":0,"master_deck":["AscendersBane","Defend_G","Defend_G","Defend_G","Defend_G","Survivor","Neutralize+1","Deadly Poison+1","Dagger Throw","Escape Plan","Caltrops+1","Noxious Fumes+1","Reflex+1","Noxious Fumes+1","Prepared+1","Backflip","PiercingWail","Noxious Fumes+1","Noxious Fumes+1","Tools of the Trade+1","Wraith Form v2+1","Blur+1","Deadly Poison+1","Calculated Gamble"],"relics":["Ring of the Snake","NeowsBlessing","Gambling Chip","Question Card","Frozen Egg 2","Incense Burner","Toy Ornithopter","SacredBark","Mummified Hand","Tingsha","StrikeDummy","Astrolabe","Happy Flower","Ornamental Fan","The Courier"],"acts_visited":["Exordium","TheCity","TheBeyond"],"potions_floor_usage":[23,28,33,42,50],"damage_taken":[{"damage":0,"enemies":"Jaw Worm","floor":1,"turns":1},{"damage":0,"enemies":"2 Louse","floor":4,"turns":1},{"damage":0,"enemies":"3 Sentries","floor":8,"turns":1},{"damage":0,"enemies":"Small Slimes","floor":10,"turns":2},{"damage":1,"enemies":"Exordium Wildlife","floor":11,"turns":5},{"damage":11,"enemies":"Gremlin Nob","floor":12,"turns":3},{"damage":15,"enemies":"Lagavulin","floor":14,"turns":6},{"damage":6,"enemies":"The Guardian","floor":16,"turns":9},{"damage":1,"enemies":"Chosen","floor":18,"turns":5},{"damage":7,"enemies":"Spheric Guardian","floor":21,"turns":4},{"damage":7,"enemies":"Centurion and Healer","floor":22,"turns":5},{"damage":10,"enemies":"Book of Stabbing","floor":23,"turns":4},{"damage":9,"enemies":"Snecko","floor":25,"turns":4},{"damage":6,"enemies":"Snake Plant","floor":27,"turns":3},{"damage":18,"enemies":"Gremlin Leader","floor":28,"turns":5},{"damage":9,"enemies":"Centurion and Healer","floor":29,"turns":5},{"damage":13,"enemies":"Cultist and Chosen","floor":30,"turns":4},{"damage":8,"enemies":"Snake Plant","floor":31,"turns":3},{"damage":19,"enemies":"Collector","floor":33,"turns":6},{"damage":17,"enemies":"3 Darklings","floor":35,"turns":4},{"damage":0,"enemies":"Orb Walker","floor":38,"turns":3},{"damage":0,"enemies":"Maw","floor":39,"turns":6},{"damage":9,"enemies":"Giant Head","floor":42,"turns":9},{"damage":23,"enemies":"Nemesis","floor":45,"turns":7},{"damage":8,"enemies":"Jaw Worm Horde","floor":47,"turns":4},{"damage":2,"enemies":"Spire Growth","floor":48,"turns":5},{"damage":19,"enemies":"Awakened One","floor":50,"turns":3}],"seed_played":"-550872221679409101","potions_obtained":[{"floor":1,"key":"GamblersBrew"},{"floor":10,"key":"Explosive Potion"},{"floor":14,"key":"DistilledChaos"},{"floor":25,"key":"Regen Potion"},{"floor":29,"key":"Fire Potion"},{"floor":33,"key":"SpeedPotion"},{"floor":45,"key":"Explosive Potion"}],"is_trial":false,"path_per_floor":["M","?","$","M","?","R","?","E","T","M","M","E","$","E","R","B",null,"M","?","?","M","M","E","R","M","T","M","E","M","M","M","R","B",null,"M","$","?","M","M","R","$","E","T","?","E","R","M","M","R","B"],"character_chosen":"THE_SILENT","items_purchased":["Deadly Poison","Noxious Fumes+1","Happy Flower"],"campfire_rested":2,"item_purchase_floors":[3,13,36],"current_hp_per_floor":[59,48,48,48,41,41,41,41,41,41,40,29,29,14,14,8,52,51,51,66,59,52,47,47,38,38,32,54,45,32,24,43,29,57,40,40,31,31,31,31,31,27,27,27,4,22,14,12,12,0,0],"gold":211,"neow_bonus":"THREE_ENEMY_KILL","is_daily":false,"chose_seed":false,"campfire_upgraded":4,"win_rate":0.0,"timestamp":1609485562,"path_taken":["M","?","?","M","?","R","?","E","T","?","M","E","$","E","R","BOSS","M","?","?","?","M","E","R","?","T","M","E","M","M","M","R","BOSS","M","$","?","?","M","R","$","E","T","?","E","R","M","M","R","BOSS"],"items_purchased_type":["Card","Card","Relic"],"build_version":"2020-12-22","purchased_purges":3,"victory":false,"max_hp_per_floor":[66,66,66,66,66,66,66,66,66,66,66,66,66,66,66,66,66,66,66,66,66,66,66,66,66,66,66,66,66,66,66,66,66,66,66,66,66,66,66,66,66,66,66,63,63,63,63,63,63,63,63],"card_choices":[{"not_picked":["Heel Hook","Eviscerate"],"picked":"Backstab","floor":1},{"not_picked":["Dash","Dagger Spray"],"picked":"Masterful Stab","floor":4},{"not_picked":["Underhanded Strike","Quick Slash"],"picked":"Dagger Throw","floor":8},{"not_picked":["Dodge and Roll","Deflect","Slice"],"picked":"Escape Plan","floor":10},{"not_picked":["Deflect","Acrobatics","Outmaneuver"],"picked":"Caltrops+1","floor":11},{"not_picked":["Prepared","Cloak And Dagger","Die Die Die"],"picked":"Terror","floor":12},{"not_picked":["Slice","Riddle With Holes","Blade Dance","Finisher"],"picked":"SKIP","floor":14},{"not_picked":["Setup","Slice","Underhanded Strike"],"picked":"Reflex","floor":18},{"not_picked":["Deadly Poison","Underhanded Strike","Flying Knee"],"picked":"Noxious Fumes+1","floor":21},{"not_picked":["Blade Dance","Setup","Eviscerate+1"],"picked":"Prepared","floor":22},{"not_picked":["Underhanded Strike","Deflect","Slice","Backstab"],"picked":"SKIP","floor":23},{"not_picked":["Acrobatics+1","Prepared","Bane+1"],"picked":"Backflip","floor":25},{"not_picked":["Sucker Punch","Night Terror","Deflect","Underhanded Strike"],"picked":"SKIP","floor":27},{"not_picked":["Poisoned Stab","Prepared","Sucker Punch"],"picked":"PiercingWail","floor":28},{"not_picked":["Deadly Poison","Quick Slash+1","Deflect"],"picked":"Noxious Fumes+1","floor":29},{"not_picked":["Heel Hook+1","Infinite Blades+1","Poisoned Stab","PiercingWail"],"picked":"SKIP","floor":30},{"not_picked":["Heel Hook","Blur","Acrobatics+1"],"picked":"Noxious Fumes+1","floor":31},{"not_picked":["Venomology","A Thousand Cuts+1","Die Die Die"],"picked":"Tools of the Trade+1","floor":33},{"not_picked":["Dagger Spray","Poisoned Stab+1","Backflip","Blade Dance+1"],"picked":"SKIP","floor":35},{"not_picked":["Deadly Poison","Accuracy+1","Quick Slash","Underhanded Strike"],"picked":"SKIP","floor":38},{"not_picked":["Underhanded Strike","Slice","Predator"],"picked":"Calculated Gamble","floor":39},{"not_picked":["Backflip","Quick Slash","PiercingWail+1","Sucker Punch"],"picked":"SKIP","floor":42},{"not_picked":["Die Die Die","Poisoned Stab","Deadly Poison","Crippling Poison"],"picked":"SKIP","floor":45},{"not_picked":["Leg Sweep","Finisher","Flying Knee","Sucker Punch"],"picked":"SKIP","floor":47},{"not_picked":["Infinite Blades+1","Prepared","Underhanded Strike","Expertise+1"],"picked":"SKIP","floor":48}],"player_experience":1096029,"relics_obtained":[{"floor":8,"key":"Question Card"},{"floor":9,"key":"Frozen Egg 2"},{"floor":12,"key":"Incense Burner"},{"floor":14,"key":"Toy Ornithopter"},{"floor":23,"key":"Mummified Hand"},{"floor":26,"key":"Tingsha"},{"floor":28,"key":"StrikeDummy"},{"floor":42,"key":"Ornamental Fan"},{"floor":45,"key":"The Courier"}],"event_choices":[{"damage_healed":0,"gold_gain":0,"player_choice":"Success","damage_taken":11,"relics_obtained":["Gambling Chip"],"max_hp_gain":0,"max_hp_loss":0,"event_name":"Scrap Ooze","floor":2,"gold_loss":0},{"cards_removed":["Strike_G"],"damage_healed":0,"gold_gain":0,"player_choice":"Card Removal","damage_taken":7,"max_hp_gain":0,"max_hp_loss":0,"event_name":"Golden Wing","floor":5,"gold_loss":0},{"damage_healed":0,"gold_gain":0,"player_choice":"Ignored","damage_taken":0,"max_hp_gain":0,"max_hp_loss":0,"event_name":"Liars Game","floor":7,"gold_loss":0},{"cards_removed":["Strike_G"],"damage_healed":0,"gold_gain":0,"player_choice":"Elegance","damage_taken":0,"max_hp_gain":0,"max_hp_loss":0,"event_name":"Back to Basics","floor":19,"gold_loss":0},{"cards_removed":["Terror"],"damage_healed":15,"gold_gain":0,"player_choice":"Offered Uncommon","damage_taken":0,"max_hp_gain":0,"max_hp_loss":0,"event_name":"Bonfire Elementals","floor":20,"gold_loss":0},{"damage_healed":0,"gold_gain":0,"player_choice":"Damaged","damage_taken":9,"max_hp_gain":0,"max_hp_loss":0,"event_name":"Wheel of Change","floor":37,"gold_loss":0},{"damage_healed":0,"gold_gain":0,"player_choice":"Max HP","damage_taken":0,"max_hp_gain":0,"max_hp_loss":3,"event_name":"Winding Halls","floor":44,"gold_loss":0}],"is_beta":false,"boss_relics":[{"not_picked":["Runic Pyramid","Busted Crown"],"picked":"SacredBark"},{"not_picked":["Snecko Eye","Calling Bell"],"picked":"Astrolabe"}],"items_purged_floors":[3,13,36],"is_endless":false,"potions_floor_spawned":[1,10,14,22,25,29,31,33,38,45,47],"killed_by":"Awakened One","ascension_level":20}}