{"host":"0azimyi6n3ugndj4","time":1609538150,"event":{"mods":["2.2 Compatiblity","BaseMod","Bestiary","Conspire","Curses Come First","Defuse TimeMaze Blight","Hermit","Hyrulean Relics","Infinite Spire","Minty Spire (QoL Compilation)","Relic Stats","Replay The Spire","StSLib","SuperFastMode","The Cursed","Uncapped","¡¼?Úª?ø«¡½REMEMod"],"gold_per_floor":[147,147,226,226,64,139,196,292,315,420,420,420,420],"floor_reached":12,"playtime":213,"items_purged":[],"score":313,"play_id":"b56daab2-d6b4-40ac-bcdd-0a819e4a44ae","local_time":"20210102065550","daily_mods":["SealedDeck","Hoarder","Insanity","Chimera","Specialized","Vintage","ControlledChaos","Allstar","Diverse","Colorless Cards","Heirloom","Time Dilation","Flight","Elite Swarm","Lethality","Midas","Binary"],"is_ascension_mode":true,"campfire_choices":[],"circlet_count":0,"master_deck":["Demon Form","Wraith Form v2","Echo Form","DevaForm","AscendersBane","Bash","Survivor","Zap","Eruption","Strike_R","Strike_G","Strike_B","Defend_R","Defend_G","Defend_P","Dodge and Roll","Headbutt","White Noise","TheCursedMod:Stigma","hermit:Dive","Sucker Punch","Slice","Bloodletting","Specialist","Turbo","Stack","Tactician","Reinforced Body","TheCursedMod:WearCloak","TheCursedMod:CursedBlade","hermit:Headshot","Adaptation","Thunderclap","hermit:Midnight","Backflip","hermit:FlashPowder","conspire:DoublingDagger","Outmaneuver","TheCursedMod:CircleOfWindfury","Quick Slash","TheCursedMod:ManaBullet","Hologram","Indignation","Replay:Vibes","Deadly Poison","Compile Driver","Replay:BluntJabs","ReplayTheSpireMod:Scrap Shanks","Slice","hermit:Vantage","TheCursedMod:TacticalStrike","Collect","TheCursedMod:TacticalStrike","Madness","TheCursedMod:CursedShiv","Compile Driver","hermit:TrackingShot","Doom and Gloom","FollowUp","Turbo","Thunderclap","hermit:EyeOfTheStorm","Evolve","Redo","Replay:Vibes","Seeing Red","Seeing Red","Seeing Red","Seeing Red","Seeing Red","Seeing Red","Seeing Red","Seeing Red","Seeing Red","Seeing Red","Seeing Red","Seeing Red","Seeing Red","Seeing Red","Seeing Red","Toxin Wave","Toxin Wave","Toxin Wave","TheCursedMod:CircleOfCorruption","TheCursedMod:CircleOfCorruption","TheCursedMod:CircleOfCorruption","PathToVictory","PathToVictory","PathToVictory","Fasting2","Fasting2","Fasting2","hermit:GoldenBullet","hermit:GoldenBullet","hermit:GoldenBullet","conspire:ExplosiveBarrier","conspire:ExplosiveBarrier","conspire:ExplosiveBarrier","TheCursedMod:ReleasedStrength","TheCursedMod:ReleasedStrength","TheCursedMod:ReleasedStrength","Prepared","Prepared","Prepared","Consecrate","Consecrate","Consecrate","Deflect","Deflect","Deflect","Consume","Consume","Consume","Decay","Decay","Decay"],"relics":["Replay:M_StaffOfTheSnake","Frozen Eye","Busted Crown","REME_ComplimentaryCards","conspire:GlowingRock","Pen Nib","zeldaRelics:CourageTriforce","infinitespire:Cubic Diamond","Lee\u0027s Waffle","Vajra","zeldaRelics:WisdomPiece"],"acts_visited":["Exordium"],"potions_floor_usage":[],"damage_taken":[{"damage":26,"enemies":"Cultist","floor":1,"turns":4},{"damage":37,"enemies":"Lagavulin","floor":6,"turns":7},{"damage":15,"enemies":"Jaw Worm","floor":7,"turns":2},{"damage":13,"enemies":"3 Sentries","floor":8,"turns":2},{"damage":0,"enemies":"Lagavulin","floor":10,"turns":2},{"damage":19,"enemies":"3 Sentries","floor":12,"turns":2}],"seed_played":"2148920588009368872","potions_obtained":[{"floor":1,"key":"DuplicationPotion"},{"floor":7,"key":"Dexterity Potion"}],"is_trial":true,"path_per_floor":["M","?","T","?","$","E","M","E","T","E","?","E"],"character_chosen":"WATCHER","items_purchased":["Lee\u0027s Waffle"],"campfire_rested":0,"item_purchase_floors":[5],"current_hp_per_floor":[35,40,40,40,80,43,28,15,15,15,15,0,0],"gold":420,"neow_bonus":"","is_daily":false,"chose_seed":false,"campfire_upgraded":0,"win_rate":0.0,"timestamp":1609538150,"path_taken":["M","?","?","?","$","E","M","E","T","E","?","E"],"items_purchased_type":["Relic"],"build_version":"2020-12-22","purchased_purges":0,"victory":false,"max_hp_per_floor":[68,73,73,73,80,80,80,80,80,80,80,80,80],"relic_stats":{"Lee\u0027s Waffle":40,"Busted Crown":6,"counters":[6,19],"Pen Nib":[1],"obtain_stats":[{"Lee\u0027s Waffle":5,"zeldaRelics:WisdomPiece":9,"Replay:M_StaffOfTheSnake":4,"Vajra":7,"Pen Nib":1,"infinitespire:Cubic Diamond":4,"zeldaRelics:CourageTriforce":8,"Frozen Eye":0,"conspire:GlowingRock":0,"Busted Crown":0,"zeldaRelics:CouragePiece":3,"PureWater":0,"REME_ComplimentaryCards":0},{"Lee\u0027s Waffle":1,"zeldaRelics:WisdomPiece":4,"Replay:M_StaffOfTheSnake":1,"Vajra":3,"Pen Nib":1,"infinitespire:Cubic Diamond":1,"zeldaRelics:CourageTriforce":4,"Frozen Eye":0,"conspire:GlowingRock":0,"Busted Crown":0,"zeldaRelics:CouragePiece":1,"PureWater":0,"REME_ComplimentaryCards":0},{"Lee\u0027s Waffle":4,"zeldaRelics:WisdomPiece":15,"Replay:M_StaffOfTheSnake":4,"Vajra":13,"Pen Nib":4,"infinitespire:Cubic Diamond":4,"zeldaRelics:CourageTriforce":15,"Frozen Eye":0,"conspire:GlowingRock":0,"Busted Crown":0,"zeldaRelics:CouragePiece":4,"PureWater":0,"REME_ComplimentaryCards":0}]},"card_choices":[],"player_experience":1486381,"relics_obtained":[{"floor":1,"key":"Pen Nib"},{"floor":3,"key":"zeldaRelics:CouragePiece"},{"floor":6,"key":"zeldaRelics:CouragePiece"},{"floor":7,"key":"Vajra"},{"floor":8,"key":"zeldaRelics:CouragePiece"},{"floor":9,"key":"zeldaRelics:WisdomPiece"},{"floor":10,"key":"zeldaRelics:WisdomPiece"}],"event_choices":[{"damage_healed":0,"gold_gain":0,"player_choice":"Donut","damage_taken":0,"max_hp_gain":5,"max_hp_loss":0,"event_name":"Big Fish","floor":2,"gold_loss":0},{"damage_healed":0,"gold_gain":0,"player_choice":"Cursed","damage_taken":0,"max_hp_gain":0,"max_hp_loss":0,"event_name":"Wheel of Change","floor":11,"gold_loss":0,"cards_obtained":["Decay"]}],"is_beta":false,"boss_relics":[],"items_purged_floors":[],"is_endless":false,"potions_floor_spawned":[1,7],"killed_by":"3 Sentries","ascension_level":20}}