{"host":"6pfj0wha12yu6wq3","time":1609487752,"event":{"mods":["BaseMod","Colored Map","Colored Powertips","Curses Come First","DeckTracker","Minty Spire (QoL Compilation)","RNG Fix","Relic Sorter","Relic Stats","StSLib","ojb\u0027s Better Paths Mod","ojb\u0027s Info Mod"],"gold_per_floor":[119,134,154,79,97,114,130,159,159,159,185,185,197,228,228,228,228],"floor_reached":16,"playtime":894,"items_purged":[],"score":248,"play_id":"ad57ec89-9a73-4df8-8562-9d9d2bcd52e4","local_time":"20210101025552","is_ascension_mode":true,"campfire_choices":[{"data":"Corpse Explosion","floor":15,"key":"SMITH"}],"circlet_count":0,"master_deck":["AscendersBane","Strike_G","Strike_G","Strike_G","Strike_G","Defend_G","Defend_G","Defend_G","Defend_G","Defend_G","Survivor","Neutralize","All Out Attack","Blade Dance","Dagger Spray","Dagger Throw","Corpse Explosion+1","Leg Sweep","Outmaneuver"],"relics":["Ring of the Snake","MealTicket","Gambling Chip","Lantern","Happy Flower"],"acts_visited":["Exordium"],"potions_floor_usage":[8,11,14,16,16],"damage_taken":[{"damage":1.0,"enemies":"Small Slimes","floor":1.0,"turns":5.0},{"damage":0.0,"enemies":"Cultist","floor":2.0,"turns":4.0},{"damage":2.0,"enemies":"Jaw Worm","floor":3.0,"turns":5.0},{"damage":1.0,"enemies":"Red Slaver","floor":5.0,"turns":3.0},{"damage":4.0,"enemies":"3 Louse","floor":6.0,"turns":3.0},{"damage":4.0,"enemies":"Blue Slaver","floor":7.0,"turns":5.0},{"damage":3,"enemies":"Gremlin Nob","floor":8,"turns":3},{"damage":29,"enemies":"Lagavulin","floor":11,"turns":7},{"damage":0,"enemies":"Lots of Slimes","floor":13,"turns":1},{"damage":16,"enemies":"Gremlin Nob","floor":14,"turns":4},{"damage":30,"enemies":"Hexaghost","floor":16,"turns":9}],"seed_played":"6869751057053606153","potions_obtained":[{"floor":1.0,"key":"ColorlessPotion"},{"floor":3.0,"key":"Weak Potion"},{"floor":7.0,"key":"Strength Potion"},{"floor":8,"key":"Poison Potion"},{"floor":11,"key":"GhostInAJar"},{"floor":14,"key":"FearPotion"}],"is_trial":false,"path_per_floor":["M","M","M","?","M","M","M","E","T","?","E","?","M","E","R","B"],"character_chosen":"THE_SILENT","items_purchased":[],"campfire_rested":0,"item_purchase_floors":[],"current_hp_per_floor":[64,64,62,62,61,57,53,50,50,72,43,43,43,27,27,0,0],"gold":228,"neow_bonus":"TEN_PERCENT_HP_BONUS","is_daily":false,"chose_seed":false,"campfire_upgraded":1,"win_rate":0.0,"timestamp":1609487752,"path_taken":["M","M","M","?","M","M","M","E","T","?","E","?","M","E","R","BOSS"],"items_purchased_type":[],"build_version":"2020-12-22","purchased_purges":0,"victory":false,"max_hp_per_floor":[72,72,72,72,72,72,72,72,72,72,72,72,72,72,72,72,72],"relic_stats":{"Happy Flower":[3],"counters":[11,49],"Gambling Chip":[24],"MealTicket":0,"obtain_stats":[{"Lantern":11,"Happy Flower":14,"Gambling Chip":9,"MealTicket":8,"Ring of the Snake":0},{"Lantern":8,"Happy Flower":10,"Gambling Chip":7,"MealTicket":7,"Ring of the Snake":0},{"Lantern":35,"Happy Flower":40,"Gambling Chip":28,"MealTicket":28,"Ring of the Snake":0}],"Ring of the Snake":[22]},"card_choices":[{"not_picked":["Blade Dance","Caltrops"],"picked":"All Out Attack","floor":1.0},{"not_picked":["Slice","Quick Slash"],"picked":"Blade Dance","floor":2.0},{"not_picked":["Escape Plan","Dodge and Roll"],"picked":"Dagger Spray","floor":3.0},{"not_picked":["Concentrate","PiercingWail","Deflect"],"picked":"SKIP","floor":5.0},{"not_picked":["Concentrate","PiercingWail","Deflect"],"picked":"SKIP","floor":5.0},{"not_picked":["Dagger Spray","Cloak And Dagger"],"picked":"Dagger Throw","floor":6.0},{"not_picked":["Cloak And Dagger","Dagger Spray"],"picked":"Masterful Stab","floor":7.0},{"not_picked":["Cloak And Dagger","Underhanded Strike"],"picked":"Corpse Explosion","floor":8},{"not_picked":["Bane","Reflex"],"picked":"Leg Sweep","floor":11},{"not_picked":["Dodge and Roll","Prepared","Setup"],"picked":"SKIP","floor":13},{"not_picked":["Dagger Throw","Bane"],"picked":"Outmaneuver","floor":14}],"player_experience":57338,"relics_obtained":[{"floor":8,"key":"MealTicket"},{"floor":9,"key":"Gambling Chip"},{"floor":11,"key":"Lantern"},{"floor":14,"key":"Happy Flower"}],"event_choices":[{"cards_removed":["Strike_G"],"damage_healed":0.0,"max_hp_gain":0.0,"max_hp_loss":0.0,"gold_gain":0.0,"event_name":"The Cleric","player_choice":"Card Removal","floor":4.0,"gold_loss":75.0,"damage_taken":0.0},{"cards_removed":["Masterful Stab"],"damage_healed":22,"gold_gain":0,"player_choice":"Offered Uncommon","damage_taken":0,"max_hp_gain":0,"max_hp_loss":0,"event_name":"Bonfire Elementals","floor":10,"gold_loss":0},{"damage_healed":0,"gold_gain":0,"player_choice":"0 cards matched","damage_taken":0,"max_hp_gain":0,"max_hp_loss":0,"event_name":"Match and Keep!","floor":12,"gold_loss":0,"cards_obtained":[]}],"is_beta":false,"boss_relics":[],"items_purged_floors":[],"is_endless":false,"potions_floor_spawned":[1,3,7,8,11,14],"killed_by":"Hexaghost","ascension_level":20}}