{"host":"i09pxcjttd31eh4q","time":1609523426,"event":{"mods":["AchievementEnabler","BaseMod","Colored Map","Keyboard Shortcuts","Minty Spire (QoL Compilation)","StSLib","SuperFastMode"],"gold_per_floor":[119,119,38,53,71,97,97,123,147,147,163,88,111,126,126,203,203,216,116,116,130,140,140,174,174,199,225,225,13,13,25,25,103,103,118,136,151,76,95,123,169,185,185,195,225,225,125,135,135,135,135,135,135,64,95,95,95],"floor_reached":56,"playtime":2826,"items_purged":["Strike_G","Strike_G","Defend_G"],"score":2114,"play_id":"340b6245-e8dc-432d-9257-758dc616d886","local_time":"20210102025026","is_ascension_mode":true,"campfire_choices":[{"data":"Well Laid Plans","floor":7.0,"key":"SMITH"},{"data":"Outmaneuver","floor":10.0,"key":"SMITH"},{"data":"Prepared","floor":15.0,"key":"SMITH"},{"data":"Malaise","floor":23.0,"key":"SMITH"},{"floor":25.0,"key":"REST"},{"data":"Acrobatics","floor":30.0,"key":"SMITH"},{"data":"Prepared","floor":32.0,"key":"SMITH"},{"floor":46,"key":"REST"},{"floor":49,"key":"RECALL"},{"floor":53,"key":"REST"}],"circlet_count":0,"master_deck":["AscendersBane","Defend_G","Defend_G","Defend_G","Survivor","Neutralize","Well Laid Plans+1","Slice+1","Outmaneuver+1","Backstab","Backflip","Terror","PiercingWail","Prepared+1","Grand Finale","Eviscerate+1","Malaise+1","Dagger Throw","Prepared+1","Acrobatics+1","Backflip","Concentrate+1","Acrobatics","Footwork","Reflex","Tactician"],"relics":["Ring of the Snake","PreservedInsect","Bag of Preparation","Nunchaku","Odd Mushroom","Sozu","Potion Belt","Pen Nib","Sundial","Medical Kit","Fusion Hammer","The Courier","Whetstone","Toy Ornithopter","Art of War","Strawberry"],"acts_visited":["Exordium","TheCity","TheBeyond","TheEnding"],"potions_floor_usage":[55],"damage_taken":[{"damage":5.0,"enemies":"Small Slimes","floor":1.0,"turns":4.0},{"damage":0.0,"enemies":"Jaw Worm","floor":4.0,"turns":4.0},{"damage":0.0,"enemies":"Cultist","floor":5.0,"turns":4.0},{"damage":12.0,"enemies":"Lagavulin","floor":6.0,"turns":5.0},{"damage":5.0,"enemies":"3 Sentries","floor":8.0,"turns":8.0},{"damage":14.0,"enemies":"Exordium Thugs","floor":11.0,"turns":9.0},{"damage":6.0,"enemies":"The Mushroom Lair","floor":13.0,"turns":6.0},{"damage":0.0,"enemies":"Exordium Wildlife","floor":14.0,"turns":4.0},{"damage":2.0,"enemies":"Hexaghost","floor":16.0,"turns":7.0},{"damage":2.0,"enemies":"2 Thieves","floor":18.0,"turns":4.0},{"damage":16.0,"enemies":"Shell Parasite","floor":21.0,"turns":6.0},{"damage":5.0,"enemies":"3 Cultists","floor":22.0,"turns":4.0},{"damage":13.0,"enemies":"Slavers","floor":24.0,"turns":6.0},{"damage":0.0,"enemies":"Gremlin Leader","floor":27.0,"turns":4.0},{"damage":0.0,"enemies":"Snake Plant","floor":31.0,"turns":3.0},{"damage":21.0,"enemies":"Collector","floor":33.0,"turns":6.0},{"damage":0.0,"enemies":"3 Shapes","floor":35.0,"turns":2.0},{"damage":0.0,"enemies":"Orb Walker","floor":36.0,"turns":2.0},{"damage":6.0,"enemies":"Maw","floor":37.0,"turns":5.0},{"damage":11.0,"enemies":"Jaw Worm Horde","floor":39.0,"turns":3.0},{"damage":0,"enemies":"Reptomancer","floor":40,"turns":2},{"damage":8,"enemies":"Writhing Mass","floor":42,"turns":3},{"damage":3,"enemies":"Sphere and 2 Shapes","floor":44,"turns":3},{"damage":0,"enemies":"Nemesis","floor":45,"turns":3},{"damage":0,"enemies":"Spire Growth","floor":48,"turns":2},{"damage":8,"enemies":"Awakened One","floor":50,"turns":6},{"damage":25,"enemies":"Donu and Deca","floor":51,"turns":4},{"damage":42,"enemies":"Shield and Spear","floor":55,"turns":4},{"damage":55,"enemies":"The Heart","floor":56,"turns":2}],"seed_played":"447736375977607400","potions_obtained":[{"floor":1.0,"key":"AttackPotion"},{"floor":4.0,"key":"SpeedPotion"},{"floor":6.0,"key":"SteroidPotion"},{"floor":11.0,"key":"SteroidPotion"}],"is_trial":false,"path_per_floor":["M","?","$","M","M","E","R","E","T","R","M","$","?","M","R","B",null,"M","$","?","M","M","R","E","R","T","E","T","$","R","M","R","B",null,"M","M","M","?","M","E","T","M","T","M","E","R","$","M","R","B","B",null,"R","$","E","B"],"character_chosen":"THE_SILENT","items_purchased":["Backstab","Medical Kit","Backflip","Tactician"],"campfire_rested":3,"item_purchase_floors":[3,29,29,54],"current_hp_per_floor":[54,47,47,47,47,35,35,30,30,30,16,16,10,10,10,8,47,45,45,45,29,24,24,11,29,29,29,29,29,29,29,29,8,47,47,47,41,41,30,30,30,22,22,19,19,37,37,37,37,29,4,46,60,60,27,0,0],"gold":95,"neow_bonus":"TRANSFORM_TWO_CARDS","is_daily":false,"chose_seed":false,"campfire_upgraded":6,"win_rate":0.0,"timestamp":1609523426,"path_taken":["M","?","$","M","M","E","R","E","T","R","M","$","?","?","R","BOSS","M","$","?","?","M","R","E","R","T","E","?","?","R","M","R","BOSS","M","M","M","?","?","E","?","M","T","M","E","R","?","?","R","BOSS","BOSS","R","$","E","BOSS"],"items_purchased_type":["Card","Relic","Card","Card"],"build_version":"2020-12-22","purchased_purges":3,"victory":false,"max_hp_per_floor":[60,60,60,60,60,60,60,60,60,60,60,60,60,60,60,60,60,60,60,60,60,60,60,60,60,60,60,60,60,60,60,60,60,60,60,60,60,60,60,60,60,60,60,60,60,60,60,60,60,60,60,60,60,60,67,67,67],"card_choices":[{"not_picked":["Choke","Bane"],"picked":"Outmaneuver","floor":1.0},{"not_picked":["Prepared","Catalyst"],"picked":"Backflip","floor":4.0},{"not_picked":["Endless Agony","Dodge and Roll"],"picked":"Terror","floor":5.0},{"not_picked":["Accuracy","Outmaneuver"],"picked":"PiercingWail","floor":6.0},{"not_picked":["Setup","Outmaneuver"],"picked":"Prepared","floor":8.0},{"not_picked":["Expertise","Quick Slash"],"picked":"Grand Finale","floor":11.0},{"not_picked":["Expertise","Dagger Spray"],"picked":"Eviscerate","floor":14.0},{"not_picked":["Doppelganger","Grand Finale"],"picked":"Malaise","floor":16.0},{"not_picked":["Deadly Poison","Flying Knee+1"],"picked":"Dagger Throw","floor":18.0},{"not_picked":["Predator","Terror"],"picked":"Prepared","floor":21.0},{"not_picked":["Deflect","Noxious Fumes","Blade Dance"],"picked":"SKIP","floor":22.0},{"not_picked":["Deflect","Skewer+1","Concentrate"],"picked":"SKIP","floor":24.0},{"not_picked":["Underhanded Strike","Predator"],"picked":"Acrobatics","floor":27.0},{"not_picked":["Deadly Poison","Bane"],"picked":"Concentrate+1","floor":31.0},{"not_picked":["Cloak And Dagger+1","Bane","Distraction"],"picked":"SKIP","floor":35.0},{"not_picked":["Dagger Spray","All Out Attack","Dodge and Roll"],"picked":"SKIP","floor":36.0},{"not_picked":["All Out Attack","Flying Knee","Underhanded Strike+1"],"picked":"SKIP","floor":37.0},{"not_picked":["Bane","Deflect"],"picked":"Acrobatics","floor":39.0},{"not_picked":["Slice","Blade Dance"],"picked":"Footwork","floor":40},{"not_picked":["Dodge and Roll","Prepared+1","Accuracy"],"picked":"SKIP","floor":42},{"not_picked":["Acrobatics","Blade Dance+1"],"picked":"Reflex","floor":44},{"not_picked":["Setup","Envenom","Skewer"],"picked":"SKIP","floor":45},{"not_picked":["Dagger Spray","Heel Hook","Well Laid Plans+1"],"picked":"SKIP","floor":48},{"not_picked":["Sucker Punch+1","PiercingWail","Dodge and Roll"],"picked":"SKIP","floor":55}],"player_experience":814227,"relics_obtained":[{"floor":6.0,"key":"PreservedInsect"},{"floor":8.0,"key":"Bag of Preparation"},{"floor":9.0,"key":"Nunchaku"},{"floor":13.0,"key":"Odd Mushroom"},{"floor":24.0,"key":"Potion Belt"},{"floor":26.0,"key":"Pen Nib"},{"floor":27.0,"key":"Sundial"},{"floor":40,"key":"The Courier"},{"floor":41,"key":"Whetstone"},{"floor":43,"key":"Toy Ornithopter"},{"floor":45,"key":"Art of War"},{"floor":55,"key":"Strawberry"}],"event_choices":[{"cards_removed":["Strike_G"],"damage_healed":0.0,"max_hp_gain":0.0,"max_hp_loss":0.0,"gold_gain":0.0,"event_name":"Golden Wing","player_choice":"Card Removal","floor":2.0,"gold_loss":0.0,"damage_taken":7.0},{"damage_healed":0.0,"max_hp_gain":0.0,"max_hp_loss":0.0,"gold_gain":0.0,"event_name":"Mushrooms","player_choice":"Fought Mushrooms","floor":13.0,"gold_loss":0.0,"damage_taken":0.0},{"damage_healed":0.0,"max_hp_gain":0.0,"max_hp_loss":0.0,"gold_gain":0.0,"event_name":"Lab","player_choice":"Got Potions","floor":20.0,"gold_loss":0.0,"damage_taken":0.0},{"cards_removed":["Strike_G"],"damage_healed":0.0,"max_hp_gain":0.0,"max_hp_loss":0.0,"gold_gain":0.0,"event_name":"Designer","player_choice":"Single Remove","floor":38.0,"gold_loss":75.0,"damage_taken":0.0}],"is_beta":false,"boss_relics":[{"not_picked":["Coffee Dripper","Pandora\u0027s Box"],"picked":"Sozu"},{"not_picked":["SlaversCollar","Philosopher\u0027s Stone"],"picked":"Fusion Hammer"}],"items_purged_floors":[12,19,47],"is_endless":false,"potions_floor_spawned":[1,4,6,11,16,22,24,36,37,40,42,44],"killed_by":"The Heart","ascension_level":20}}