{"host":"eocn4tduyrehyy81","time":1609519478,"event":{"mods":["AchievementEnabler","BaseMod","BetterRewards","Custom Start","Minty Spire (QoL Compilation)","Replay The Spire","StSLib"],"gold_per_floor":[109,119,119,119,294,294,394,25,25,25,38,38,54,75,75,201,201,221,91,91,132,132,132,153,153,180,180,199,124,143,41,41,41,41],"floor_reached":33,"playtime":1622,"items_purged":["Doubt"],"score":333,"play_id":"5495de2e-5ee7-4e18-81c2-a502e6eeb7d9","local_time":"20210101104438","is_ascension_mode":false,"campfire_choices":[{"data":"Zap","floor":6,"key":"SMITH"},{"data":"Lockon","floor":12,"key":"SMITH"},{"data":"Genetic Algorithm","floor":15,"key":"SMITH"},{"floor":23,"key":"REST"},{"floor":25,"key":"REST"},{"floor":32,"key":"REST"}],"circlet_count":0,"master_deck":["Strike_B","Strike_B","Strike_B","Strike_B","Defend_B","Defend_B","Defend_B","Defend_B","Zap+1","Dualcast","Ball Lightning","Hologram","Melter","Sweeping Beam","Redo","Injury","Pot Of Greed","Pot Of Greed","Gash","Genetic Algorithm+1","Lockon+1","BasicCrystalCard","FIFO Queue","BasicCrystalCard","Seek","Pot Of Greed","Ball Lightning","Rip and Tear","Rip and Tear","Conserve Battery+1","Gash","Barrage","Thunder Strike"],"relics":["Cracked Core","Vajra","ClockworkSouvenir","Bloody Idol","Grinning Jar","Counterbalance","FossilizedHelix","Philosopher\u0027s Stone","ReplayTheSpireMod:CursedCoin","Lantern","Red Mask","Orichalcum"],"acts_visited":["Exordium","TheCity"],"potions_floor_usage":[13,16,18,18,18,28,28,31],"damage_taken":[{"damage":0,"enemies":"Cultist","floor":1,"turns":3},{"damage":3,"enemies":"Small Slimes","floor":2,"turns":3},{"damage":0,"enemies":"Jaw Worm","floor":11,"turns":2},{"damage":2,"enemies":"Looter","floor":13,"turns":3},{"damage":0,"enemies":"3 Louse","floor":14,"turns":3},{"damage":14,"enemies":"Slime Boss","floor":16,"turns":6},{"damage":12,"enemies":"2 Thieves","floor":18,"turns":3},{"damage":32,"enemies":"Masked Bandits","floor":21,"turns":4},{"damage":7,"enemies":"Shell Parasite","floor":24,"turns":3},{"damage":11,"enemies":"Snecko","floor":28,"turns":4},{"damage":30,"enemies":"3 Cultists","floor":30,"turns":5},{"damage":82,"enemies":"Automaton","floor":33,"turns":6}],"seed_played":"1197965304659090508","potions_obtained":[{"floor":2,"key":"Elixir"},{"floor":13,"key":"Death Potion"},{"floor":16,"key":"EntropicBrew"},{"floor":21,"key":"Doom Potion"},{"floor":24,"key":"GamblersBrew"}],"is_trial":false,"path_per_floor":["M","M","?","?","?","R","?","$","T","$","M","R","M","M","R","B",null,"M","$","?","?","?","R","M","R","T","?","M","?","M","$","R","B"],"character_chosen":"DEFECT","items_purchased":["Vajra","Ball Lightning","Hologram","ClockworkSouvenir","Melter","PowerPotion","Counterbalance","Lockon","ReplayTheSpireMod:CursedCoin","Lantern","Rip and Tear","Fruit Juice"],"campfire_rested":3,"item_purchase_floors":[0,0,0,0,0,0,8,8,19,19,19,31],"current_hp_per_floor":[75,72,77,77,77,77,77,77,77,77,77,77,75,75,75,61,80,68,68,68,36,36,60,53,77,77,77,71,71,46,51,76,0,0],"gold":41,"neow_bonus":"","is_daily":false,"chose_seed":false,"campfire_upgraded":3,"win_rate":0.0,"timestamp":1609519478,"path_taken":["M","?","?","?","?","R","?","$","T","$","?","R","?","M","R","BOSS","M","$","?","?","?","R","M","R","T","?","?","?","M","$","R","BOSS"],"items_purchased_type":["Relic","Card","Card","Relic","Card","Potion","Relic","Card","Relic","Relic","Card","Potion"],"build_version":"2020-12-22","purchased_purges":1,"victory":false,"max_hp_per_floor":[75,75,80,80,80,80,80,80,80,80,80,80,80,80,80,80,80,80,80,80,80,80,80,80,80,80,80,80,80,80,85,85,85,85],"card_choices":[{"not_picked":["Rebound","ReplayTheSpireMod:System Scan"],"picked":"Sweeping Beam","floor":1},{"not_picked":["ReplaySolidLightProjector","BasicCrystalCard"],"picked":"Redo","floor":2},{"not_picked":["BasicCrystalCard","Sweeping Beam"],"picked":"Gash","floor":7},{"not_picked":["Panic Button","Chill"],"picked":"Genetic Algorithm","floor":7},{"not_picked":["Turbo","ReplaySort"],"picked":"BasicCrystalCard","floor":11},{"not_picked":["Compile Driver","Consume"],"picked":"FIFO Queue","floor":13},{"not_picked":["Redo","Chaos"],"picked":"BasicCrystalCard","floor":14},{"not_picked":["Reboot","Buffer"],"picked":"Seek","floor":16},{"not_picked":["Steam","Coolheaded+1"],"picked":"Ball Lightning","floor":18},{"not_picked":["Compile Driver","FIFO Queue"],"picked":"Conserve Battery+1","floor":21},{"not_picked":["Compile Driver","Leap"],"picked":"Gash","floor":24},{"not_picked":["Undo","Ball Lightning"],"picked":"Barrage","floor":28},{"not_picked":["Hologram","Rebound"],"picked":"Thunder Strike","floor":30}],"player_experience":57580,"relics_obtained":[{"floor":7,"key":"Grinning Jar"},{"floor":9,"key":"FossilizedHelix"},{"floor":21,"key":"Red Mask"},{"floor":26,"key":"Orichalcum"}],"event_choices":[{"damage_healed":0,"gold_gain":0,"player_choice":"Donut","damage_taken":0,"max_hp_gain":5,"max_hp_loss":0,"event_name":"Big Fish","floor":3,"gold_loss":0},{"damage_healed":0,"gold_gain":0,"player_choice":"Take Wound","damage_taken":0,"relics_obtained":["Golden Idol"],"max_hp_gain":0,"max_hp_loss":0,"event_name":"Golden Idol","floor":4,"gold_loss":0,"cards_obtained":["Injury"]},{"damage_healed":0,"gold_gain":175,"player_choice":"AGREE","damage_taken":0,"max_hp_gain":0,"max_hp_loss":0,"event_name":"Liars Game","floor":5,"gold_loss":0,"cards_obtained":["Doubt"]},{"damage_healed":0,"gold_gain":0,"player_choice":"Ignored","damage_taken":0,"max_hp_gain":0,"max_hp_loss":0,"event_name":"Vampires","floor":20,"gold_loss":0},{"damage_healed":0,"gold_gain":0,"player_choice":"Fought Bandits","damage_taken":0,"max_hp_gain":0,"max_hp_loss":0,"event_name":"Masked Bandits","floor":21,"gold_loss":0},{"damage_healed":0,"gold_gain":0,"player_choice":"Gave Idol","damage_taken":0,"relics_obtained":["Bloody Idol"],"max_hp_gain":0,"max_hp_loss":0,"event_name":"Forgotten Altar","floor":27,"relics_lost":["Golden Idol"],"gold_loss":0},{"cards_removed":["Spreading Infection"],"damage_healed":0,"gold_gain":0,"player_choice":"Gave Gold","damage_taken":0,"max_hp_gain":0,"max_hp_loss":0,"event_name":"Beggar","floor":29,"gold_loss":75}],"is_beta":false,"boss_relics":[{"not_picked":["Coffee Dripper","FrozenCore"],"picked":"Philosopher\u0027s Stone"}],"items_purged_floors":[19],"is_endless":false,"potions_floor_spawned":[2,13,16,21,24],"killed_by":"Automaton","ascension_level":0}}