{"host":"y3iy5gb13b300rns","time":1609459421,"event":{"mods":["BaseMod","Bestiary","Curses Come First","Minty Spire (QoL Compilation)","Replay The Spire","StSLib","The Runesmith"],"gold_per_floor":[112,112,112,131,151,151,182,182,251,268,268,283,283,297,297,398,398,408,408,87,27,27,27],"floor_reached":22,"playtime":1814,"items_purged":[],"score":234,"play_id":"f91042d6-040e-4648-8d04-9e964b47302a","local_time":"20201231180341","is_ascension_mode":false,"campfire_choices":[{"floor":6.0,"key":"REST"},{"floor":8.0,"key":"REST"},{"floor":15.0,"key":"REST"}],"circlet_count":0,"master_deck":["Runesmith:Strike_RS+1","Runesmith:Strike_RS","Runesmith:Strike_RS+1","Runesmith:Strike_RS","Runesmith:Defend_RS","Runesmith:Defend_RS","Runesmith:Defend_RS","Runesmith:Defend_RS","Runesmith:CraftFirestone","Runesmith:Fortify","Runesmith:CraftProtectio+1","Runesmith:EnergizedChisel+1","Runesmith:MakeshiftArmor","Runesmith:PerfectChisel","Runesmith:HeatedChisel","Runesmith:Electrocute","Runesmith:CraftPrismatica","Doubt","Delirium","Runesmith:EarthShield","Runesmith:LightningRod","Runesmith:LithiumIon","Runesmith:HammerAndChisel"],"relics":["Runesmith:BrokenRuby","Runesmith:MiniCore","Potion Belt","Replay:Ringing Soul","Ring of Fangs","Ring of Hypnosis","Astrolabe","White Beast Statue"],"acts_visited":["Exordium","TheCity"],"potions_floor_usage":[22,22,22],"damage_taken":[{"damage":3.0,"enemies":"Small Slimes","floor":1.0,"turns":3.0},{"damage":6.0,"enemies":"Jaw Worm","floor":4.0,"turns":3.0},{"damage":1.0,"enemies":"2 Louse","floor":5.0,"turns":3.0},{"damage":25.0,"enemies":"Lagavulin","floor":7.0,"turns":9.0},{"damage":1.0,"enemies":"Red Slaver","floor":10.0,"turns":4.0},{"damage":15.0,"enemies":"2 Fungi Beasts","floor":12.0,"turns":4.0},{"damage":15.0,"enemies":"Lots of Slimes","floor":14.0,"turns":6.0},{"damage":22.0,"enemies":"Slime Boss","floor":16.0,"turns":15.0},{"damage":45.0,"enemies":"Spheric Guardian","floor":18.0,"turns":9.0},{"damage":0.0,"enemies":"2 Thieves","floor":21.0,"turns":4.0},{"damage":36,"enemies":"Sentry and Sphere","floor":22,"turns":5}],"seed_played":"6004134649769693241","potions_obtained":[{"floor":5.0,"key":"Elixir"},{"floor":7.0,"key":"FearPotion"},{"floor":14.0,"key":"Block Potion"},{"floor":18.0,"key":"Ancient Potion"},{"floor":21.0,"key":"Languid Potion"}],"is_trial":false,"path_per_floor":["M","?","?","M","M","R","E","R","T","M","?","M","?","M","R","B",null,"M","?","$","M","M"],"character_chosen":"RUNESMITH_CLASS","items_purchased":["White Beast Statue","Runesmith:LithiumIon"],"campfire_rested":3,"item_purchase_floors":[20,20],"current_hp_per_floor":[67,67,53,47,46,67,42,63,63,65,68,56,56,44,68,49,88,46,49,52,55,19,19],"gold":27,"neow_bonus":"RANDOM_EVENT","is_daily":false,"chose_seed":false,"campfire_upgraded":0,"win_rate":0.0,"timestamp":1609459421,"path_taken":["M","?","?","M","M","R","E","R","T","M","?","M","?","?","R","BOSS","M","?","$","M","M"],"items_purchased_type":["Relic","Card"],"build_version":"2020-12-22","purchased_purges":0,"victory":false,"max_hp_per_floor":[70,70,70,70,70,70,70,70,70,73,76,79,79,82,82,85,88,91,94,97,100,100,100],"card_choices":[{"not_picked":["Runesmith:Accelerate","Runesmith:HeatedChisel"],"picked":"Runesmith:CraftProtectio","floor":1.0},{"not_picked":["Runesmith:Overpower","Runesmith:Repurpose"],"picked":"Runesmith:EnergizedChisel","floor":4.0},{"not_picked":["Runesmith:ArcReactor","Runesmith:UnstableHammer"],"picked":"Runesmith:MakeshiftArmor","floor":5.0},{"not_picked":["Runesmith:Terraform","Runesmith:CraftReservo"],"picked":"Runesmith:PerfectChisel","floor":7.0},{"not_picked":["Runesmith:HammerThrow","Runesmith:RuneHurl"],"picked":"Runesmith:HeatedChisel","floor":10.0},{"not_picked":["Runesmith:PerfectChisel","Runesmith:DoubleUp"],"picked":"Runesmith:Electrocute","floor":12.0},{"not_picked":["Runesmith:CraftProtectio","Runesmith:HammerTime"],"picked":"Runesmith:CraftMagma","floor":14.0},{"not_picked":["Runesmith:GenerateForcefield","Runesmith:ReplicatingBarrier"],"picked":"Runesmith:CraftPrismatica","floor":16.0},{"not_picked":["Runesmith:HammerThrow","Runesmith:ShiftingStrike"],"picked":"Runesmith:EarthShield","floor":18.0},{"not_picked":["Runesmith:Grindstone","Runesmith:NanitesCloud"],"picked":"Runesmith:HammerAndChisel","floor":21.0}],"player_experience":395060,"relics_obtained":[{"floor":7.0,"key":"Potion Belt"},{"floor":9.0,"key":"Replay:Ringing Soul"},{"floor":11.0,"key":"Ring of Fangs"},{"floor":11.0,"key":"Ring of Hypnosis"}],"event_choices":[{"damage_healed":0.0,"max_hp_gain":0.0,"max_hp_loss":0.0,"gold_gain":0.0,"event_name":"Big Fish","player_choice":"Box","floor":0.0,"gold_loss":0.0,"damage_taken":0.0,"relics_obtained":["Runesmith:MiniCore"],"cards_obtained":["Regret"]},{"damage_healed":0.0,"max_hp_gain":0.0,"max_hp_loss":0.0,"gold_gain":0.0,"event_name":"Living Wall","player_choice":"Grow","floor":2.0,"gold_loss":0.0,"damage_taken":0.0,"cards_upgraded":["Runesmith:CraftProtectio"]},{"damage_healed":0.0,"max_hp_gain":0.0,"max_hp_loss":0.0,"gold_gain":0.0,"event_name":"Shining Light","player_choice":"Entered Light","floor":3.0,"gold_loss":0.0,"damage_taken":14.0,"cards_upgraded":["Runesmith:Strike_RS","Runesmith:Strike_RS"]},{"damage_healed":0.0,"max_hp_gain":0.0,"max_hp_loss":0.0,"gold_gain":0.0,"event_name":"Upgrade Shrine","player_choice":"Upgraded","floor":13.0,"gold_loss":0.0,"damage_taken":0.0,"cards_upgraded":["Runesmith:EnergizedChisel"]},{"damage_healed":0.0,"max_hp_gain":0.0,"max_hp_loss":0.0,"gold_gain":0.0,"cards_transformed":["Runesmith:LastStand"],"event_name":"Transmorgrifier","player_choice":"Transformed","floor":19.0,"gold_loss":0.0,"damage_taken":0.0,"cards_obtained":["Runesmith:LightningRod"]}],"is_beta":false,"boss_relics":[{"not_picked":["Sozu","Runesmith:UraniumAnvil"],"picked":"Astrolabe"}],"items_purged_floors":[],"is_endless":false,"potions_floor_spawned":[5,7,14,18,21],"killed_by":"Sentry and Sphere","ascension_level":0}}