{"host":"ye7dkdlypz0ka1od","time":1609521297,"event":{"mods":["Act Like it!","Aspiration","BaseMod","Better Third Choice","Gensokyo","Hallownest","Hubris","Infinite Spire","Marisa????????","Minty Spire (QoL Compilation)","Replay The Spire","StSLib"],"gold_per_floor":[114,132,150,150,160,191,191,204,259,269,269,269,269,299,299,395,395,413,413,413,488,502,532,532,544,625,644,662,86,98,123,123,220,220,232,248,348,365,365,398,408,422,422,435,435,446,446,456,456,561,561,569,569,409,418,418,418,418,177,177,199,203,203,214,239,239,323,323,333,392,392,401,657,669,669,692,718,721,444,444,444,443,443,512,512,774,777,777,932,932,953,970,970,993,993,1003,1007,1009,723,723,799,899,905,905,904,804,800,1064,1064,1064,1087,1012,526,526,523,546,546,620,620,634,683,683,886,887,897,900,962,1016,757,761,761,761,763,852,930,930,939,939,941,941,941,973,973,1121,1121,1121,1121,1120,1130,1134,1134,1194,1194,1194,951,967,1053],"floor_reached":158,"playtime":8164,"items_purged":["Injury","Defend_MRS","BlazingStar+1","Immolate","ManaConvection+1","Strike_MRS","Shame","UpSweep+1","Writhe"],"score":4433,"play_id":"c7c119ed-4a1e-4243-bc4a-46724bfc7bb0","local_time":"20210101121457","is_ascension_mode":false,"campfire_choices":[{"data":"BlazingStar","floor":7.0,"key":"SMITH"},{"data":"MilkyWay","floor":11.0,"key":"SMITH"},{"floor":13.0,"key":"REST"},{"data":"LuminesStrike","floor":15.0,"key":"SMITH"},{"data":"FinalSpark","floor":24.0,"key":"SMITH"},{"floor":32.0,"key":"DIG"},{"data":"infinitespire:NeuralNetwork","floor":47.0,"key":"SMITH"},{"data":"Whirlwind","floor":49.0,"key":"SMITH"},{"data":"Berserk","floor":57.0,"key":"SMITH"},{"data":"Barricade","floor":66.0,"key":"SMITH"},{"data":"MillisecondPulsars","floor":81.0,"key":"SMITH"},{"data":"UpSweep","floor":83.0,"key":"SMITH"},{"data":"StarBarrage","floor":100.0,"key":"SMITH"},{"data":"MasterSpark","floor":110.0,"key":"SMITH"},{"data":"RefractionSpark","floor":114.0,"key":"SMITH"},{"data":"ShootTheMoon","floor":117.0,"key":"SMITH"},{"data":"ShootingEcho","floor":143.0,"key":"SMITH"},{"data":"Flash of Steel","floor":146,"key":"SMITH"},{"data":"StarBarrage+1","floor":151,"key":"PURGE"},{"floor":154,"key":"RECALL"}],"circlet_count":0,"master_deck":["ShootingEcho+1","RefractionSpark+1","MilkyWay+1","PulseMagic+1","UltimateShortwave+1","UltimateShortwave+1","CollectingQuirk+1","FinalSpark+1","infinitespire:NeuralNetwork+1","infinitespire:Fortify+1","MilkyWay+1","MilkyWay+1","MilkyWay+1","BlazeAway+1","Whirlwind+1","Offering+1","AbeCurse","infinitespire:OneForAll+1","Berserk+1","Necronomicurse","hubris:ReadiedAction+1","MillisecondPulsars+1","Barricade+1","hubris:Fate+1","BinaryStars+1","Singularity+1","Secret Weapon+1","Finesse+1","infinitespire:TheBestDefense+1","MilkyWay+1","Hallownest:skillGreenpathMap+1","Secret Technique+1","6A+1","Flash of Steel+1","infinitespire:Collect+1","Amplify+1","infinitespire:TheBestDefense+1","SpiritShield+1","Second Wind+1","Acceleration+1"],"relics":["BewitchedHakkero","aspiration:Nostalgia","Sizzling Blood","Toxic Egg 2","Replay:PocketPolymizer","aspiration:TomeofQuesting","Ice Cream","aspiration:HummingbirdHeart","Replay:Blank Codex","Lee\u0027s Waffle","hubris:CrystalStatue","AmplifyWand","Replay:Wax Seal","Chameleon Ring","Replay:WaspNest","Torii","aspiration:IroncladSkillbook","Medical Kit","Abe\u0027s Treasure","CaptainsWheel","Singing Bowl","SacredBark","Necronomicon","ClockworkSouvenir","Shuriken","Omamori","Gensokyo:LunaticRedEyes","Tiny Chest","hubris:ScarierMask","StrikeDummy","Gensokyo:MosesMiracle","Replay:Ringing Soul","hubris:TenFootPole","Replay:Baseball","PrismaticShard","Gensokyo:DirgeOfMelancholy","Turnip","hubris:Stopwatch","hubris:MedicalManual","Bird Faced Urn","War Paint","aspiration:HiddenCompartment","hubris:PeanutButter","DollysMirror","Replay:Wanted Poster","hubris:BundleOfHerbs","Anchor","Hallownest:DreamNailRelic","aspiration:FrozenJewel","infinitespire:Lucky Rock","hubris:ToyBattleship","TungstenRod","Prayer Wheel","Akabeko","Kintsugi","Toy Ornithopter","Blood Vial","Juzu Bracelet","Mummified Hand","hubris:SlimyHat","Bird Faced Urn","Replay:Bottled Eggs","Mango","Philosopher\u0027s Stone","Bird Faced Urn","ReplayTheSpireMod:TigerMarble","infinitespire:CursedDice","Smiling Mask","Ancient Tea Set","ReplayFunnel","CatCart","ExperimentalFamiliar","Vajra","Bag of Marbles"],"acts_visited":["Exordium","TheCity","TheBeyond","TheBeyond","Gensokyo:Gensokyo","Gensokyo:Gensokyoer","Gensokyo:Gensokyoest","Hallownest:Greenpath","TheBeyond","TheEnding"],"potions_floor_usage":[157],"damage_taken":[{"damage":0.0,"enemies":"Small Slimes","floor":1.0,"turns":3.0},{"damage":6.0,"enemies":"Jaw Worm","floor":2.0,"turns":3.0},{"damage":1.0,"enemies":"Cultist","floor":3.0,"turns":3.0},{"damage":1.0,"enemies":"2 Fungi Beasts","floor":5.0,"turns":4.0},{"damage":34.0,"enemies":"3 Sentries","floor":6.0,"turns":9.0},{"damage":26.0,"enemies":"Gremlin Gang","floor":8.0,"turns":4.0},{"damage":5.0,"enemies":"Looter","floor":10.0,"turns":3.0},{"damage":0.0,"enemies":"Lagavulin","floor":14.0,"turns":4.0},{"damage":19.0,"enemies":"The Guardian","floor":16.0,"turns":8.0},{"damage":0.0,"enemies":"Spheric Guardian","floor":18.0,"turns":3.0},{"damage":0.0,"enemies":"2 Thieves","floor":22.0,"turns":3.0},{"damage":28.0,"enemies":"Slavers","floor":23.0,"turns":4.0},{"damage":0.0,"enemies":"Centurion and Healer","floor":25.0,"turns":3.0},{"damage":0.0,"enemies":"Shelled Parasite and Fungi","floor":27.0,"turns":3.0},{"damage":3.0,"enemies":"Snecko","floor":28.0,"turns":3.0},{"damage":0.0,"enemies":"Snake Plant","floor":30.0,"turns":3.0},{"damage":13.0,"enemies":"Nightmare","floor":31.0,"turns":6.0},{"damage":0.0,"enemies":"Automaton","floor":33.0,"turns":6.0},{"damage":1.0,"enemies":"Orb Walker","floor":35.0,"turns":4.0},{"damage":0.0,"enemies":"3 Darklings","floor":36.0,"turns":5.0},{"damage":1.0,"enemies":"Maw","floor":38.0,"turns":6.0},{"damage":7.0,"enemies":"Nemesis","floor":40.0,"turns":4.0},{"damage":17.0,"enemies":"Spire Growth","floor":41.0,"turns":3.0},{"damage":6.0,"enemies":"Writhing Mass","floor":42.0,"turns":4.0},{"damage":16.0,"enemies":"Jaw Worm Horde","floor":44.0,"turns":3.0},{"damage":6.0,"enemies":"Transient","floor":46.0,"turns":5.0},{"damage":6.0,"enemies":"Writhing Mass","floor":48.0,"turns":4.0},{"damage":38.0,"enemies":"hubris:GrandSnecko","floor":50.0,"turns":13.0},{"damage":1.0,"enemies":"Gensokyo:2_Kodama","floor":52.0,"turns":2.0},{"damage":0.0,"enemies":"Gensokyo:3_Fairies","floor":53.0,"turns":3.0},{"damage":0.0,"enemies":"Gensokyo:Gryphon","floor":55.0,"turns":1.0},{"damage":0.0,"enemies":"Gensokyo:Mamizou","floor":61.0,"turns":2.0},{"damage":6.0,"enemies":"Gensokyo:VengefulSpirit","floor":62.0,"turns":2.0},{"damage":0.0,"enemies":"Gensokyo:LivingMonolith","floor":64.0,"turns":2.0},{"damage":0.0,"enemies":"Gensokyo:Aya","floor":65.0,"turns":2.0},{"damage":6.0,"enemies":"Gensokyo:Kokoro","floor":67.0,"turns":4.0},{"damage":0.0,"enemies":"Gensokyo:3_Dogs","floor":69.0,"turns":2.0},{"damage":0.0,"enemies":"Gensokyo:CosmicMonolith","floor":72.0,"turns":2.0},{"damage":0.0,"enemies":"Gensokyo:Mirror_and_Dog","floor":73.0,"turns":2.0},{"damage":0.0,"enemies":"Gensokyo:Tenshi","floor":74.0,"turns":3.0},{"damage":0.0,"enemies":"Gensokyo:Slime_Group","floor":78.0,"turns":2.0},{"damage":6.0,"enemies":"Gensokyo:Wraith","floor":82.0,"turns":2.0},{"damage":8.0,"enemies":"Gensokyo:Eternal_Rivals","floor":84.0,"turns":6.0},{"damage":6.0,"enemies":"Gensokyo:3_Bats","floor":86.0,"turns":3.0},{"damage":0.0,"enemies":"Gensokyo:AncientGuardian","floor":87.0,"turns":2.0},{"damage":0.0,"enemies":"Gensokyo:Sharpion","floor":89.0,"turns":3.0},{"damage":3.0,"enemies":"Gensokyo:Doremy","floor":91.0,"turns":3.0},{"damage":0.0,"enemies":"Gensokyo:Dusk_and_Dawn","floor":92.0,"turns":1.0},{"damage":0.0,"enemies":"Gensokyo:SeedOfUnknown","floor":96.0,"turns":1.0},{"damage":0.0,"enemies":"Gensokyo:Rafflesia","floor":97.0,"turns":3.0},{"damage":0.0,"enemies":"Gensokyo:Dusk_and_Dawn","floor":98.0,"turns":3.0},{"damage":12.0,"enemies":"Gensokyo:Shinki","floor":101.0,"turns":4.0},{"damage":0.0,"enemies":"Hallownest:monsterHuskGuard","floor":103.0,"turns":3.0},{"damage":0.0,"enemies":"Hallownest:monsterHuskWarrior","floor":105.0,"turns":3.0},{"damage":0.0,"enemies":"Hallownest:2_MossCreeps","floor":107.0,"turns":4.0},{"damage":0.0,"enemies":"Hallownest:eliteVengeflyKing","floor":108.0,"turns":3.0},{"damage":0.0,"enemies":"Hallownest:MossCreep_and_Mosskin","floor":115.0,"turns":3.0},{"damage":0.0,"enemies":"Hallownest:eliteCrystalGuardian","floor":116.0,"turns":2.0},{"damage":0.0,"enemies":"Hallownest:BossBrokenVessel","floor":118.0,"turns":3.0},{"damage":0.0,"enemies":"Hallownest:2_Mistakes","floor":120.0,"turns":1.0},{"damage":0.0,"enemies":"Hallownest:Guard_and_Sentry","floor":124.0,"turns":2.0},{"damage":0.0,"enemies":"Hallownest:Nosk","floor":125.0,"turns":3.0},{"damage":0.0,"enemies":"Hallownest:Warrior_and_Youth","floor":126.0,"turns":2.0},{"damage":0.0,"enemies":"Hallownest:Glutton_and_Coward","floor":127.0,"turns":2.0},{"damage":0.0,"enemies":"Nightmare","floor":130.0,"turns":3.0},{"damage":0.0,"enemies":"Hallownest:eliteWatcherKnight","floor":133.0,"turns":5.0},{"damage":0.0,"enemies":"Hallownest:BossMantisLord","floor":135.0,"turns":2.0},{"damage":0.0,"enemies":"3 Darklings","floor":137.0,"turns":1.0},{"damage":0.0,"enemies":"Orb Walker","floor":139.0,"turns":1.0},{"damage":0.0,"enemies":"Nightmare","floor":142.0,"turns":1.0},{"damage":0.0,"enemies":"infinitespire:Three Voidlings","floor":144.0,"turns":2.0},{"damage":0.0,"enemies":"Nightmare_Alpha","floor":144.0,"turns":7.0},{"damage":0,"enemies":"Reptomancer","floor":148,"turns":2},{"damage":0,"enemies":"Writhing Mass","floor":149,"turns":2},{"damage":0,"enemies":"Orin","floor":150,"turns":4},{"damage":0,"enemies":"infinitespire:LordOfFortification","floor":152,"turns":4},{"damage":0,"enemies":"Shield and Spear","floor":156,"turns":1},{"damage":0,"enemies":"The Heart","floor":157,"turns":7}],"seed_played":"-293989582505779821","potions_obtained":[{"floor":5.0,"key":"Regen Potion"},{"floor":6.0,"key":"Milkshake"},{"floor":10.0,"key":"GamblersBrew"},{"floor":14.0,"key":"Strength Potion"},{"floor":16.0,"key":"DistilledChaos"},{"floor":25.0,"key":"SkillPotion"},{"floor":30.0,"key":"BlessingOfTheForge"},{"floor":33.0,"key":"SteroidPotion"},{"floor":35.0,"key":"AttackPotion"},{"floor":36.0,"key":"SpeedPotion"},{"floor":42.0,"key":"Elixir"},{"floor":48.0,"key":"Elixir"},{"floor":52.0,"key":"AttackPotion"},{"floor":61.0,"key":"DuplicationPotion"},{"floor":64.0,"key":"Venom Potion"},{"floor":70.0,"key":"SkillPotion"},{"floor":107.0,"key":"Dexterity Potion"},{"floor":157,"key":"GamblersBrew"}],"is_trial":false,"path_per_floor":["M","M","M","?","M","E","R","M","T","M","R","T","R","E","R","B",null,"M","?","AVR","?","M","E","R","M","T","M","M","$","M","NM","R","B",null,"M","M","?","M","AVR","E","M","M","T","M","?","M","R","M","R","B",null,"M","M","?","M","?","R","?","COS","T","?","M","?","M","E","R","B",null,"M","?","?","M","M","E","AVR","T","T","M","COS","?","R","M","R","B",null,"M","M","?","M","AVR","E","M","?","T","T","M","M","M","COS","R","B",null,"M","?","M","$","M","E","T","R","T","?","$","R","M","E","R","B",null,"M","T","?","?","M","E","M","M","T","$","NM","AVR","T","E","R","B",null,"M","AVR","M","?","?","NM","R","?","T","R","?","E","M","?","R","B",null,"R","$","E","B",null],"character_chosen":"MARISA","items_purchased":["Replay:Wax Seal","Chameleon Ring","Apotheosis+1","MilkyWay+1","Secret Technique+1","TungstenRod","Mummified Hand","Vajra","Acceleration+1"],"campfire_rested":1,"item_purchase_floors":[29,29,29,29,113,113,129,155,155],"current_hp_per_floor":[79,77,79,79,79,63,63,41,41,40,40,40,63,67,67,52,79,79,63,86,78,82,58,58,62,62,66,67,67,71,62,62,66,86,86,86,86,86,86,86,77,79,79,73,73,77,77,81,81,51,89,91,93,93,95,95,95,95,95,95,95,95,95,97,97,97,97,97,99,62,62,72,82,93,98,98,98,108,111,111,114,118,121,124,129,131,133,107,117,117,128,138,138,138,138,141,143,145,148,148,146,150,152,152,154,154,156,158,158,161,161,164,167,167,171,173,173,175,178,183,183,183,183,188,190,194,198,198,198,200,203,203,219,219,222,222,226,226,230,230,233,235,238,241,241,244,244,246,250,252,255,258,258,261,264,266,268],"gold":1053,"neow_bonus":"NOSTALGIA","is_daily":false,"chose_seed":false,"campfire_upgraded":16,"win_rate":0.0,"timestamp":1609521297,"path_taken":["M","M","M","?","M","E","R","M","T","M","R","?","R","E","R","BOSS","M","?","AVR","?","M","E","R","M","T","?","M","$","M","NM","R","BOSS","M","M","?","M","AVR","E","M","?","T","?","?","M","R","M","R","BOSS","M","M","?","M","?","R","?","COS","T","?","?","?","M","E","R","BOSS","M","?","?","M","?","E","AVR","?","T","M","COS","?","R","M","R","BOSS","M","M","?","M","AVR","E","M","?","T","?","M","?","M","COS","R","BOSS","M","?","?","$","M","E","?","R","T","?","?","R","?","E","R","BOSS","M","?","?","?","M","E","M","M","T","?","NM","AVR","?","E","R","BOSS","M","AVR","M","?","?","NM","R","?","T","R","?","E","M","?","R","BOSS","R","$","E","BOSS"],"items_purchased_type":["Relic","Relic","Card","Card","Card","Relic","Relic","Relic","Card"],"build_version":"2020-12-22","purchased_purges":9,"victory":true,"max_hp_per_floor":[79,79,79,79,79,79,79,79,79,79,79,79,79,79,79,79,79,79,79,86,86,86,86,86,86,86,86,86,86,86,86,86,86,86,86,86,86,86,86,86,86,86,86,88,85,87,87,89,89,89,89,91,93,93,95,95,95,95,95,95,95,95,95,97,97,97,97,97,99,101,101,103,105,108,113,113,113,115,118,118,121,123,126,129,129,131,133,133,135,135,137,139,139,139,139,141,143,145,148,148,150,150,152,152,154,154,156,158,158,161,161,164,167,167,171,173,173,175,178,183,183,183,183,188,190,194,198,198,198,200,203,203,219,219,222,222,226,226,230,230,233,235,238,241,241,244,244,246,250,252,255,258,258,261,264,266,268],"card_choices":[{"not_picked":["EarthLightRay","SporeBomb"],"picked":"ShootingEcho","floor":1.0},{"not_picked":["WitchLeyline","DeepEcoloBomb"],"picked":"RefractionSpark","floor":2.0},{"not_picked":["WitchOfGreed","MysteriousBeam"],"picked":"MilkyWay","floor":3.0},{"not_picked":["DoubleSpark","WitchLeyline"],"picked":"PulseMagic+1","floor":5.0},{"not_picked":["DarkMatter+1","MilkyWay+1"],"picked":"UltimateShortwave+1","floor":6.0},{"not_picked":["GrandCross","GalacticHalo+1"],"picked":"LuminesStrike","floor":8.0},{"not_picked":["GravityBeat","GalacticHalo+1"],"picked":"ShootTheMoon","floor":10.0},{"not_picked":["ChargeUpSpray","GalacticHalo+1"],"picked":"SuperPerseids+1","floor":14.0},{"not_picked":["UltimateShortwave+1","AbsoluteMagnitude"],"picked":"FinalSpark","floor":16.0},{"not_picked":["IllusionStar+1","DeepEcoloBomb","ShootingEcho+1"],"picked":"SKIP","floor":18.0},{"not_picked":["NonDirectionalLaser","DC"],"picked":"StarBarrage","floor":22.0},{"not_picked":["JA","DeepEcoloBomb+1"],"picked":"AsteroidBelt+1","floor":23.0},{"not_picked":["GravityBeat+1","ChargingUp+1"],"picked":"GalacticHalo+1","floor":25.0},{"not_picked":["DarkMatter+1","Acceleration+1"],"picked":"MilkyWay+1","floor":27.0},{"not_picked":["SporeBomb+1","LuminesStrike","FairyDestructionRay+1"],"picked":"SKIP","floor":28.0},{"not_picked":["GalacticHalo+1","MilkyWay+1"],"picked":"BlazeAway+1","floor":30.0},{"not_picked":["SatelliteIllusion","EnergyRecoil+1","WitchOfGreed"],"picked":"SKIP","floor":31.0},{"not_picked":["BlazingStar","TreasureHunter"],"picked":"SatelliteIllusion","floor":33.0},{"not_picked":["MilkyWay+1","Havoc+1","Perfected Strike"],"picked":"Whirlwind","floor":35.0},{"not_picked":["DragonMeteor","GalacticHalo+1","Wild Strike+1","Sever Soul"],"picked":"SKIP","floor":36.0},{"not_picked":["Wild Strike","hubris:ReadiedAction+1","Flex+1"],"picked":"Offering+1","floor":38.0},{"not_picked":["Wild Strike","ReplayTheSpireMod:Strike From Hell","NonDirectionalLaser+1"],"picked":"infinitespire:OneForAll+1","floor":40.0},{"not_picked":["Dual Wield+1","Intimidate+1","ShootingEcho","Replay:Undeath\u0027s Touch+1"],"picked":"SKIP","floor":41.0},{"not_picked":["MachineGunSpark+1","Rupture+1","Flame Barrier+1","MeteoricShower+1"],"picked":"SKIP","floor":42.0},{"not_picked":["Armaments+1","ShootTheMoon","Warcry+1","Spot Weakness+1"],"picked":"Singing Bowl","floor":44.0},{"not_picked":["hubris:ReadiedAction+1","Body Slam+1","Replay:Undeath\u0027s Touch+1","Massacre+1"],"picked":"Singing Bowl","floor":46.0},{"not_picked":["ShootingEcho+1","Sword Boomerang+1","ChargeUpSpray+1","UnstableBomb+1"],"picked":"Singing Bowl","floor":48.0},{"not_picked":["Immolate","Impervious+1","Hemogenesis"],"picked":"Berserk","floor":50.0},{"not_picked":["Dropkick","LuminesStrike","Abandon+1","Anger"],"picked":"Singing Bowl","floor":52.0},{"not_picked":["ChargingUp+1","Rupture","Iron Wave","Shockwave+1"],"picked":"Singing Bowl","floor":53.0},{"not_picked":["ManaConvection+1","Reckless Charge","GasGiant+1","ChargeUpSpray"],"picked":"Singing Bowl","floor":55.0},{"not_picked":["FairyDestructionRay","Thunderclap","OrrerysSun"],"picked":"hubris:ReadiedAction+1","floor":61.0},{"not_picked":["Anger","MeteoricShower","Havoc+1"],"picked":"MillisecondPulsars","floor":62.0},{"not_picked":["MilkyWay+1","Flex+1","Run Through","GrandCross"],"picked":"Singing Bowl","floor":64.0},{"not_picked":["Anger","Evolve","Robbery"],"picked":"Barricade","floor":65.0},{"not_picked":["infinitespire:SealOfDarkness+","ReplayTheSpireMod:??????????????????????"],"picked":"hubris:Fate","floor":67.0},{"not_picked":["Reaper","JA","FinalSpark"],"picked":"BinaryStars+1","floor":67.0},{"not_picked":["PowerUp+1","MysteriousBeam","Pummel","ShootingEcho"],"picked":"Singing Bowl","floor":69.0},{"not_picked":["Rage+1","Ghostly Armor+1","SporeBomb+1","Wild Strike+1"],"picked":"Singing Bowl","floor":70.0},{"not_picked":["Occultation+1","Rage+1","hubris:ReadiedAction+1","True Grit+1"],"picked":"Singing Bowl","floor":72.0},{"not_picked":["BlazeAway+1","BinaryStars+1","GravityBeat","DoubleSpark"],"picked":"Singing Bowl","floor":73.0},{"not_picked":["Cleave","Heavy Blade","StarBarrage"],"picked":"Singularity+1","floor":74.0},{"not_picked":["Violence","Sadistic Nature","Crow Ritual"],"picked":"Secret Weapon","floor":75.0},{"not_picked":["ReplayTheSpireMod:Trickstab","Dark Shackles","Apotheosis"],"picked":"Finesse","floor":75.0},{"not_picked":["Transmutation","Metamorphosis","Replay:Sssssssssshield","Crow Ritual"],"picked":"Singing Bowl","floor":75.0},{"not_picked":["LuminesStrike+1","Clothesline","ChargeUpSpray","IllusionStar+1"],"picked":"Singing Bowl","floor":78.0},{"not_picked":["FTL","Dark Shackles+1","Blur+1","FollowUp"],"picked":"Singing Bowl","floor":82.0},{"not_picked":["Midas Touch+1","Magnetism","Juggernaut"],"picked":"Double Tap+1","floor":84.0},{"not_picked":["StarlightTyphoon+1","Deadly Poison+1","MilkyWay+1","Replay:Undeath\u0027s Touch"],"picked":"Singing Bowl","floor":86.0},{"not_picked":["Flying Knee+1","Cold Snap+1","ShootingEcho","Replay:Sssssssssshield+1"],"picked":"Singing Bowl","floor":87.0},{"not_picked":["Storm of Steel+1","GravityBeat","Blind+1","GrandCross+1"],"picked":"Singing Bowl","floor":89.0},{"not_picked":["ReplayTheSpireMod:GoodbyeWorld","Expertise+1","Clothesline","SandsOfTime+1"],"picked":"Singing Bowl","floor":91.0},{"not_picked":["Body Slam","Prepared+1","Crescendo+1","StarlightTyphoon+1"],"picked":"Singing Bowl","floor":92.0},{"not_picked":["Protect+1","Replay:ManipulateFuture+1","ThirdEye+1","Heel Hook"],"picked":"Singing Bowl","floor":96.0},{"not_picked":["Bludgeon","Dagger Spray","Replay:ManipulateFuture+1","Quick Slash+1"],"picked":"Singing Bowl","floor":97.0},{"not_picked":["SashWhip+1","Madness+1","Compile Driver+1","True Grit+1"],"picked":"Singing Bowl","floor":98.0},{"not_picked":["Fiend Fire","hubris:DoWhile+1","Wraith Form v2","Sadistic Nature"],"picked":"Singing Bowl","floor":101.0},{"not_picked":["Battle Trance+1","JustLucky","Iron Wave","hubris:ReadiedAction+1"],"picked":"Singing Bowl","floor":103.0},{"not_picked":["Halt+1","ShootTheMoon","ThirdEye+1","DC"],"picked":"Singing Bowl","floor":105.0},{"not_picked":["ThirdEye+1","Evolve","Replay:BluntJabs","Warcry+1"],"picked":"Singing Bowl","floor":107.0},{"not_picked":["Machine Learning","Gash","Ghostly Armor+1","JustLucky"],"picked":"Singing Bowl","floor":108.0},{"not_picked":["Replay:ManipulateFuture+1","Coolheaded+1","Dropkick","Compile Driver"],"picked":"Singing Bowl","floor":115.0},{"not_picked":["PowerUp+1","Body Slam","Stack+1","hubris:Insight+1"],"picked":"Singing Bowl","floor":115.0},{"not_picked":["Conserve Battery+1","GasGiant+1","Wireheading","Meditate+1"],"picked":"Singing Bowl","floor":116.0},{"not_picked":["MasterReality","Devotion","Crow Ritual","hubris:SpecializedCircuitry"],"picked":"Singing Bowl","floor":118.0},{"not_picked":["Wild Strike","EmptyFist","Acceleration+1"],"picked":"6A","floor":120.0},{"not_picked":["Go for the Eyes+1","Deflect+1","Replay:BluntJabs","EnergyFlow"],"picked":"Singing Bowl","floor":120.0},{"not_picked":["Brutality","LuminesStrike","Wild Strike","IllusionStar+1"],"picked":"Singing Bowl","floor":124.0},{"not_picked":["Infernal Blade+1","DoubleSpark","FlurryOfBlows+1"],"picked":"Flash of Steel","floor":124.0},{"not_picked":["Masterful Stab","Reckless Charge+1","Shockwave+1","Worship+1"],"picked":"Singing Bowl","floor":125.0},{"not_picked":["Swift Strike","Redo+1","SprinkleStarSeal+1","ReplayGash+1"],"picked":"Singing Bowl","floor":126.0},{"not_picked":["Blizzard","GrandCross+1","Ghostly Armor+1","Gash"],"picked":"Singing Bowl","floor":126.0},{"not_picked":["Chaos+1","Conserve Battery+1","Stack+1","hubris:PowerSurge"],"picked":"Singing Bowl","floor":127.0},{"not_picked":["Protect+1","PathToVictory+1","Gash+1","ReplayTheSpireMod:Tripwire+1"],"picked":"Singing Bowl","floor":127.0},{"not_picked":["Steam+1","DeepEcoloBomb","Quick Slash","IllusionStar+1"],"picked":"Singing Bowl","floor":130.0},{"not_picked":["Streamline+1","Melter","Cleave","6A"],"picked":"Singing Bowl","floor":133.0},{"not_picked":["BlazingStar","Gensokyo:Dawn+1","hubris:DoWhile+1"],"picked":"Amplify+1","floor":135.0},{"not_picked":["Evaluate+1","Flying Knee","Replay:Undeath\u0027s Touch+1","Skewer+1"],"picked":"Singing Bowl","floor":137.0},{"not_picked":["Disarm+1","Quick Slash","Seeing Red+1","Twin Strike"],"picked":"Singing Bowl","floor":137.0},{"not_picked":["Evaluate+1","Slice","SporeBomb+1","Consume+1"],"picked":"Singing Bowl","floor":139.0},{"not_picked":["Replay:BasicMightCard","Auto Shields+1","UnstableBomb+1","hubris:SpecializedCircuitry"],"picked":"Singing Bowl","floor":139.0},{"not_picked":["ReplaySort+1","DoubleSpark","Conserve Battery+1","Trip+1"],"picked":"Singing Bowl","floor":142.0},{"not_picked":["infinitespire:Collect","ReplayTheSpireMod:??????????????????????"],"picked":"infinitespire:TheBestDefense","floor":144},{"not_picked":["Time Bomb+1","IllusionStar+1","Uppercut","Dagger Throw"],"picked":"Singing Bowl","floor":148},{"not_picked":["Footwork","Metamorphosis+1","Pommel Strike+1","MentalFortress+1"],"picked":"Singing Bowl","floor":149},{"not_picked":["Deflect+1","Replay:BluntJabs+1","ReplaySort+1","Gash"],"picked":"Singing Bowl","floor":149},{"not_picked":["Dark Embrace","hubris:SlightOfHand+1","Flex+1","Deadly Poison+1"],"picked":"Singing Bowl","floor":150},{"not_picked":["Sadistic Nature","DevaForm","HandOfGreed"],"picked":"SpiritShield+1","floor":152},{"not_picked":["PathToVictory+1","Gensokyo:SalamanderShield+1","Battle Trance+1","Hemokinesis"],"picked":"Singing Bowl","floor":156},{"not_picked":["Metamorphosis+1","SuperNova","TreasureHunter","All For One"],"picked":"Singing Bowl","floor":157}],"player_experience":1351614,"relics_obtained":[{"floor":6.0,"key":"Replay:PocketPolymizer"},{"floor":9.0,"key":"aspiration:TomeofQuesting"},{"floor":12.0,"key":"Ice Cream"},{"floor":14.0,"key":"aspiration:HummingbirdHeart"},{"floor":19.0,"key":"Replay:Blank Codex"},{"floor":23.0,"key":"hubris:CrystalStatue"},{"floor":26.0,"key":"AmplifyWand"},{"floor":31.0,"key":"Replay:WaspNest"},{"floor":32.0,"key":"Torii"},{"floor":40.0,"key":"CaptainsWheel"},{"floor":43.0,"key":"Singing Bowl"},{"floor":60.0,"key":"Shuriken"},{"floor":61.0,"key":"Omamori"},{"floor":65.0,"key":"Tiny Chest"},{"floor":70.0,"key":"StrikeDummy"},{"floor":74.0,"key":"Gensokyo:MosesMiracle"},{"floor":74.0,"key":"Replay:Ringing Soul"},{"floor":76.0,"key":"hubris:TenFootPole"},{"floor":77.0,"key":"Replay:Baseball"},{"floor":91.0,"key":"War Paint"},{"floor":94.0,"key":"aspiration:HiddenCompartment"},{"floor":95.0,"key":"hubris:PeanutButter"},{"floor":108.0,"key":"aspiration:FrozenJewel"},{"floor":109.0,"key":"infinitespire:Lucky Rock"},{"floor":111.0,"key":"hubris:ToyBattleship"},{"floor":116.0,"key":"Akabeko"},{"floor":121.0,"key":"Toy Ornithopter"},{"floor":125.0,"key":"Blood Vial"},{"floor":128.0,"key":"Juzu Bracelet"},{"floor":130.0,"key":"hubris:SlimyHat"},{"floor":132.0,"key":"Replay:Bottled Eggs"},{"floor":133.0,"key":"Mango"},{"floor":142.0,"key":"ReplayTheSpireMod:TigerMarble"},{"floor":144,"key":"infinitespire:CursedDice"},{"floor":144,"key":"Smiling Mask"},{"floor":145,"key":"Ancient Tea Set"},{"floor":147,"key":"ReplayFunnel"},{"floor":150,"key":"CatCart"},{"floor":156,"key":"Bag of Marbles"}],"event_choices":[{"damage_healed":0.0,"max_hp_gain":0.0,"max_hp_loss":0.0,"gold_gain":0.0,"event_name":"Cursed Tome","player_choice":"Obtained Book","floor":19.0,"gold_loss":0.0,"damage_taken":16.0},{"damage_healed":0.0,"max_hp_gain":0.0,"max_hp_loss":0.0,"gold_gain":75.0,"event_name":"FaceTrader","player_choice":"Touch","floor":21.0,"gold_loss":0.0,"damage_taken":8.0},{"damage_healed":0.0,"max_hp_gain":0.0,"max_hp_loss":0.0,"gold_gain":100.0,"event_name":"Golden Shrine","player_choice":"Pray","floor":37.0,"gold_loss":0.0,"damage_taken":0.0},{"cards_removed":["Parasite"],"damage_healed":0.0,"max_hp_gain":0.0,"max_hp_loss":0.0,"gold_gain":0.0,"event_name":"Purifier","player_choice":"Purged","floor":45.0,"gold_loss":0.0,"damage_taken":0.0},{"cards_removed":["SuperPerseids"],"damage_healed":0.0,"max_hp_gain":0.0,"max_hp_loss":0.0,"gold_gain":0.0,"event_name":"Purifier","player_choice":"Purged","floor":140.0,"gold_loss":0.0,"damage_taken":0.0},{"damage_healed":58.0,"max_hp_gain":0.0,"max_hp_loss":0.0,"gold_gain":0.0,"event_name":"Winding Halls","player_choice":"Writhe","floor":141.0,"gold_loss":0.0,"damage_taken":0.0,"cards_obtained":["Writhe"]},{"damage_healed":0,"gold_gain":0,"player_choice":"Relic","damage_taken":0,"max_hp_gain":0,"max_hp_loss":0,"event_name":"Wheel of Change","floor":147,"gold_loss":0},{"damage_healed":0,"gold_gain":0,"player_choice":"Fight","damage_taken":0,"max_hp_gain":0,"max_hp_loss":0,"event_name":"OrinTheCat","floor":150,"gold_loss":0}],"is_beta":false,"boss_relics":[{"not_picked":["hubris:RunicObelisk","Honey Jar"],"picked":"BewitchedHakkero"},{"not_picked":["Replay:Ancient Bell","Replay:Drink Me"],"picked":"aspiration:IroncladSkillbook"},{"not_picked":["infinitespire:Cupcake","hubris:BlackHole"],"picked":"SacredBark"},{"not_picked":["Replay:Bronze Core","aspiration:FutureDiary"],"picked":"hubris:ScarierMask"},{"not_picked":["Velvet Choker","Sozu"],"picked":"hubris:Stopwatch"},{"not_picked":["hubris:TerracottaHorce","Empty Cage"],"picked":"Replay:Wanted Poster"},{"not_picked":["Ring of Chaos","Pandora\u0027s Box"],"picked":"Kintsugi"},{"not_picked":["hubris:HollowSoul","ReplayTheSpireMod:DimensionalGlitch"],"picked":"Philosopher\u0027s Stone"},{"not_picked":["Replay:Grab Bag","Calling Bell"],"picked":"ExperimentalFamiliar"}],"items_purged_floors":[20,29,39,75,90,106,131,138,155],"is_endless":true,"potions_floor_spawned":[5,6,10,14,16,25,30,33,35,36,42,48,52,61,64,73,74,84,89,92,98,101,107,108,115,124,126,127,133,139,142,149,150,157],"ascension_level":0}}