{"host":"jydwu1shxxemady1","time":1609519395,"event":{"mods":["BaseMod","Colored Powertips","Conspire","Downfall","Hermit","Highlight Path","Marisa£®ÏF”Í°°ƒß¿Ì…≥£©","Minty Spire (QoL Compilation)","READ ME - Guardian Mod","Replay The Spire","Shop Mod","StSLib","TestMod","The Bladedancer","The Cursed","The Servant 0.9.4"],"gold_per_floor":[116,129,129,143,143,174,174,209,209,285,295,245,245,245,245,259,259],"floor_reached":16,"playtime":512,"items_purged":[],"score":261,"play_id":"5f9634bd-d029-44df-be46-371a63fb835f","local_time":"20210102004315","is_ascension_mode":true,"campfire_choices":[{"floor":7,"key":"REST"},{"floor":15,"key":"REST"}],"circlet_count":0,"master_deck":["AscendersBane","conspire:GhostlyStrike","conspire:GhostlyStrike","conspire:GhostlyStrike","conspire:GhostlyStrike","conspire:GhostlyStrike","conspire:GhostlyDefend","conspire:GhostlyDefend","conspire:GhostlyDefend","conspire:GhostlyDefend","conspire:GhostlyDefend","Survivor","Neutralize","Poisoned Stab","Deadly Poison","Deflect","Dagger Spray","Blade Dance","Bane","conspire:SpireCoStock"],"relics":["Ring of the Snake","testmod-TestBox","testmod-Brilliant","Smiling Mask","ReplayTheSpireMod:Shallot","Sundial","Garlic","Matryoshka"],"acts_visited":["Exordium"],"potions_floor_usage":[6,16],"damage_taken":[{"damage":1,"enemies":"Cultist","floor":1,"turns":4},{"damage":0,"enemies":"Jaw Worm","floor":2,"turns":3},{"damage":0,"enemies":"2 Louse","floor":4,"turns":1},{"damage":54,"enemies":"Lagavulin","floor":6,"turns":6},{"damage":4,"enemies":"3 Sentries","floor":8,"turns":3},{"damage":12,"enemies":"Large Slime","floor":11,"turns":5},{"damage":48,"enemies":"Fading Forest","floor":16,"turns":8}],"seed_played":"-1345409833105304812","potions_obtained":[{"floor":4,"key":"AttackPotion"},{"floor":6,"key":"Elixir"},{"floor":11,"key":"FearPotion"}],"is_trial":false,"path_per_floor":["M","M","$","M","$","E","R","E","T","T","M","?","?","$","R","B"],"character_chosen":"THE_SILENT","items_purchased":[],"campfire_rested":2,"item_purchase_floors":[],"current_hp_per_floor":[58,58,58,58,58,4,23,19,19,19,7,7,7,7,26,0,0],"gold":259,"neow_bonus":"RANDOM_COMMON_RELIC","is_daily":false,"chose_seed":false,"campfire_upgraded":0,"win_rate":0.0,"timestamp":1609519395,"path_taken":["M","M","?","?","$","E","R","E","T","?","M","?","?","$","R","BOSS"],"items_purchased_type":[],"build_version":"2020-12-22","purchased_purges":0,"victory":false,"max_hp_per_floor":[66,66,66,66,66,66,66,66,66,66,66,66,66,66,66,66,66],"card_choices":[{"not_picked":["Acrobatics","Cloak And Dagger"],"picked":"Poisoned Stab","floor":1},{"not_picked":["ReplayTheSpireMod:Scrap Shanks","Cloak And Dagger"],"picked":"Deadly Poison","floor":2},{"not_picked":["Distraction","Outmaneuver"],"picked":"Deflect","floor":4},{"not_picked":["Acrobatics","Phantasmal Killer"],"picked":"Dagger Spray","floor":6},{"not_picked":["Noxious Fumes","Infinite Blades"],"picked":"Blade Dance","floor":8},{"not_picked":["Dagger Throw","conspire:PoisonWeapons"],"picked":"Bane","floor":11}],"player_experience":612107,"relics_obtained":[{"floor":6,"key":"ReplayTheSpireMod:Shallot"},{"floor":8,"key":"Sundial"},{"floor":9,"key":"Garlic"},{"floor":10,"key":"Matryoshka"}],"event_choices":[{"damage_healed":0,"gold_gain":0,"player_choice":"Invest 1","damage_taken":0,"max_hp_gain":0,"max_hp_loss":0,"event_name":"conspire:Investor","floor":12,"gold_loss":0},{"damage_healed":0,"gold_gain":0,"player_choice":"Agree","damage_taken":0,"max_hp_gain":0,"max_hp_loss":0,"event_name":"conspire:LoneGhost","floor":13,"gold_loss":0}],"is_beta":false,"boss_relics":[],"items_purged_floors":[],"is_endless":false,"potions_floor_spawned":[4,6,11],"killed_by":"Fading Forest","ascension_level":19}}