{"host":"gd5sc6x6fnff4a2j","time":1609521626,"event":{"mods":["Act Like it!","BaseMod","Card Forge","DeckTracker","Duelist Mod","Gensokyo","GifTheSpireLib","Hallownest","Hubris","Jorbs\u0027s Wanderer Trilogy","Marisa????????","Minty Spire (QoL Compilation)","Quick Restart","Remilia??????","Replay The Spire","Shop Mod","StSLib","SuperFastMode","The Animator","The Bug Knight","The Cursed","The Disciple","The Jungle","The Necromancer","The Senshi","The Servant 0.9.4"],"gold_per_floor":[143,160,177,194,204,204,215,215,240,256,256,256],"floor_reached":11,"playtime":1073,"items_purged":[],"score":69,"play_id":"61d26591-d4a3-4eae-b077-22db38afa73a","local_time":"20210102012026","is_ascension_mode":false,"campfire_choices":[{"data":"theDuelist:ForbiddenLance","floor":6,"key":"SMITH"},{"data":"theDuelist:AncientGearGadjiltron","floor":8,"key":"SMITH"}],"circlet_count":0,"master_deck":["theDuelist:BabyDragon","theDuelist:CastleWalls","theDuelist:CastleWalls","theDuelist:CaveDragon","theDuelist:CaveDragon","theDuelist:LesserDragon","theDuelist:LesserDragon","theDuelist:Sparks","theDuelist:Sparks","theDuelist:YamataDragon","theDuelist:BlackTyranno","theDuelist:ForbiddenLance+1","theDuelist:AncientGearGadjiltron+1","theDuelist:RedEyesZombie","theDuelist:EvolutionBurst","theDuelist:BlackBrachios","theDuelist:Hydrogeddon"],"relics":["theDuelist:MillenniumPuzzle","theDuelist:CardPoolRelic","theDuelist:CardPoolBasicRelic","theDuelist:BoosterPackPoolRelic","theDuelist:CardPoolAddRelic","theDuelist:CardPoolMinusRelic","theDuelist:CardPoolSaveRelic","theDuelist:CardPoolOptionsRelic","Hammer of Thor","Seething Fire","Anvil of the Gods","NeowsBlessing","Centennial Puzzle"],"acts_visited":["Exordium"],"potions_floor_usage":[],"damage_taken":[{"damage":0,"enemies":"Gensokyo:3_Fairies","floor":1,"turns":1},{"damage":0,"enemies":"Gensokyo:Gryphon","floor":2,"turns":1},{"damage":0,"enemies":"Gensokyo:2_Kodama","floor":3,"turns":1},{"damage":0,"enemies":"Gensokyo:Kitsune","floor":4,"turns":2},{"damage":0,"enemies":"Gensokyo:LivingMonolith","floor":5,"turns":2},{"damage":5,"enemies":"Gensokyo:3_Kodama","floor":7,"turns":4},{"damage":8,"enemies":"Gensokyo:Kitsune","floor":10,"turns":2},{"damage":32,"enemies":"Gensokyo:Cirno","floor":11,"turns":8}],"seed_played":"-4011522136395613371","potions_obtained":[{"floor":2,"key":"Cursed Concoction"},{"floor":3,"key":"theDuelist:VampireVial"},{"floor":4,"key":"theDuelist:StunPotion"}],"is_trial":false,"path_per_floor":["M","M","M","M","M","R","M","R","T","M","E"],"character_chosen":"THE_DUELIST","items_purchased":[],"campfire_rested":0,"item_purchase_floors":[],"current_hp_per_floor":[80,80,80,80,80,80,75,75,75,67,35,35],"gold":256,"neow_bonus":"THREE_ENEMY_KILL","is_daily":false,"chose_seed":false,"campfire_upgraded":2,"win_rate":0.0,"timestamp":1609521626,"path_taken":["M","M","M","M","M","R","M","R","T","M","E"],"items_purchased_type":[],"build_version":"2020-12-22","purchased_purges":0,"victory":false,"max_hp_per_floor":[80,80,80,80,80,80,80,80,80,80,80,80],"card_choices":[{"not_picked":["theDuelist:ViceDragon","theDuelist:CyberDinosaur","theDuelist:BusterBlader","theDuelist:Beatraptor"],"picked":"theDuelist:BlackTyranno","floor":1},{"not_picked":["theDuelist:BattleguardKing","theDuelist:BigFire","theDuelist:Hinotama","theDuelist:SmashingGround"],"picked":"theDuelist:ForbiddenLance","floor":2},{"not_picked":["theDuelist:SpiralSpearStrike","theDuelist:CyberDragonInfinity"],"picked":"theDuelist:AncientGearGadjiltron","floor":3},{"not_picked":["theDuelist:YamataDragon","theDuelist:Kabazauls","theDuelist:ThunderDragon","theDuelist:Earthquake"],"picked":"theDuelist:RedEyesZombie","floor":4},{"not_picked":["theDuelist:SpiralSpearStrike","theDuelist:Earthquake","theDuelist:CyberRevsystem","theDuelist:SilverWing"],"picked":"theDuelist:EvolutionBurst","floor":5},{"not_picked":["theDuelist:LesserDragon","theDuelist:DragonPiper","theDuelist:FrostflameDragon","theDuelist:CyberDragonNachster"],"picked":"theDuelist:BlackBrachios","floor":7},{"not_picked":["theDuelist:ViceDragon","theDuelist:MegafleetDragon","theDuelist:FrostflameDragon","theDuelist:Freezadon"],"picked":"theDuelist:Hydrogeddon","floor":10}],"player_experience":37974,"relics_obtained":[{"floor":9,"key":"Centennial Puzzle"}],"event_choices":[],"is_beta":false,"boss_relics":[],"items_purged_floors":[],"is_endless":false,"potions_floor_spawned":[2,3,4,10],"killed_by":"Gensokyo:Cirno","ascension_level":0}}