{"host":"52m1o8iwwagurbjs","time":1609513620,"event":{"mods":["AchievementEnabler","BaseMod","Bestiary","Colored Powertips","GifTheSpireLib","Minty Spire (QoL Compilation)","Quick Restart","RNG Fix","Relic Stats","StSLib"],"gold_per_floor":[217,237,1,16,27,55,55,205,230,305,305,65,84,94,94,166,166,176,451,469,40,40,73,90,108,108,23,23,50,70,84,84,84,84],"floor_reached":33,"playtime":1518,"items_purged":["Strike_G","Doubt","Regret"],"score":603,"play_id":"d472b75b-13f3-4aba-a911-5ca18b63848b","local_time":"20210101100700","is_ascension_mode":true,"campfire_choices":[{"floor":7.0,"key":"REST"},{"floor":11.0,"key":"REST"},{"data":"Bouncing Flask","floor":15.0,"key":"SMITH"},{"floor":28.0,"key":"REST"},{"floor":32.0,"key":"REST"}],"circlet_count":0,"master_deck":["AscendersBane","Strike_G","Strike_G","Strike_G","Strike_G","Defend_G","Defend_G","Defend_G","Defend_G","Defend_G","Survivor","Neutralize","Slice","Bouncing Flask+1","Sucker Punch","Deadly Poison","Dagger Spray","Footwork","Dodge and Roll+1","Backflip+1","Night Terror+1","PiercingWail+1","Prepared+1","PiercingWail+1","PiercingWail+1","All Out Attack","Calculated Gamble+1"],"relics":["Ring of the Snake","Snake Skull","Toxic Egg 2","MealTicket","Runic Pyramid","Sling","Paper Crane","Tiny Chest","Strawberry","Matryoshka"],"acts_visited":["Exordium","TheCity"],"potions_floor_usage":[],"damage_taken":[{"damage":0.0,"enemies":"Cultist","floor":1.0,"turns":4.0},{"damage":3.0,"enemies":"2 Louse","floor":2.0,"turns":4.0},{"damage":0.0,"enemies":"Jaw Worm","floor":4.0,"turns":3.0},{"damage":11.0,"enemies":"3 Louse","floor":5.0,"turns":7.0},{"damage":36.0,"enemies":"Gremlin Nob","floor":6.0,"turns":4.0},{"damage":6.0,"enemies":"Looter","floor":13.0,"turns":3.0},{"damage":3.0,"enemies":"Lots of Slimes","floor":14.0,"turns":4.0},{"damage":24.0,"enemies":"Hexaghost","floor":16.0,"turns":8.0},{"damage":8.0,"enemies":"Shell Parasite","floor":18.0,"turns":6.0},{"damage":19.0,"enemies":"Chosen","floor":20.0,"turns":6.0},{"damage":35.0,"enemies":"Slavers","floor":23.0,"turns":6.0},{"damage":0.0,"enemies":"Snecko","floor":24.0,"turns":4.0},{"damage":0.0,"enemies":"Snake Plant","floor":25.0,"turns":7.0},{"damage":15.0,"enemies":"Book of Stabbing","floor":29.0,"turns":8.0},{"damage":19.0,"enemies":"Shelled Parasite and Fungi","floor":30.0,"turns":11.0},{"damage":15.0,"enemies":"Centurion and Healer","floor":31.0,"turns":13.0},{"damage":65,"enemies":"Collector","floor":33,"turns":6}],"seed_played":"4540052921077031032","potions_obtained":[{"floor":1.0,"key":"DuplicationPotion"},{"floor":13.0,"key":"FearPotion"},{"floor":23.0,"key":"FearPotion"},{"floor":24.0,"key":"Energy Potion"},{"floor":29.0,"key":"FearPotion"},{"floor":30.0,"key":"FairyPotion"}],"is_trial":false,"path_per_floor":["M","M","$","M","M","E","R","?","T","?","R","$","M","M","R","B",null,"M","?","M","$","?","E","M","M","T","?","R","E","M","M","R","B"],"character_chosen":"THE_SILENT","items_purchased":["Snake Skull","Footwork","Block Potion","Prepared+1","DistilledChaos","Sling"],"campfire_rested":4,"item_purchase_floors":[3,12,12,21,21,21],"current_hp_per_floor":[59,56,56,56,45,9,28,28,28,17,36,51,45,42,42,18,54,46,46,27,42,42,7,7,7,7,14,35,20,1,20,41,0,0],"gold":84,"neow_bonus":"HUNDRED_GOLD","is_daily":false,"chose_seed":false,"campfire_upgraded":1,"win_rate":0.0,"timestamp":1609513620,"path_taken":["M","M","$","M","M","E","R","?","T","?","R","$","M","M","R","BOSS","M","?","M","$","?","E","M","?","T","?","R","E","M","M","R","BOSS"],"items_purchased_type":["Relic","Card","Potion","Card","Potion","Relic"],"build_version":"2020-12-22","purchased_purges":3,"victory":false,"max_hp_per_floor":[66,66,66,66,66,66,66,66,66,66,66,66,66,66,66,66,66,66,66,66,66,66,66,66,66,66,73,73,73,73,73,73,73,73],"relic_stats":{"counters":[17,104],"MealTicket":30,"Tiny Chest":0,"Snake Skull":[96],"obtain_stats":[{"Matryoshka":29,"Strawberry":27,"MealTicket":9,"Tiny Chest":26,"Snake Skull":3,"Toxic Egg 2":6,"Paper Crane":23,"Sling":21,"Ring of the Snake":0,"Runic Pyramid":17},{"Matryoshka":14,"Strawberry":13,"MealTicket":5,"Tiny Chest":13,"Snake Skull":2,"Toxic Egg 2":5,"Paper Crane":11,"Sling":10,"Ring of the Snake":0,"Runic Pyramid":8},{"Matryoshka":74,"Strawberry":66,"MealTicket":22,"Tiny Chest":66,"Snake Skull":8,"Toxic Egg 2":22,"Paper Crane":55,"Sling":49,"Ring of the Snake":0,"Runic Pyramid":37}],"Ring of the Snake":[34]},"card_choices":[{"not_picked":["Backflip","Dodge and Roll"],"picked":"Slice","floor":1.0},{"not_picked":["Prepared","Infinite Blades"],"picked":"Bouncing Flask","floor":2.0},{"not_picked":["Dodge and Roll","Flying Knee"],"picked":"Sucker Punch","floor":4.0},{"not_picked":["Setup","Cloak And Dagger"],"picked":"Deadly Poison","floor":5.0},{"not_picked":["Sucker Punch","Endless Agony"],"picked":"Dagger Spray","floor":6.0},{"not_picked":["Accuracy","Predator"],"picked":"Dodge and Roll+1","floor":13.0},{"not_picked":["Dagger Throw","Acrobatics+1"],"picked":"Backflip+1","floor":14.0},{"not_picked":["Envenom","Storm of Steel+1"],"picked":"Night Terror+1","floor":16.0},{"not_picked":["Caltrops","Poisoned Stab"],"picked":"PiercingWail+1","floor":18.0},{"not_picked":["Underhanded Strike+1","Sucker Punch","Outmaneuver+1"],"picked":"SKIP","floor":20.0},{"not_picked":["Caltrops","Dodge and Roll+1"],"picked":"PiercingWail+1","floor":23.0},{"not_picked":["Tools of the Trade","Infinite Blades"],"picked":"PiercingWail+1","floor":24.0},{"not_picked":["Masterful Stab","Cloak And Dagger+1","Tactician+1"],"picked":"SKIP","floor":25.0},{"not_picked":["Masterful Stab","Cloak And Dagger+1","Tactician+1"],"picked":"SKIP","floor":25.0},{"not_picked":["Sucker Punch","Deflect+1"],"picked":"All Out Attack","floor":29.0},{"not_picked":["Blade Dance+1","Dagger Throw+1","PiercingWail+1"],"picked":"SKIP","floor":30.0},{"not_picked":["Outmaneuver+1","Deflect+1"],"picked":"Calculated Gamble+1","floor":31.0}],"player_experience":1078987,"relics_obtained":[{"floor":6.0,"key":"Toxic Egg 2"},{"floor":9.0,"key":"MealTicket"},{"floor":23.0,"key":"Paper Crane"},{"floor":26.0,"key":"Tiny Chest"},{"floor":29.0,"key":"Matryoshka"}],"event_choices":[{"damage_healed":0.0,"max_hp_gain":0.0,"max_hp_loss":0.0,"gold_gain":150.0,"event_name":"Liars Game","player_choice":"AGREE","floor":8.0,"gold_loss":0.0,"damage_taken":0.0,"cards_obtained":["Doubt"]},{"damage_healed":0.0,"max_hp_gain":0.0,"max_hp_loss":0.0,"gold_gain":75.0,"event_name":"World of Goop","player_choice":"Gather Gold","floor":10.0,"gold_loss":0.0,"damage_taken":11.0},{"damage_healed":0.0,"max_hp_gain":0.0,"max_hp_loss":0.0,"gold_gain":275.0,"event_name":"Golden Shrine","player_choice":"Desecrate","floor":19.0,"gold_loss":0.0,"damage_taken":0.0,"cards_obtained":["Regret"]},{"damage_healed":0.0,"max_hp_gain":0.0,"max_hp_loss":0.0,"gold_gain":0.0,"event_name":"The Mausoleum","player_choice":"Ignored","floor":22.0,"gold_loss":0.0,"damage_taken":0.0},{"damage_healed":0.0,"max_hp_gain":0.0,"max_hp_loss":0.0,"gold_gain":0.0,"event_name":"Addict","player_choice":"Obtained Relic","floor":27.0,"gold_loss":85.0,"damage_taken":0.0,"relics_obtained":["Strawberry"]}],"is_beta":false,"boss_relics":[{"not_picked":["Busted Crown","SacredBark"],"picked":"Runic Pyramid"}],"items_purged_floors":[3,12,21],"is_endless":false,"potions_floor_spawned":[1,13,23,24,29,30],"killed_by":"Collector","ascension_level":20}}