{"host":"avjwtc49fhlk6kym","time":1609463995,"event":{"mods":["AchievementEnabler","BaseMod","Better Match","Better Note","Better Third Choice","Colored Map","Colored Powertips","Displayed Cursed Tome","Highlight Path","Minty Spire (QoL Compilation)","Permanent Neow","Quick Restart","StSLib"],"gold_per_floor":[115,115,135,150,165,190,209,222,303,71,71,90,90,90,90,189,189,209,225,235,15,105,136,150,150,150,160,170,170,185,201,201,302,302,314,314,327,327,29,29,45,45,68,5,5,16,31,83,83,83,83],"floor_reached":50,"playtime":2790,"items_purged":["Defend_P","CarveReality"],"score":520,"play_id":"e882c306-a722-45af-a0ad-e76847e1668f","local_time":"20201231201955","is_ascension_mode":false,"campfire_choices":[{"floor":11.0,"key":"REST"},{"data":"Eruption","floor":13.0,"key":"SMITH"},{"data":"WheelKick","floor":15.0,"key":"SMITH"},{"floor":25.0,"key":"REST"},{"floor":29.0,"key":"REST"},{"data":"CrushJoints","floor":32.0,"key":"SMITH"},{"floor":40.0,"key":"RECALL"},{"data":"Devotion","floor":45.0,"key":"SMITH"},{"floor":49,"key":"REST"}],"circlet_count":0,"master_deck":["Defend_P+1","Defend_P","Defend_P","Eruption+1","Vigilance","LikeWater","Evaluate","ThirdEye","Protect","WheelKick+1","FearNoEvil+1","Wireheading+1","Prostrate","Judgement","SashWhip","FollowUp+1","ReachHeaven","Flash of Steel","CrushJoints+1","CrushJoints+1","Prostrate+1","BattleHymn+1","FlurryOfBlows","Swivel","Brilliance","CrushJoints+1","LessonLearned","CrushJoints+1","Devotion+1","Prostrate","Halt+1","Pain","Swivel","FearNoEvil","SpiritShield","CrushJoints+1"],"relics":["HolyWater","Gremlin Horn","Shuriken","Juzu Bracelet","Regal Pillow","Thread and Needle","The Courier","Empty Cage","Whetstone","WarpedTongs","Prayer Wheel"],"acts_visited":["Exordium","TheCity","TheBeyond"],"potions_floor_usage":[],"damage_taken":[{"damage":6.0,"enemies":"Jaw Worm","floor":1.0,"turns":5.0},{"damage":6.0,"enemies":"2 Louse","floor":3.0,"turns":3.0},{"damage":4.0,"enemies":"Cultist","floor":4.0,"turns":4.0},{"damage":1.0,"enemies":"Blue Slaver","floor":5.0,"turns":4.0},{"damage":10.0,"enemies":"3 Sentries","floor":6.0,"turns":9.0},{"damage":3.0,"enemies":"Looter","floor":7.0,"turns":4.0},{"damage":0.0,"enemies":"Red Slaver","floor":8.0,"turns":5.0},{"damage":7.0,"enemies":"Blue Slaver","floor":12.0,"turns":4.0},{"damage":5.0,"enemies":"Hexaghost","floor":16.0,"turns":9.0},{"damage":13.0,"enemies":"3 Byrds","floor":18.0,"turns":4.0},{"damage":3.0,"enemies":"Chosen","floor":19.0,"turns":3.0},{"damage":17.0,"enemies":"3 Cultists","floor":20.0,"turns":5.0},{"damage":9.0,"enemies":"Gremlin Leader","floor":23.0,"turns":5.0},{"damage":6.0,"enemies":"Snake Plant","floor":24.0,"turns":4.0},{"damage":1.0,"enemies":"Cultist and Chosen","floor":27.0,"turns":7.0},{"damage":7.0,"enemies":"Shelled Parasite and Fungi","floor":28.0,"turns":3.0},{"damage":5.0,"enemies":"3 Cultists","floor":30.0,"turns":4.0},{"damage":0.0,"enemies":"Sentry and Sphere","floor":31.0,"turns":3.0},{"damage":14.0,"enemies":"Champ","floor":33.0,"turns":10.0},{"damage":1.0,"enemies":"3 Darklings","floor":35.0,"turns":3.0},{"damage":20.0,"enemies":"3 Shapes","floor":37.0,"turns":11.0},{"damage":0.0,"enemies":"Jaw Worm Horde","floor":41.0,"turns":3.0},{"damage":15.0,"enemies":"Transient","floor":46.0,"turns":5.0},{"damage":29.0,"enemies":"3 Darklings","floor":47.0,"turns":4.0},{"damage":2.0,"enemies":"2 Orb Walkers","floor":48.0,"turns":4.0},{"damage":78,"enemies":"Time Eater","floor":50,"turns":5}],"seed_played":"-619055525915390390","potions_obtained":[{"floor":3.0,"key":"Energy Potion"},{"floor":4.0,"key":"LiquidBronze"},{"floor":6.0,"key":"LiquidMemories"},{"floor":7.0,"key":"Ambrosia"},{"floor":12.0,"key":"SkillPotion"},{"floor":14.0,"key":"LiquidMemories"},{"floor":14.0,"key":"Ambrosia"},{"floor":16.0,"key":"Strength Potion"},{"floor":18.0,"key":"Swift Potion"},{"floor":23.0,"key":"EssenceOfSteel"},{"floor":27.0,"key":"Strength Potion"},{"floor":28.0,"key":"Energy Potion"},{"floor":30.0,"key":"Block Potion"},{"floor":35.0,"key":"Dexterity Potion"},{"floor":37.0,"key":"SkillPotion"},{"floor":47.0,"key":"EntropicBrew"}],"is_trial":false,"path_per_floor":["M","?","M","M","M","E","M","M","T","$","R","M","R","?","R","B",null,"M","M","M","$","?","E","M","R","T","M","M","R","M","M","R","B",null,"M","?","M","?","$","R","M","?","T","$","R","M","M","?","R","B"],"character_chosen":"WATCHER","items_purchased":["Juzu Bracelet","Wireheading","Regal Pillow","Devotion","Whetstone","Prostrate","Swivel"],"campfire_rested":4,"item_purchase_floors":[10,10,21,39,39,39,44],"current_hp_per_floor":[66,52,46,42,41,31,28,28,28,28,49,42,42,42,42,37,72,59,56,39,39,21,12,6,42,42,41,34,70,65,65,65,51,72,71,71,51,51,51,51,51,51,51,51,51,36,7,5,41,0,0],"gold":83,"neow_bonus":"THREE_CARDS","is_daily":false,"chose_seed":false,"campfire_upgraded":4,"win_rate":0.0,"timestamp":1609463995,"path_taken":["M","?","M","M","M","E","M","M","T","$","R","M","R","?","R","BOSS","M","M","M","$","?","E","M","R","T","M","M","R","M","M","R","BOSS","M","?","M","?","$","R","M","?","T","$","R","M","M","?","R","BOSS"],"items_purchased_type":["Relic","Card","Relic","Card","Relic","Card","Card"],"build_version":"2020-12-22","purchased_purges":2,"victory":false,"max_hp_per_floor":[72,72,72,72,72,72,72,72,72,72,72,72,72,72,72,72,72,72,72,72,72,72,72,72,72,72,72,72,72,72,72,72,72,72,72,72,72,72,72,72,72,72,72,72,72,72,72,72,72,72,72],"card_choices":[{"not_picked":["Pray","FlurryOfBlows"],"picked":"LikeWater","floor":0.0},{"not_picked":["BowlingBash","Worship"],"picked":"CarveReality","floor":1.0},{"not_picked":["WreathOfFlame","SashWhip","Weave"],"picked":"SKIP","floor":3.0},{"not_picked":["EmptyFist","CutThroughFate"],"picked":"Evaluate","floor":4.0},{"not_picked":["Omniscience","FlyingSleeves"],"picked":"ThirdEye","floor":5.0},{"not_picked":["ConjureBlade","FlyingSleeves"],"picked":"Protect","floor":6.0},{"not_picked":["CutThroughFate","SpiritShield"],"picked":"WheelKick","floor":7.0},{"not_picked":["Sanctity","BowlingBash"],"picked":"FearNoEvil","floor":8.0},{"not_picked":["JustLucky","EmptyFist"],"picked":"Prostrate","floor":12.0},{"not_picked":["DeusExMachina","Vault"],"picked":"Judgement","floor":16.0},{"not_picked":["Crescendo+1","Protect"],"picked":"SashWhip","floor":18.0},{"not_picked":["Collect","ThirdEye"],"picked":"FollowUp+1","floor":19.0},{"not_picked":["TalkToTheHand","WheelKick"],"picked":"ReachHeaven","floor":20.0},{"not_picked":["Ragnarok","Prostrate"],"picked":"CrushJoints","floor":23.0},{"not_picked":["MentalFortress","CutThroughFate"],"picked":"CrushJoints","floor":24.0},{"not_picked":["EmptyBody","Nirvana"],"picked":"Prostrate+1","floor":27.0},{"not_picked":["WaveOfTheHand+1","EmptyFist"],"picked":"BattleHymn+1","floor":28.0},{"not_picked":["EmptyFist","CutThroughFate+1"],"picked":"FlurryOfBlows","floor":30.0},{"not_picked":["Perseverance","ReachHeaven"],"picked":"Swivel","floor":31.0},{"not_picked":["Blasphemy","Judgement"],"picked":"Brilliance","floor":33.0},{"not_picked":["JustLucky+1","Perseverance+1"],"picked":"CrushJoints+1","floor":35.0},{"not_picked":["Vengeance+1","SashWhip"],"picked":"CrushJoints+1","floor":37.0},{"not_picked":["ReachHeaven","Protect"],"picked":"Halt+1","floor":41.0},{"not_picked":["Consecrate","Vengeance"],"picked":"FearNoEvil","floor":46.0},{"not_picked":["WheelKick+1","Swivel+1"],"picked":"SpiritShield","floor":47.0},{"not_picked":["JustLucky+1","EmptyBody+1"],"picked":"CrushJoints+1","floor":48.0}],"player_experience":350239,"relics_obtained":[{"floor":6.0,"key":"Gremlin Horn"},{"floor":9.0,"key":"Shuriken"},{"floor":23.0,"key":"Thread and Needle"},{"floor":26.0,"key":"The Courier"},{"floor":48.0,"key":"Prayer Wheel"}],"event_choices":[{"damage_healed":66.0,"max_hp_gain":0.0,"max_hp_loss":72.0,"gold_gain":0.0,"event_name":"betterThird:BetterShining","player_choice":"Upgrade","floor":2.0,"gold_loss":0.0,"damage_taken":14.0,"cards_upgraded":["Defend_P","Strike_P"]},{"damage_healed":0.0,"max_hp_gain":0.0,"max_hp_loss":0.0,"gold_gain":0.0,"event_name":"Lab","player_choice":"Got Potions","floor":14.0,"gold_loss":0.0,"damage_taken":0.0},{"damage_healed":0.0,"max_hp_gain":0.0,"max_hp_loss":0.0,"gold_gain":90.0,"event_name":"Knowing Skull","player_choice":"GOLD CARD ","floor":22.0,"potions_obtained":[],"gold_loss":0.0,"damage_taken":18.0,"cards_obtained":["Flash of Steel"]},{"damage_healed":0.0,"max_hp_gain":0.0,"max_hp_loss":0.0,"gold_gain":0.0,"cards_transformed":["Strike_P"],"event_name":"Transmorgrifier","player_choice":"Transformed","floor":36.0,"gold_loss":0.0,"damage_taken":0.0,"cards_obtained":["LessonLearned"]},{"cards_removed":["Strike_P"],"damage_healed":0.0,"max_hp_gain":0.0,"max_hp_loss":0.0,"gold_gain":0.0,"event_name":"Falling","player_choice":"Removed Attack","floor":38.0,"gold_loss":0.0,"damage_taken":0.0},{"damage_healed":0.0,"max_hp_gain":0.0,"max_hp_loss":0.0,"gold_gain":0.0,"event_name":"Accursed Blacksmith","player_choice":"Rummage","floor":42.0,"gold_loss":0.0,"damage_taken":0.0,"relics_obtained":["WarpedTongs"],"cards_obtained":["Pain"]},{"damage_healed":0.0,"max_hp_gain":0.0,"max_hp_loss":0.0,"gold_gain":0.0,"event_name":"Mysterious Sphere","player_choice":"Fight","floor":48.0,"gold_loss":0.0,"damage_taken":0.0}],"is_beta":false,"boss_relics":[{"not_picked":["Philosopher\u0027s Stone","Pandora\u0027s Box"],"picked":"HolyWater"},{"not_picked":["SacredBark","Snecko Eye"],"picked":"Empty Cage"}],"items_purged_floors":[21,39],"is_endless":false,"potions_floor_spawned":[3,4,6,7,12,16,18,23,27,28,30,35,37,47],"killed_by":"Time Eater","ascension_level":0}}