{"host":"hqvh779b89tfrjxy","time":1609522064,"event":{"mods":["Act Like it!","BaseMod","Better Third Choice","Downfall","Elementarium","Filter the Spire","GifTheSpireLib","Minty Spire (QoL Compilation)","Replay The Spire","Spicy Shops","StSLib"],"gold_per_floor":[114,114,114,124,124,124,144,179,179,191,191,217,217,233,233,328,328,344,36,36,55,55,55,90,104,104,134,153,153,167,199,199,300,300,319,94,108,108,119,119,150,182,235,247,279,341,369,369,369,369,369,369,65,92,92],"floor_reached":56,"playtime":2678,"items_purged":["Strike_B","Strike_B","Defend_B","Defend_B"],"score":1851,"play_id":"ba1f474d-d451-47b7-9cf9-f0bc37fa3fb1","local_time":"20210101182744","is_ascension_mode":true,"campfire_choices":[{"data":"Barrage","floor":6,"key":"SMITH"},{"data":"Sunder","floor":11,"key":"SMITH"},{"data":"Glacier","floor":15,"key":"SMITH"},{"data":"expansioncontent:TimeRipple","floor":23,"key":"SMITH"},{"floor":32,"key":"DIG"},{"floor":40,"key":"RECALL"},{"floor":52,"key":"DIG"}],"circlet_count":0,"master_deck":["Defend_B","Zap","Dualcast","Glacier+1","Barrage+1","Conserve Battery","Stack","Sunder+1","Echo Form","Leap+1","Meteor Strike","expansioncontent:TimeRipple+1","Meteor Strike","Barrage","FIFO Queue","Undo","expansioncontent:StudyTheSpire","expansioncontent:Collect","Meteor Strike"],"relics":["Snecko Eye","Meat on the Bone","Iron Hammer","Onion Ring","Sozu","Runic Capacitor","Nunchaku","Replay:Multitool","Pet Ghost","WingedGreaves","Elementarium:ElementariumTrophy","Ring of Chaos","Pen Nib","Mango","Anchor","Torii","Bag of Marbles","Replay:Bottled Flurry","Replay:Bottled Steam","Vajra","ReplayTheSpireMod:Lightbulb"],"acts_visited":["Exordium","Elementarium:Elementarium","TheBeyond","TheEnding"],"potions_floor_usage":[55,55],"damage_taken":[{"damage":2,"enemies":"Jaw Worm","floor":1,"turns":4},{"damage":0,"enemies":"Small Slimes","floor":4,"turns":3},{"damage":0,"enemies":"2 Louse","floor":7,"turns":3},{"damage":5,"enemies":"Lagavulin","floor":8,"turns":8},{"damage":0,"enemies":"Lots of Slimes","floor":10,"turns":3},{"damage":8,"enemies":"Gremlin Nob","floor":12,"turns":4},{"damage":0,"enemies":"Looter","floor":14,"turns":2},{"damage":0,"enemies":"Fading Forest","floor":16,"turns":11},{"damage":0,"enemies":"Elementarium:MUD_AND_TAR_GOLEMS","floor":18,"turns":2},{"damage":0,"enemies":"Elementarium:Cyclone","floor":21,"turns":4},{"damage":0,"enemies":"Elementarium:ElementalPortal","floor":24,"turns":3},{"damage":0,"enemies":"Elementarium:3_ELEMENTALS","floor":25,"turns":2},{"damage":0,"enemies":"Elementarium:WarGolem","floor":27,"turns":2},{"damage":9,"enemies":"Elementarium:STONE_GOLEMS","floor":28,"turns":2},{"damage":0,"enemies":"Elementarium:RubyGolem","floor":30,"turns":1},{"damage":11,"enemies":"Elementarium:FIRE_NOBILITY","floor":31,"turns":4},{"damage":20,"enemies":"Elementarium:PHOENIXES","floor":33,"turns":5},{"damage":1,"enemies":"3 Shapes","floor":35,"turns":3},{"damage":0,"enemies":"3 Darklings","floor":37,"turns":2},{"damage":0,"enemies":"Sphere and 2 Shapes","floor":39,"turns":2},{"damage":0,"enemies":"R_Hoarder","floor":41,"turns":2},{"damage":15,"enemies":"Nemesis","floor":42,"turns":3},{"damage":0,"enemies":"Writhing Mass","floor":44,"turns":3},{"damage":0,"enemies":"Giant Head","floor":45,"turns":4},{"damage":0,"enemies":"R_Hoarder","floor":47,"turns":2},{"damage":0,"enemies":"Donu and Deca","floor":50,"turns":4},{"damage":20,"enemies":"Shield and Spear","floor":54,"turns":4},{"damage":41,"enemies":"The Heart","floor":55,"turns":4}],"seed_played":"6868671018426558787","potions_obtained":[{"floor":1,"key":"LifebloodPotion"},{"floor":8,"key":"Adrenaline Potion"},{"floor":12,"key":"Languid Potion"},{"floor":16,"key":"sneckomod:MuddlingPotion"}],"is_trial":false,"path_per_floor":["M","?","?","M","?","R","M","E","T","M","R","E","?","M","R","B",null,"M","$","?","M","?","R","E","M","T","E","M","?","M","E","R","B",null,"M","$","M","?","M","R","E","E","T","M","E","?","E","?","R","B",null,"R","$","E","B",null],"character_chosen":"DEFECT","items_purchased":["Runic Capacitor","expansioncontent:TimeRipple","Vajra"],"campfire_rested":0,"item_purchase_floors":[19,19,53],"current_hp_per_floor":[73,73,73,73,73,73,73,68,68,68,68,60,60,60,60,60,71,71,71,58,58,58,58,58,58,58,58,49,46,46,47,47,39,70,69,69,69,69,69,69,69,68,68,68,68,45,57,47,75,75,89,89,89,69,40],"gold":92,"neow_bonus":"BOSS_RELIC","is_daily":false,"chose_seed":false,"campfire_upgraded":4,"win_rate":0.0,"timestamp":1609522064,"path_taken":["M","?","?","M","?","R","M","E","T","?","R","E","?","?","R","BOSS","M","$","?","M","?","R","E","?","T","E","M","?","M","E","R","BOSS","M","$","M","?","M","R","E","E","T","M","E","?","E","?","R","BOSS","R","$","E","BOSS"],"items_purchased_type":["Relic","Card","Relic"],"build_version":"2020-12-22","purchased_purges":4,"victory":true,"max_hp_per_floor":[75,75,75,75,75,75,75,75,75,75,75,75,75,75,75,75,75,75,75,80,80,80,80,80,80,80,80,80,80,80,80,80,80,80,80,80,80,80,80,80,80,94,94,94,94,94,94,94,94,94,94,94,94,94,94],"card_choices":[{"not_picked":["Panic Button","FTL"],"picked":"Glacier","floor":1},{"not_picked":["Panic Button","Lockon"],"picked":"Barrage","floor":4},{"not_picked":["Hologram","Rebound"],"picked":"Conserve Battery","floor":7},{"not_picked":["Consume","Turbo"],"picked":"Stack","floor":8},{"not_picked":["Hello World","Redo"],"picked":"Sunder","floor":10},{"not_picked":["FIFO Queue","Heatsinks"],"picked":"Echo Form","floor":12},{"not_picked":["Conserve Battery","Heatsinks","ReplayTheSpireMod:Reroute Power"],"picked":"SKIP","floor":14},{"not_picked":["Creative AI","Biased Cognition"],"picked":"Meteor Strike","floor":16},{"not_picked":["Go for the Eyes","Leap","Sweeping Beam"],"picked":"SKIP","floor":18},{"not_picked":["Coolheaded","Panic Button","Conserve Battery+1"],"picked":"SKIP","floor":21},{"not_picked":["Redo","Hello World"],"picked":"Meteor Strike","floor":24},{"not_picked":["Barrage","ReplayTheSpireMod:GoodbyeWorld","Hello World"],"picked":"SKIP","floor":25},{"not_picked":["ReplayTheSpireMod:GoodbyeWorld","Hello World"],"picked":"Barrage","floor":25},{"not_picked":["Aggregate","Coolheaded","White Noise"],"picked":"SKIP","floor":27},{"not_picked":["FIFO Queue","Rebound","ReplaySolidLightProjector+1"],"picked":"SKIP","floor":28},{"not_picked":["Rebound","ReplaySolidLightProjector+1"],"picked":"FIFO Queue","floor":28},{"not_picked":["Consume","Lockon"],"picked":"Undo","floor":30},{"not_picked":["Chaos","Gash","Hologram+1"],"picked":"SKIP","floor":31},{"not_picked":["Ball Lightning","Redo+1","Genetic Algorithm+1"],"picked":"SKIP","floor":35},{"not_picked":["Ball Lightning","Redo+1","Genetic Algorithm+1"],"picked":"SKIP","floor":35},{"not_picked":["Redo+1","Ball Lightning","Streamline+1"],"picked":"SKIP","floor":37},{"not_picked":["Steam","Leap+1","ReplaySort+1"],"picked":"SKIP","floor":39},{"not_picked":["Undo+1","Ball Lightning+1","Chill"],"picked":"SKIP","floor":41},{"not_picked":["Rebound+1","FIFO Queue","All For One"],"picked":"SKIP","floor":42},{"not_picked":["ReplayTheSpireMod:Calculation Training","Stack+1","Undo+1"],"picked":"SKIP","floor":44},{"not_picked":["Stack","Time Bomb","Conserve Battery+1"],"picked":"SKIP","floor":45},{"not_picked":["Stack+1","Streamline","Beam Cell"],"picked":"SKIP","floor":47},{"not_picked":["expansioncontent:TimeRipple","ReplayTheSpireMod:Brewmster"],"picked":"expansioncontent:StudyTheSpire","floor":48},{"not_picked":["HandOfGreed","Replay:BasicMightCard"],"picked":"expansioncontent:Collect","floor":48},{"not_picked":["Gash","Chill+1"],"picked":"Meteor Strike","floor":54}],"player_experience":203535,"relics_obtained":[{"floor":8,"key":"Meat on the Bone"},{"floor":9,"key":"Iron Hammer"},{"floor":12,"key":"Onion Ring"},{"floor":24,"key":"Nunchaku"},{"floor":27,"key":"Replay:Multitool"},{"floor":31,"key":"Pet Ghost"},{"floor":32,"key":"WingedGreaves"},{"floor":41,"key":"Pen Nib"},{"floor":42,"key":"Mango"},{"floor":43,"key":"Anchor"},{"floor":45,"key":"Torii"},{"floor":46,"key":"Bag of Marbles"},{"floor":47,"key":"Replay:Bottled Flurry"},{"floor":52,"key":"Replay:Bottled Steam"},{"floor":54,"key":"ReplayTheSpireMod:Lightbulb"}],"event_choices":[{"damage_healed":0,"gold_gain":0,"player_choice":"Ignored","damage_taken":114,"max_hp_gain":0,"max_hp_loss":0,"event_name":"betterThird:BetterSerpent","floor":3,"gold_loss":0},{"cards_removed":["Strike_B"],"damage_healed":0,"gold_gain":0,"player_choice":"Offered Basic","damage_taken":0,"max_hp_gain":0,"max_hp_loss":0,"event_name":"Bonfire Elementals","floor":5,"gold_loss":0},{"damage_healed":0,"gold_gain":0,"cards_transformed":["Strike_B"],"player_choice":"Transformed","damage_taken":0,"max_hp_gain":0,"max_hp_loss":0,"event_name":"Transmorgrifier","floor":13,"gold_loss":0,"cards_obtained":["Leap"]},{"damage_healed":0,"gold_gain":0,"player_choice":"Sacrifice","damage_taken":18,"max_hp_gain":5,"max_hp_loss":0,"event_name":"Elementarium:RadiantAltar","floor":20,"gold_loss":0},{"damage_healed":0,"gold_gain":0,"player_choice":"Ignored","damage_taken":0,"max_hp_gain":0,"max_hp_loss":0,"event_name":"Elementarium:FountainOfGold","floor":22,"gold_loss":0},{"damage_healed":0,"gold_gain":0,"player_choice":"Poke through","damage_taken":3,"max_hp_gain":0,"max_hp_loss":0,"event_name":"Elementarium:GreatTreasure","floor":29,"gold_loss":0},{"cards_removed":["Defend_B"],"damage_healed":0,"gold_gain":0,"player_choice":"Removed Skill","damage_taken":0,"max_hp_gain":0,"max_hp_loss":0,"event_name":"Falling","floor":38,"gold_loss":0},{"damage_healed":0,"gold_gain":0,"player_choice":"Memory 3","damage_taken":10,"max_hp_gain":0,"max_hp_loss":0,"event_name":"SensoryStone","floor":48,"gold_loss":0}],"is_beta":false,"boss_relics":[{"not_picked":["Honey Jar","Busted Crown"],"picked":"Sozu"},{"not_picked":["Abe\u0027s Treasure","Painkiller Herb"],"picked":"Ring of Chaos"}],"items_purged_floors":[19,36,36,53],"is_endless":false,"potions_floor_spawned":[1,8,12,16,25,28,31,33,37,39,47],"ascension_level":5}}