{"host":"lg1piimdyocafd6j","time":1609497392,"event":{"mods":["AchievementEnabler","BaseMod","Better Third Choice","BetterRewards","Colored Map","Colored Powertips","Downfall","Minty Spire (QoL Compilation)","Quick Restart","Rare Cards Sparkle","StSLib","SuperFastMode"],"gold_per_floor":[119,138,138,149,160,192,192,224,224,194,209,237,187,204,204,303,303,290,302,89,89,89],"floor_reached":21,"playtime":1540,"items_purged":["Strike_B","Strike_B","All For One"],"score":226,"play_id":"6495f4a0-5268-4575-a60e-e8437b0e8570","local_time":"20210101113632","is_ascension_mode":false,"campfire_choices":[{"floor":7,"key":"REST"},{"floor":15,"key":"REST"}],"circlet_count":0,"master_deck":["Zap","Dualcast","Cold Snap","Capacitor","Cold Snap","Glacier","Buffer","Turbo","Conserve Battery","Blizzard","Cold Snap","Echo Form","Glacier","Redo","Capacitor","Steam","Loop"],"relics":["Cracked Core","PreservedInsect","Juzu Bracelet","Membership Card","Meat on the Bone","Potion Belt","Kunai","Bag of Marbles","Pandora\u0027s Box","Peace Pipe"],"acts_visited":["Exordium","TheCity"],"potions_floor_usage":[2,6,16],"damage_taken":[{"damage":0,"enemies":"2 Louse","floor":1,"turns":4},{"damage":0,"enemies":"Cultist","floor":2,"turns":4},{"damage":5,"enemies":"Jaw Worm","floor":4,"turns":4},{"damage":13,"enemies":"Gremlin Gang","floor":5,"turns":7},{"damage":3,"enemies":"Gremlin Nob","floor":6,"turns":5},{"damage":0,"enemies":"Lagavulin","floor":8,"turns":8},{"damage":0,"enemies":"Looter","floor":10,"turns":4},{"damage":5,"enemies":"Lots of Slimes","floor":11,"turns":8},{"damage":21,"enemies":"3 Sentries","floor":12,"turns":8},{"damage":0,"enemies":"Large Slime","floor":14,"turns":8},{"damage":45,"enemies":"Hexaghost","floor":16,"turns":20},{"damage":15,"enemies":"2 Thieves","floor":18,"turns":4},{"damage":5,"enemies":"Chosen","floor":19,"turns":9},{"damage":0,"enemies":"Snake Plant","floor":21,"turns":1}],"seed_played":"790432310652850477","potions_obtained":[{"floor":2,"key":"Fruit Juice"},{"floor":5,"key":"PowerPotion"},{"floor":11,"key":"Energy Potion"},{"floor":12,"key":"EssenceOfSteel"},{"floor":18,"key":"GamblersBrew"}],"is_trial":false,"path_per_floor":["M","M","?","M","M","E","R","E","T","M","M","E","?","M","R","B",null,"M","M","$","M"],"character_chosen":"DEFECT","items_purchased":["PreservedInsect","Cold Snap","Capacitor","Juzu Bracelet","Membership Card","Peace Pipe"],"campfire_rested":2,"item_purchase_floors":[0,0,0,0,0,20],"current_hp_per_floor":[75,80,80,75,62,59,80,80,80,80,75,54,54,54,78,45,80,65,60,60,60,60],"gold":89,"neow_bonus":"","is_daily":false,"chose_seed":true,"campfire_upgraded":0,"win_rate":0.0,"timestamp":1609497392,"path_taken":["M","M","?","M","M","E","R","E","T","M","M","E","?","M","R","BOSS","M","M","$","M"],"items_purchased_type":["Relic","Card","Card","Relic","Relic","Relic"],"build_version":"2020-12-22","purchased_purges":3,"victory":false,"max_hp_per_floor":[75,80,80,80,80,80,80,80,80,80,80,80,80,80,80,80,80,80,80,80,80,80],"card_choices":[{"not_picked":["Coolheaded","Reinforced Body"],"picked":"Cold Snap","floor":1},{"not_picked":["Go for the Eyes","Chaos","Reinforced Body"],"picked":"SKIP","floor":2},{"not_picked":["BootSequence","Turbo","Gash"],"picked":"SKIP","floor":4},{"not_picked":["Hello World","Gash"],"picked":"Glacier","floor":5},{"not_picked":["White Noise","Redo"],"picked":"Buffer","floor":6},{"not_picked":["BootSequence","Chaos"],"picked":"Turbo","floor":8},{"not_picked":["Genetic Algorithm","Rebound"],"picked":"Conserve Battery","floor":10},{"not_picked":["Buffer","Cold Snap"],"picked":"Blizzard","floor":11},{"not_picked":["Go for the Eyes","Reprogram"],"picked":"Cold Snap","floor":12},{"not_picked":["Undo","BootSequence","Hologram"],"picked":"SKIP","floor":14},{"not_picked":["Hyperbeam","Amplify"],"picked":"Echo Form","floor":16},{"not_picked":["Chaos","Sweeping Beam"],"picked":"Loop","floor":18},{"not_picked":["Compile Driver","Coolheaded","Gash+1"],"picked":"SKIP","floor":19}],"player_experience":163089,"relics_obtained":[{"floor":6,"key":"Potion Belt"},{"floor":8,"key":"Kunai"},{"floor":12,"key":"Bag of Marbles"}],"event_choices":[{"damage_healed":0,"gold_gain":0,"player_choice":"Ignored","damage_taken":0,"max_hp_gain":0,"max_hp_loss":0,"event_name":"NoteForYourself","floor":3,"gold_loss":0},{"cards_removed":["Strike_B"],"damage_healed":0,"gold_gain":0,"player_choice":"Card Removal","damage_taken":0,"max_hp_gain":0,"max_hp_loss":0,"event_name":"The Cleric","floor":13,"gold_loss":50}],"is_beta":false,"boss_relics":[{"not_picked":["SlaversCollar","Cursed Key"],"picked":"Pandora\u0027s Box"}],"items_purged_floors":[0,0,20],"is_endless":false,"potions_floor_spawned":[2,5,11,12,18],"killed_by":"Snake Plant","ascension_level":0}}