{"host":"8by3m8mve9y2rhh4","time":1609544036,"event":{"mods":["BaseMod","Minty Spire (QoL Compilation)","Quick Restart"],"gold_per_floor":[109,109,123,144,163,202,232,266,293,293,293],"floor_reached":10,"playtime":409,"items_purged":[],"score":82,"play_id":"7a3f552a-5280-4dc8-9369-e21ee0f7709a","local_time":"20210101233356","is_ascension_mode":true,"campfire_choices":[],"circlet_count":0,"master_deck":["Strike_G","Strike_G","Strike_G","Strike_G","Strike_G","Defend_G","Defend_G","Defend_G","Defend_G","Defend_G","Survivor","Neutralize","Escape Plan","Escape Plan","Blade Dance","Quick Slash","Malaise","Blade Dance"],"relics":["Ring of the Snake","FossilizedHelix","Golden Idol","Prayer Wheel","Art of War","Lantern"],"acts_visited":["Exordium"],"potions_floor_usage":[6,6,10],"damage_taken":[{"damage":0,"enemies":"Cultist","floor":1,"turns":4},{"damage":0,"enemies":"Small Slimes","floor":3,"turns":3},{"damage":0,"enemies":"2 Louse","floor":4,"turns":4},{"damage":0,"enemies":"Blue Slaver","floor":5,"turns":4},{"damage":9,"enemies":"3 Sentries","floor":6,"turns":9},{"damage":23,"enemies":"Lagavulin","floor":8,"turns":9},{"damage":42,"enemies":"Gremlin Nob","floor":10,"turns":4}],"seed_played":"4882711617885480057","potions_obtained":[{"floor":4,"key":"Fruit Juice"},{"floor":5,"key":"SkillPotion"},{"floor":8,"key":"Dexterity Potion"}],"is_trial":false,"path_per_floor":["M","?","M","M","M","E","?","E","T","E"],"character_chosen":"THE_SILENT","items_purchased":[],"campfire_rested":0,"item_purchase_floors":[],"current_hp_per_floor":[63,58,58,58,58,54,54,31,31,0,0],"gold":293,"neow_bonus":"ONE_RARE_RELIC","is_daily":false,"chose_seed":false,"campfire_upgraded":0,"win_rate":0.0,"timestamp":1609544036,"path_taken":["M","?","M","M","M","E","?","E","T","E"],"items_purchased_type":[],"build_version":"2020-12-22","purchased_purges":0,"victory":false,"max_hp_per_floor":[63,58,58,58,58,63,63,63,63,63,63],"card_choices":[{"not_picked":["Dodge and Roll","Choke"],"picked":"Escape Plan","floor":1},{"not_picked":["Dodge and Roll","Prepared"],"picked":"Escape Plan","floor":3},{"not_picked":["Poisoned Stab","Bouncing Flask"],"picked":"Blade Dance","floor":4},{"not_picked":["Dodge and Roll","Bane"],"picked":"Quick Slash","floor":5},{"not_picked":["Calculated Gamble","Prepared"],"picked":"Malaise","floor":6},{"not_picked":["Night Terror","Dodge and Roll"],"picked":"Blade Dance","floor":8}],"player_experience":642795,"relics_obtained":[{"floor":6,"key":"Prayer Wheel"},{"floor":8,"key":"Lantern"}],"event_choices":[{"damage_healed":0,"gold_gain":0,"player_choice":"Lose Max HP","damage_taken":0,"relics_obtained":["Golden Idol"],"max_hp_gain":0,"max_hp_loss":5,"event_name":"Golden Idol","floor":2,"gold_loss":0},{"damage_healed":0,"gold_gain":30,"player_choice":"Searched \u00272\u0027 times","damage_taken":0,"relics_obtained":["Art of War"],"max_hp_gain":0,"max_hp_loss":0,"event_name":"Dead Adventurer","floor":7,"gold_loss":0}],"is_beta":false,"boss_relics":[],"items_purged_floors":[],"is_endless":false,"potions_floor_spawned":[4,5,8],"killed_by":"Gremlin Nob","ascension_level":1}}