{"host":"obbn5gje3893ci3z","time":1609506591,"event":{"mods":["BaseMod","Colored Powertips","Minty Spire (QoL Compilation)","Reimu£®≤©¿ˆ¡È√Œ£©"],"gold_per_floor":[10,185,196,207,221,221,74,74,74,74,90,105,120,139,139,235,235,245,259,159,177,0,0,35,35,86,86,97,97,97,113,113,215,215,235,28,39,57,57,57],"floor_reached":39,"playtime":3264,"items_purged":["Doubt","Strike_Lin:ReiMu","Strike_Lin:ReiMu"],"score":437,"play_id":"b2bfd3f1-93ab-45c8-8ec2-9847ba53d696","local_time":"20210101210951","is_ascension_mode":true,"campfire_choices":[{"data":"PrayRite:ReiMu","floor":6.0,"key":"SMITH"},{"data":"FineLineFantasy:ReiMu","floor":8.0,"key":"SMITH"},{"data":"Revelation:ReiMu","floor":10.0,"key":"SMITH"},{"data":"KamiRite:ReiMu","floor":15.0,"key":"SMITH"},{"data":"Authority:ReiMu","floor":23.0,"key":"SMITH"},{"floor":30.0,"key":"REST"},{"floor":32.0,"key":"REST"}],"circlet_count":0,"master_deck":["Defend_Lin:ReiMu","Defend_Lin:ReiMu","Defend_Lin:ReiMu","Defend_Lin:ReiMu","NB:ReiMu","Stagnation:ReiMu","PrayRite:ReiMu+1","FineLineFantasy:ReiMu+1","ManaGlint:ReiMu","SpreadBorder2:ReiMu","Revelation:ReiMu+1","PassingAway:ReiMu","KamiRite:ReiMu+1","Authority:ReiMu+1","PrepareRite:ReiMu","PhosphorusFlame:ReiMu+1","Conquer:ReiMu","Decay","OctopathBindingBorder2:ReiMu+1","SubcavityFantasy:ReiMu","NineCharacters:ReiMu","PassingAway:ReiMu"],"relics":["FlyPower:ReiMu","Bottled Tornado","Empty Cage","Calipers","Regal Pillow","DonationBox:ReiMu"],"acts_visited":["Exordium","TheCity","TheBeyond"],"potions_floor_usage":[39],"damage_taken":[{"damage":0.0,"enemies":"2 Louse","floor":1.0,"turns":2.0},{"damage":13.0,"enemies":"Jaw Worm","floor":3.0,"turns":10.0},{"damage":7.0,"enemies":"Small Slimes","floor":4.0,"turns":7.0},{"damage":5.0,"enemies":"3 Louse","floor":5.0,"turns":4.0},{"damage":0.0,"enemies":"Exordium Thugs","floor":11.0,"turns":6.0},{"damage":23.0,"enemies":"Exordium Wildlife","floor":12.0,"turns":10.0},{"damage":0.0,"enemies":"Looter","floor":13.0,"turns":3.0},{"damage":1.0,"enemies":"Exordium Thugs","floor":14.0,"turns":5.0},{"damage":5.0,"enemies":"Hexaghost","floor":16.0,"turns":9.0},{"damage":6.0,"enemies":"Shell Parasite","floor":18.0,"turns":7.0},{"damage":14.0,"enemies":"Spheric Guardian","floor":19.0,"turns":10.0},{"damage":11.0,"enemies":"Centurion and Healer","floor":21.0,"turns":7.0},{"damage":40.0,"enemies":"Book of Stabbing","floor":24.0,"turns":7.0},{"damage":12.0,"enemies":"Cultist and Chosen","floor":28.0,"turns":6.0},{"damage":20.0,"enemies":"Shelled Parasite and Fungi","floor":31.0,"turns":8.0},{"damage":45.0,"enemies":"Automaton","floor":33.0,"turns":10.0},{"damage":0.0,"enemies":"Orb Walker","floor":35.0,"turns":3.0},{"damage":8.0,"enemies":"3 Shapes","floor":37.0,"turns":5.0},{"damage":22.0,"enemies":"Writhing Mass","floor":38.0,"turns":5.0},{"damage":40,"enemies":"4 Shapes","floor":39,"turns":3}],"seed_played":"-2050142587647973328","potions_obtained":[{"floor":1.0,"key":"PowerPotion"},{"floor":3.0,"key":"Fruit Juice"},{"floor":5.0,"key":"Explosive Potion"},{"floor":16.0,"key":"LiquidBronze"},{"floor":18.0,"key":"Regen Potion"},{"floor":19.0,"key":"Block Potion"},{"floor":31.0,"key":"GrandPatriotsElixir:ReiMu"},{"floor":33.0,"key":"Energy Potion"},{"floor":35.0,"key":"BottledKami:ReiMu"},{"floor":38.0,"key":"Ancient Potion"}],"is_trial":false,"path_per_floor":["M","?","M","M","M","R","$","R","T","R","M","M","M","M","R","B",null,"M","M","$","M","?","R","E","?","T","?","M","?","R","M","R","B",null,"M","$","M","M","M"],"character_chosen":"REIMU","items_purchased":["Revelation:ReiMu","NineCharacters:ReiMu"],"campfire_rested":2,"item_purchase_floors":[7,36],"current_hp_per_floor":[65,65,57,50,45,45,45,45,45,45,45,22,22,21,21,16,70,64,65,65,54,54,54,14,14,14,14,2,2,38,18,54,9,70,70,70,62,40,0,0],"gold":57,"neow_bonus":"THREE_RARE_CARDS","is_daily":false,"chose_seed":false,"campfire_upgraded":5,"win_rate":0.0,"timestamp":1609506591,"path_taken":["M","?","M","M","M","R","$","R","T","R","M","M","M","M","R","BOSS","M","M","$","M","?","R","E","?","T","?","M","?","R","M","R","BOSS","M","$","M","M","M"],"items_purchased_type":["Card","Card"],"build_version":"2020-12-22","purchased_purges":3,"victory":false,"max_hp_per_floor":[65,65,70,70,70,70,70,70,70,70,70,70,70,70,70,70,70,70,70,70,70,70,70,70,70,70,70,70,70,70,70,70,70,70,70,70,70,70,70,70],"card_choices":[{"not_picked":["Shading:ReiMu","Determination:ReiMu"],"picked":"PrayRite:ReiMu","floor":0.0},{"not_picked":["TakeOff:ReiMu","InherentArray:ReiMu"],"picked":"FineLineFantasy:ReiMu","floor":1.0},{"not_picked":["OrbThrow:ReiMu","PrepareRite:ReiMu"],"picked":"ManaGlint:ReiMu","floor":3.0},{"not_picked":["TakeOff:ReiMu","SpringWay:ReiMu","SafetyPray:ReiMu"],"picked":"SKIP","floor":4.0},{"not_picked":["SafetyPray:ReiMu","CareerPray:ReiMu"],"picked":"SpreadBorder2:ReiMu","floor":5.0},{"not_picked":["SpringWay:ReiMu","AirStrike:ReiMu","Meditation:ReiMu"],"picked":"SKIP","floor":11.0},{"not_picked":["PrepareRite:ReiMu","ForcedLanding:ReiMu"],"picked":"PassingAway:ReiMu","floor":12.0},{"not_picked":["AirManeuver:ReiMu","CareerPray:ReiMu"],"picked":"KamiRite:ReiMu","floor":13.0},{"not_picked":["Crusade:ReiMu","SafetyPray:ReiMu","Amulet:ReiMu"],"picked":"SKIP","floor":14.0},{"not_picked":["HakureiPhantom:ReiMu","Free:ReiMu"],"picked":"Authority:ReiMu","floor":16.0},{"not_picked":["Enchanting:ReiMu+1","SubAcupoint:ReiMu+1"],"picked":"PrepareRite:ReiMu","floor":18.0},{"not_picked":["AirStrike:ReiMu","SealNeedle:ReiMu","TakeOff:ReiMu"],"picked":"SKIP","floor":19.0},{"not_picked":["NineCharacters:ReiMu","AirStrike:ReiMu"],"picked":"PhosphorusFlame:ReiMu+1","floor":21.0},{"not_picked":["AlertArray:ReiMu","Shading:ReiMu"],"picked":"Conquer:ReiMu","floor":24.0},{"not_picked":["AlertArray:ReiMu","UpKicking:ReiMu","AirStrike:ReiMu+1"],"picked":"SKIP","floor":28.0},{"not_picked":["Meditation:ReiMu","TightArray:ReiMu+1"],"picked":"OctopathBindingBorder2:ReiMu+1","floor":31.0},{"not_picked":["CardOfSanctity:ReiMu","Authority:ReiMu"],"picked":"SubcavityFantasy:ReiMu","floor":33.0},{"not_picked":["SubAcupoint:ReiMu","SealNeedle:ReiMu","YinYangSign:ReiMu"],"picked":"SKIP","floor":35.0},{"not_picked":["SafetyPray:ReiMu","Intuition:ReiMu","Amulet:ReiMu"],"picked":"SKIP","floor":37.0},{"not_picked":["FineLineFantasy:ReiMu+1","DoubleButterfly:ReiMu+1"],"picked":"PassingAway:ReiMu","floor":38.0}],"player_experience":50160,"relics_obtained":[{"floor":9.0,"key":"Bottled Tornado"},{"floor":24.0,"key":"Calipers"},{"floor":26.0,"key":"Regal Pillow"}],"event_choices":[{"damage_healed":0.0,"max_hp_gain":0.0,"max_hp_loss":0.0,"gold_gain":175.0,"event_name":"Liars Game","player_choice":"AGREE","floor":2.0,"gold_loss":0.0,"damage_taken":0.0,"cards_obtained":["Doubt"]},{"damage_healed":0.0,"max_hp_gain":0.0,"max_hp_loss":0.0,"gold_gain":0.0,"event_name":"Masked Bandits","player_choice":"Paid Fearfully","floor":22.0,"gold_loss":177.0,"damage_taken":0.0},{"damage_healed":0.0,"max_hp_gain":0.0,"max_hp_loss":0.0,"gold_gain":0.0,"event_name":"Forgotten Altar","player_choice":"Smashed Altar","floor":25.0,"gold_loss":0.0,"damage_taken":0.0,"cards_obtained":["Decay"]},{"damage_healed":0.0,"max_hp_gain":0.0,"max_hp_loss":0.0,"gold_gain":0.0,"event_name":"Vampires","player_choice":"Ignored","floor":27.0,"gold_loss":0.0,"damage_taken":0.0},{"damage_healed":0.0,"max_hp_gain":0.0,"max_hp_loss":0.0,"gold_gain":0.0,"event_name":"Ghosts","player_choice":"Ignored","floor":29.0,"gold_loss":0.0,"damage_taken":0.0}],"is_beta":false,"boss_relics":[{"not_picked":["SacredBark","Calling Bell"],"picked":"Empty Cage"},{"not_picked":["Runic Dome","Fusion Hammer"],"picked":"DonationBox:ReiMu"}],"items_purged_floors":[7,20,36],"is_endless":false,"potions_floor_spawned":[1,3,5,16,18,19,31,33,35,38],"killed_by":"4 Shapes","ascension_level":2}}