{"host":"Bilverbakes","time":1609468336,"event":{"mods":["2.2 Compatiblity","AchievementEnabler","BaseMod","Bestiary","Colored Map","Minty Spire (QoL Compilation)","Relic Stats","StSLib","ojb\u0027s Info Mod"],"gold_per_floor":[113,125,13,13,13,13,23,55,82,92,118,133,151,178,178,254,254,273,288,306,138,138,138,138,138],"floor_reached":24,"playtime":1717,"items_purged":["Clumsy"],"score":527,"play_id":"dd1acdf4-64bb-4bb3-9379-8d590b969764","local_time":"20201231203216","is_ascension_mode":true,"campfire_choices":[{"data":"Dash","floor":6,"key":"SMITH"},{"data":"Caltrops","floor":15,"key":"SMITH"},{"data":"Wraith Form v2","floor":23,"key":"SMITH"}],"circlet_count":0,"master_deck":["AscendersBane","Strike_G","Strike_G","Strike_G","Strike_G","Defend_G","Defend_G","Defend_G","Defend_G","Defend_G","Survivor","Neutralize","Storm of Steel","Dash+1","Dagger Spray","Caltrops+1","Endless Agony","Adrenaline","Acrobatics","Corpse Explosion","Backflip","Noxious Fumes","Dash","Wraith Form v2+1","Setup","Riddle With Holes"],"relics":["Ring of the Snake","Nunchaku","Bag of Preparation","Regal Pillow","Vajra","Centennial Puzzle","Snecko Eye","Pen Nib"],"acts_visited":["Exordium","TheCity"],"potions_floor_usage":[11,16,20,24],"damage_taken":[{"damage":0,"enemies":"Cultist","floor":1,"turns":4},{"damage":0,"enemies":"2 Louse","floor":2,"turns":3},{"damage":0,"enemies":"Small Slimes","floor":7,"turns":2},{"damage":15,"enemies":"3 Sentries","floor":8,"turns":8},{"damage":0,"enemies":"Blue Slaver","floor":10,"turns":2},{"damage":0,"enemies":"Gremlin Nob","floor":11,"turns":2},{"damage":3,"enemies":"Looter","floor":12,"turns":2},{"damage":0,"enemies":"Lots of Slimes","floor":13,"turns":1},{"damage":0,"enemies":"3 Sentries","floor":14,"turns":2},{"damage":19,"enemies":"Hexaghost","floor":16,"turns":8},{"damage":0,"enemies":"Chosen","floor":18,"turns":4},{"damage":1,"enemies":"Spheric Guardian","floor":19,"turns":3},{"damage":12,"enemies":"Centurion and Healer","floor":20,"turns":4},{"damage":7,"enemies":"Gremlin Leader","floor":24,"turns":4}],"seed_played":"6719594885545050480","potions_obtained":[{"floor":2,"key":"FearPotion"},{"floor":7,"key":"FairyPotion"},{"floor":8,"key":"Weak Potion"},{"floor":12,"key":"SkillPotion"},{"floor":16,"key":"Swift Potion"},{"floor":18,"key":"Weak Potion"},{"floor":20,"key":"SneckoOil"}],"is_trial":false,"path_per_floor":["M","M","$","?","?","R","M","E","T","M","E","M","M","E","R","B",null,"M","M","M","$","?","R","E"],"character_chosen":"THE_SILENT","items_purchased":["Caltrops","Pen Nib"],"campfire_rested":0,"item_purchase_floors":[3,21],"current_hp_per_floor":[59,59,59,48,48,48,48,33,33,33,33,30,30,30,30,11,52,52,51,39,39,39,39,32,32],"gold":138,"neow_bonus":"THREE_RARE_CARDS","is_daily":false,"chose_seed":false,"campfire_upgraded":3,"win_rate":0.0,"timestamp":1609468336,"path_taken":["M","M","$","?","?","R","M","E","T","M","E","M","?","E","R","BOSS","M","?","?","?","?","R","E"],"items_purchased_type":["Card","Relic"],"build_version":"2020-12-18","purchased_purges":1,"victory":false,"max_hp_per_floor":[66,66,66,66,66,66,66,66,66,66,66,66,66,66,66,66,66,66,66,66,66,66,66,66,66],"relic_stats":{"Nunchaku":[13],"Regal Pillow":0,"Centennial Puzzle":[12],"counters":[14,49],"Snecko Eye":[32,27,34,39],"Pen Nib":[0],"Bag of Preparation":[13],"obtain_stats":[{"Nunchaku":4,"Regal Pillow":9,"Centennial Puzzle":14,"Vajra":11,"Snecko Eye":17,"Pen Nib":21,"Bag of Preparation":8,"Ring of the Snake":0},{"Nunchaku":2,"Regal Pillow":4,"Centennial Puzzle":9,"Vajra":6,"Snecko Eye":10,"Pen Nib":13,"Bag of Preparation":4,"Ring of the Snake":0},{"Nunchaku":7,"Regal Pillow":17,"Centennial Puzzle":26,"Vajra":21,"Snecko Eye":34,"Pen Nib":45,"Bag of Preparation":17,"Ring of the Snake":0}],"Ring of the Snake":[29]},"card_choices":[{"not_picked":["Die Die Die","Envenom"],"picked":"Storm of Steel","floor":0},{"not_picked":["Skewer","Flying Knee"],"picked":"Dash","floor":1},{"not_picked":["Bouncing Flask","Escape Plan"],"picked":"Dagger Spray","floor":2},{"not_picked":["Eviscerate","Underhanded Strike"],"picked":"Endless Agony","floor":7},{"not_picked":["Quick Slash","Footwork"],"picked":"Adrenaline","floor":8},{"not_picked":["Endless Agony","Dagger Spray"],"picked":"Acrobatics","floor":10},{"not_picked":["Setup","Slice"],"picked":"Corpse Explosion","floor":11},{"not_picked":["Escape Plan","Slice"],"picked":"Backflip","floor":12},{"not_picked":["Heel Hook","Deflect"],"picked":"Noxious Fumes","floor":13},{"not_picked":["Footwork","Setup"],"picked":"Dash","floor":14},{"not_picked":["Tools of the Trade","Grand Finale"],"picked":"Wraith Form v2","floor":16},{"not_picked":["Tactician","Flying Knee"],"picked":"Setup","floor":18},{"not_picked":["Terror","Blade Dance","Prepared"],"picked":"SKIP","floor":19},{"not_picked":["Cloak And Dagger","Bane+1"],"picked":"Riddle With Holes","floor":20}],"player_experience":494401,"relics_obtained":[{"floor":8,"key":"Bag of Preparation"},{"floor":9,"key":"Regal Pillow"},{"floor":11,"key":"Vajra"},{"floor":14,"key":"Centennial Puzzle"}],"event_choices":[{"damage_healed":0,"gold_gain":0,"player_choice":"Success","damage_taken":11,"relics_obtained":["Nunchaku"],"max_hp_gain":0,"max_hp_loss":0,"event_name":"Scrap Ooze","floor":4,"gold_loss":0},{"cards_removed":["Strike_G"],"damage_healed":0,"gold_gain":0,"player_choice":"Offered Basic","damage_taken":0,"max_hp_gain":0,"max_hp_loss":0,"event_name":"Bonfire Elementals","floor":5,"gold_loss":0},{"damage_healed":0,"gold_gain":0,"player_choice":"Ignored","damage_taken":0,"max_hp_gain":0,"max_hp_loss":0,"event_name":"Ghosts","floor":22,"gold_loss":0}],"is_beta":true,"boss_relics":[{"not_picked":["Fusion Hammer","Busted Crown"],"picked":"Snecko Eye"}],"items_purged_floors":[3],"is_endless":false,"potions_floor_spawned":[2,7,8,10,12,16,18,20],"killed_by":"Gremlin Leader","ascension_level":16}}