{"host":"co1ulnwz1h4zjs22","time":1609512113,"event":{"mods":["Act Like it!","Aspiration","BaseMod","Bestiary","BetterRewards","Colored Powertips","Conspire","Curses Come First","Energized Spire","Friendly Minions","GifTheSpireLib","Googly Eyes","Hubris","Jorbs\u0027s Wanderer Trilogy","Minty Spire (QoL Compilation)","Replay The Spire","Shop Mod","StSLib","The Dragon Tamer","The Forsaken","The IronCluck","The Marked","Waifu the Spire","everything is the same but u backflip on backflip","slay the spire mod where everything is the same but ironclad has a cowboy hat"],"gold_per_floor":[113,113,38,38,38,66,80,91,143,143,3,3,3,22,22,122,122,133,33,33,49,67,99,99,99,99],"floor_reached":25,"playtime":4328,"items_purged":["theMarked:Strike","theMarked:Strike"],"score":219,"play_id":"28460d68-4397-4591-992f-406d49f0755e","local_time":"20210101094153","is_ascension_mode":false,"campfire_choices":[{"data":"theMarked:SoldierOfQuellstein","floor":12,"key":"SMITH"},{"data":"theMarked:GodGivenPower","floor":15,"key":"SMITH"},{"floor":24,"key":"REST"}],"circlet_count":0,"master_deck":["theMarked:Strike","theMarked:Strike","theMarked:Defend","theMarked:Defend","theMarked:Defend","theMarked:Defend","theMarked:SoldierOfQuellstein+1","theMarked:Overcharge","theMarked:Improvise","theMarked:ElementalBlade+1","theMarked:GodGivenPower+1","theMarked:BindingBlade","theMarked:Parry+1"],"relics":["theMarked:ArtifactOfAir","aspiration:Nostalgia","Burning Blood","aspiration:StickyExplosives_weak","Regal Pillow","Singing Bowl","hubris:Towel","Toy Ornithopter"],"acts_visited":["Exordium","TheCity"],"potions_floor_usage":[16,16,21,23,23],"damage_taken":[{"damage":1,"enemies":"Cultist","floor":1,"turns":4},{"damage":20,"enemies":"3 Sentries","floor":6,"turns":11},{"damage":2,"enemies":"Small Slimes","floor":7,"turns":3},{"damage":0,"enemies":"2 Louse","floor":8,"turns":2},{"damage":10,"enemies":"Looter","floor":14,"turns":3},{"damage":34,"enemies":"The Guardian","floor":16,"turns":9},{"damage":27,"enemies":"Shell Parasite","floor":18,"turns":5},{"damage":13,"enemies":"Spheric Guardian","floor":21,"turns":4},{"damage":18,"enemies":"Snake Plant","floor":22,"turns":4},{"damage":28,"enemies":"Book of Stabbing","floor":23,"turns":4},{"damage":57,"enemies":"Gremlin Leader","floor":25,"turns":3}],"seed_played":"-4030644972082987921","potions_obtained":[{"floor":2,"key":"GamblersBrew"},{"floor":2,"key":"DistilledChaos"},{"floor":2,"key":"conspire:TimeTravelPotion"},{"floor":6,"key":"Regen Potion"},{"floor":18,"key":"Block Potion"},{"floor":21,"key":"Dexterity Potion"}],"is_trial":false,"path_per_floor":["M","?","$","$","?","E","M","M","T","T","$","R","?","M","R","B",null,"M","$","?","M","M","E","R","E"],"character_chosen":"THE_DEFAULT","items_purchased":["theMarked:ElementalBlade","theMarked:GodGivenPower"],"campfire_rested":1,"item_purchase_floors":[11,11],"current_hp_per_floor":[70,70,70,70,70,56,60,66,66,66,66,66,66,64,64,51,72,53,53,53,48,36,18,56,0,0],"gold":99,"neow_bonus":"NOSTALGIA","is_daily":false,"chose_seed":false,"campfire_upgraded":2,"win_rate":0.0,"timestamp":1609512113,"path_taken":["M","?","?","$","?","E","M","M","T","?","$","R","?","M","R","BOSS","M","$","?","M","M","E","R","E"],"items_purchased_type":["Card","Card"],"build_version":"2020-12-22","purchased_purges":2,"victory":false,"max_hp_per_floor":[70,70,70,70,70,70,70,70,70,70,70,70,70,72,72,72,72,74,74,74,76,76,78,78,78,78],"card_choices":[{"not_picked":["theMarked:WardOff","theMarked:Parkour","theMarked:Frustration"],"picked":"SKIP","floor":1},{"not_picked":["theMarked:Frustration","theMarked:MuscleMemory","theMarked:Overthink"],"picked":"SKIP","floor":6},{"not_picked":["theMarked:ResourceFulStrike","theMarked:RepellingDischarge"],"picked":"theMarked:Overcharge","floor":7},{"not_picked":["theMarked:RepellingDischarge","theMarked:KeepCalmAndFightOn"],"picked":"theMarked:Improvise","floor":8},{"not_picked":["theMarked:Improvise","theMarked:ChainLightning","theMarked:HeritageOfTheMarked"],"picked":"Singing Bowl","floor":14},{"not_picked":["theMarked:Vacuum","theMarked:MagicAdept"],"picked":"theMarked:BindingBlade","floor":16},{"not_picked":["theMarked:RogueSparks","theMarked:WastefulDefense+1","theMarked:ResourceFulStrike"],"picked":"Singing Bowl","floor":18},{"not_picked":["theMarked:Frustration","theMarked:WastefulDefense","theMarked:HeritageOfTheMarked"],"picked":"Singing Bowl","floor":21},{"not_picked":["theMarked:ParalyzingBlade","theMarked:ChainLightning"],"picked":"theMarked:Parry+1","floor":22},{"not_picked":["theMarked:EternalStudent","theMarked:MaelstromOfLightning","theMarked:Generate"],"picked":"Singing Bowl","floor":23}],"player_experience":392275,"relics_obtained":[{"floor":6,"key":"aspiration:StickyExplosives_weak"},{"floor":9,"key":"Regal Pillow"},{"floor":10,"key":"Singing Bowl"},{"floor":23,"key":"Toy Ornithopter"}],"event_choices":[{"damage_healed":0,"gold_gain":0,"player_choice":"Got Potions","damage_taken":0,"max_hp_gain":0,"max_hp_loss":0,"event_name":"Lab","floor":2,"gold_loss":0},{"cards_removed":["theMarked:Strike"],"damage_healed":0,"gold_gain":0,"player_choice":"Forget","damage_taken":0,"max_hp_gain":0,"max_hp_loss":0,"event_name":"Living Wall","floor":5,"gold_loss":0},{"damage_healed":0,"gold_gain":0,"player_choice":"Upgraded","damage_taken":0,"max_hp_gain":0,"max_hp_loss":0,"event_name":"Upgrade Shrine","floor":20,"gold_loss":0,"cards_upgraded":["theMarked:ElementalBlade"]}],"is_beta":false,"boss_relics":[{"not_picked":["Cursed Key","energizedSpire:OgreHead","theMarked:BronzeBlade"]}],"items_purged_floors":[3,19],"is_endless":false,"potions_floor_spawned":[6,8,18,21],"killed_by":"Gremlin Leader","ascension_level":0}}