{"host":"vmo6qas4tfa0p776","time":1609528962,"event":{"mods":["AchievementEnabler","BaseMod","Bestiary","Better Altar","Better Match","Better Note","Better Sensory Stone","Better Skull","Better Third Choice","Colored Map","Downfall","Minty Spire (QoL Compilation)","Relic Stats","Robot Space Explorer","Spicy Shops","StSLib","The Marked"],"gold_per_floor":[99,114,131,116,136,151,151,160,3,12,41,41,64,30,55,55,55],"floor_reached":16,"playtime":824,"items_purged":[],"score":94,"play_id":"a2585f32-e71f-46fe-a8e3-3a9aed2b0221","local_time":"20210101142242","is_ascension_mode":false,"campfire_choices":[{"data":"Enlightenment","floor":1,"key":"SMITH"},{"data":"sneckomod:RainOfDice","floor":12,"key":"SMITH"}],"circlet_count":0,"master_deck":["sneckomod:Strike","sneckomod:Strike","sneckomod:Strike","sneckomod:Defend","sneckomod:Defend","sneckomod:Defend","sneckomod:TailWhip+1","sneckomod:SnekBite+1","sneckomod:Unknown+1","sneckomod:Unknown","Enlightenment+1","sneckomod:UnknownWeak","sneckomod:UnknownWeak","sneckomod:UnknownVulnerable","sneckomod:DiceBoulder","sneckomod:UnknownCommonAttack","Panache","sneckomod:RainOfDice+1","Regret","sneckomod:UnknownCommonAttack","sneckomod:UnknownBlock","sneckomod:DiceBlock","sneckomod:UnknownClassTHE_CHAMP_GRAY","sneckomod:UnknownRareAttack"],"relics":["sneckomod:SneckoSoul","CeramicFish","sneckomod:LoadedDie"],"acts_visited":["Exordium"],"potions_floor_usage":[4,9,9,14,16],"damage_taken":[{"damage":0,"enemies":"Cultist","floor":2,"turns":4},{"damage":3,"enemies":"Jaw Worm","floor":3,"turns":2},{"damage":5,"enemies":"downfall:FleeingMerchant","floor":4,"turns":4},{"damage":0,"enemies":"2 Louse","floor":5,"turns":3},{"damage":12,"enemies":"Exordium Thugs","floor":6,"turns":4},{"damage":10,"enemies":"downfall:FleeingMerchant","floor":9,"turns":4},{"damage":6,"enemies":"2 Fungi Beasts","floor":11,"turns":3},{"damage":22,"enemies":"3 Louse","floor":13,"turns":3},{"damage":15,"enemies":"downfall:FleeingMerchant","floor":14,"turns":4},{"damage":3,"enemies":"Large Slime","floor":15,"turns":4},{"damage":46,"enemies":"downfall:Watcher","floor":16,"turns":11}],"seed_played":"7910695523309145489","potions_obtained":[{"floor":2,"key":"Regen Potion"},{"floor":3,"key":"Energy Potion"},{"floor":6,"key":"AttackPotion"},{"floor":11,"key":"sneckomod:MuddlingPotion"},{"floor":15,"key":"Explosive Potion"}],"is_trial":false,"path_per_floor":["R","M","M","$","M","M","T","?","$","?","M","R","M","$","M","B"],"character_chosen":"THE_SNECKO","items_purchased":["sneckomod:LoadedDie","sneckomod:UnknownClassTHE_CHAMP_GRAY"],"campfire_rested":0,"item_purchase_floors":[9,14],"current_hp_per_floor":[90,91,89,89,89,78,78,78,80,80,75,75,56,42,40,0,0],"gold":55,"neow_bonus":"RANDOM_COLORLESS","is_daily":false,"chose_seed":false,"campfire_upgraded":2,"win_rate":0.0,"timestamp":1609528962,"path_taken":["R","M","M","$","M","?","T","?","?","?","M","R","M","$","M","BOSS"],"items_purchased_type":["Relic","Card"],"build_version":"2020-12-22","purchased_purges":0,"victory":false,"max_hp_per_floor":[90,91,92,93,93,94,94,94,94,94,95,95,96,97,98,98,98],"relic_stats":{"counters":[11,46],"CeramicFish":72,"obtain_stats":[{"sneckomod:LoadedDie":9,"CeramicFish":7,"sneckomod:SneckoSoul":0},{"sneckomod:LoadedDie":6,"CeramicFish":5,"sneckomod:SneckoSoul":0},{"sneckomod:LoadedDie":21,"CeramicFish":17,"sneckomod:SneckoSoul":0}]},"card_choices":[{"not_picked":["expansioncontent:Sear","expansioncontent:SlimeTackle"],"picked":"Enlightenment","floor":0},{"not_picked":["sneckomod:Nope","sneckomod:SoulDraw"],"picked":"sneckomod:UnknownWeak","floor":2},{"not_picked":["sneckomod:QuickBite","sneckomod:UnknownDexterity"],"picked":"sneckomod:UnknownWeak","floor":3},{"not_picked":["sneckomod:SoulCleanse","sneckomod:QuickMove"],"picked":"sneckomod:UnknownVulnerable","floor":4},{"not_picked":["sneckomod:UnknownClassHEXA_GHOST_PURPLE","sneckomod:UnknownColorless"],"picked":"sneckomod:DiceBoulder","floor":5},{"not_picked":["sneckomod:Nope","sneckomod:DiceBlock"],"picked":"sneckomod:UnknownCommonAttack","floor":6},{"not_picked":["expansioncontent:DarkVoid","expansioncontent:LastStand"],"picked":"Panache","floor":8},{"not_picked":["sneckomod:IronFang","sneckomod:UnknownCommonAttack"],"picked":"sneckomod:RainOfDice","floor":9},{"not_picked":["sneckomod:Unknown1Cost","sneckomod:SoulDraw"],"picked":"sneckomod:UnknownCommonAttack","floor":11},{"not_picked":["sneckomod:UnknownCommonSkill","sneckomod:DiceCrush"],"picked":"sneckomod:UnknownBlock","floor":13},{"not_picked":["sneckomod:SoulDraw","sneckomod:QuickMove"],"picked":"sneckomod:DiceBlock","floor":14},{"not_picked":["sneckomod:IronFang","sneckomod:Rotation"],"picked":"sneckomod:UnknownRareAttack","floor":15}],"player_experience":235432,"relics_obtained":[{"floor":7,"key":"CeramicFish"}],"event_choices":[{"damage_healed":0,"gold_gain":1,"player_choice":"1","damage_taken":0,"max_hp_gain":0,"max_hp_loss":0,"event_name":"betterStone:BetterStone","floor":8,"gold_loss":0}],"is_beta":false,"boss_relics":[],"items_purged_floors":[],"is_endless":false,"potions_floor_spawned":[2,3,6,11,15],"killed_by":"downfall:Watcher","ascension_level":0}}