{"host":"uflv0e3ja7hvnij7","time":1609513623,"event":{"mods":["BaseMod","Better Altar","Better Match","Better Note","Better Sensory Stone","Better Skull","Better Third Choice","Hubris","Infinite Spire","Minty Spire (QoL Compilation)","Permanent Neow","StSLib"],"gold_per_floor":[113,123,123,123,134,161,161,161,161,161,50,62,137,149,149,149,149],"floor_reached":16,"playtime":620,"items_purged":["Sever Soul"],"score":130,"play_id":"0e800369-f729-4292-bddc-9c86b953a31f","local_time":"20210101100703","is_ascension_mode":true,"campfire_choices":[{"data":"Double Tap","floor":7,"key":"SMITH"},{"data":"Good Instincts","floor":10,"key":"SMITH"},{"floor":15,"key":"REST"}],"circlet_count":0,"master_deck":["Strike_R","Strike_R","Strike_R","Strike_R","Strike_R","Defend_R","Defend_R","Defend_R","Bash","Good Instincts+1","Shrug It Off","Double Tap+1","Rampage"],"relics":["Burning Blood","hubris:FunFungus","infinitespire:Lucky Rock"],"acts_visited":["Exordium"],"potions_floor_usage":[16],"damage_taken":[{"damage":2,"enemies":"2 Louse","floor":1,"turns":2},{"damage":0,"enemies":"Cultist","floor":2,"turns":3},{"damage":7,"enemies":"Jaw Worm","floor":5,"turns":3},{"damage":33,"enemies":"3 Sentries","floor":6,"turns":9},{"damage":25,"enemies":"Exordium Thugs","floor":12,"turns":3},{"damage":6,"enemies":"Exordium Wildlife","floor":14,"turns":4},{"damage":46,"enemies":"Hexaghost","floor":16,"turns":10}],"seed_played":"506127539144738634","potions_obtained":[{"floor":1,"key":"Swift Potion"},{"floor":12,"key":"Explosive Potion"},{"floor":14,"key":"SmokeBomb"}],"is_trial":false,"path_per_floor":["M","M","?","$","M","E","R","?","T","R","$","M","?","M","R","B"],"character_chosen":"IRONCLAD","items_purchased":["Rampage"],"campfire_rested":1,"item_purchase_floors":[11],"current_hp_per_floor":[76,80,80,80,79,52,52,52,52,52,52,33,22,22,46,0,0],"gold":149,"neow_bonus":"RANDOM_COLORLESS","is_daily":false,"chose_seed":false,"campfire_upgraded":2,"win_rate":0.0,"timestamp":1609513623,"path_taken":["M","M","?","?","?","E","R","?","T","R","$","M","?","M","R","BOSS"],"items_purchased_type":["Card"],"build_version":"2020-12-22","purchased_purges":1,"victory":false,"max_hp_per_floor":[80,80,80,80,80,80,80,80,80,80,80,80,80,80,80,80,80],"card_choices":[{"not_picked":["Finesse","Mind Blast"],"picked":"Good Instincts","floor":0},{"not_picked":["Wild Strike","Flame Barrier"],"picked":"Shrug It Off","floor":1},{"not_picked":["Clash","Clothesline","Uppercut"],"picked":"SKIP","floor":2},{"not_picked":["Cleave","Blood for Blood","Havoc"],"picked":"SKIP","floor":5},{"not_picked":["Headbutt","Body Slam"],"picked":"Double Tap","floor":6},{"not_picked":["Flex","Heavy Blade","Armaments"],"picked":"SKIP","floor":12},{"not_picked":["Armaments","Fire Breathing","Cleave"],"picked":"SKIP","floor":14}],"player_experience":453391,"relics_obtained":[{"floor":6,"key":"hubris:FunFungus"},{"floor":9,"key":"infinitespire:Lucky Rock"}],"event_choices":[{"damage_healed":0,"gold_gain":0,"cards_transformed":["Defend_R"],"player_choice":"Transformed","damage_taken":0,"max_hp_gain":0,"max_hp_loss":0,"event_name":"Transmorgrifier","floor":3,"gold_loss":0,"cards_obtained":["Sever Soul"]},{"damage_healed":0,"gold_gain":0,"player_choice":"Ignored","damage_taken":161,"max_hp_gain":0,"max_hp_loss":0,"event_name":"betterThird:BetterSerpent","floor":8,"gold_loss":0},{"damage_healed":0,"gold_gain":75,"player_choice":"Gold","damage_taken":11,"max_hp_gain":0,"max_hp_loss":0,"event_name":"betterThird:BetterGoop","floor":13,"gold_loss":0}],"is_beta":false,"boss_relics":[],"items_purged_floors":[11],"is_endless":false,"potions_floor_spawned":[1,12,14],"killed_by":"Hexaghost","ascension_level":6}}