{"host":"y7sd46uq4xlni546","time":1609501656,"event":{"mods":["AchievementEnabler","BaseMod","Colored Map","Colored Powertips","Curses Come First","Filter the Spire","Minty Spire (QoL Compilation)","Quick Restart","Random Character Button","Rare Cards Sparkle","StSLib"],"gold_per_floor":[113,113,86,86,103,103,133,133,133,308,320,320,347,357,357,458,458,475,475,494,419,264,292,292,323,347,367,393,393,492,504,504,606,606,620,633,633,653,215,248,248,248,271,16,16,35,60,14,14,14],"floor_reached":51,"playtime":4338,"items_purged":[],"score":904,"play_id":"af0c0763-ec57-4fcd-b76c-033b23bbd7ca","local_time":"20210101124736","is_ascension_mode":true,"campfire_choices":[{"floor":6.0,"key":"REST"},{"data":"Terror","floor":8.0,"key":"SMITH"},{"data":"Poisoned Stab","floor":12.0,"key":"SMITH"},{"floor":15.0,"key":"REST"},{"floor":24.0,"key":"REST"},{"floor":29.0,"key":"REST"},{"floor":32.0,"key":"REST"},{"floor":41.0,"key":"REST"},{"floor":49,"key":"REST"}],"circlet_count":0,"master_deck":["Strike_G","Strike_G","Strike_G+1","Defend_G","Defend_G","Defend_G+1","Survivor","Neutralize","Blade Dance+1","Sucker Punch","Terror+1","Infinite Blades","Poisoned Stab+1","Venomology","Blade Dance","Die Die Die","Doppelganger+1","Expertise+1","Expertise+1","Dagger Throw+1","Dagger Spray+1","After Image","Finisher+1","Accuracy+1","Prepared+1","All Out Attack+1","Poisoned Stab+1","Dodge and Roll+1","Backstab+1","Adrenaline","Quick Slash+1","Choke+1","Backstab+1","Venomology","Finisher+1","Tactician+1","Madness","Madness","Accuracy","Underhanded Strike","Bouncing Flask+1"],"relics":["Black Star","Question Card","StrikeDummy","Bottled Tornado","StoneCalendar","PreservedInsect","Astrolabe","Lantern","Bag of Preparation","Smiling Mask","Nunchaku","Omamori","Dream Catcher","Pantograph","SacredBark","Thread and Needle","Potion Belt","WingedGreaves","Bronze Scales","Mummified Hand","Orichalcum","Juzu Bracelet"],"acts_visited":["Exordium","TheCity","TheBeyond"],"potions_floor_usage":[46,47,50,50,50,50,50],"damage_taken":[{"damage":6.0,"enemies":"2 Louse","floor":1.0,"turns":3.0},{"damage":0.0,"enemies":"Small Slimes","floor":5.0,"turns":2.0},{"damage":5.0,"enemies":"Lagavulin","floor":7.0,"turns":5.0},{"damage":2.0,"enemies":"Jaw Worm","floor":11.0,"turns":3.0},{"damage":7.0,"enemies":"Gremlin Nob","floor":13.0,"turns":3.0},{"damage":10.0,"enemies":"Large Slime","floor":14.0,"turns":6.0},{"damage":40.0,"enemies":"The Guardian","floor":16.0,"turns":8.0},{"damage":1.0,"enemies":"3 Byrds","floor":18.0,"turns":4.0},{"damage":6.0,"enemies":"Shell Parasite","floor":20.0,"turns":3.0},{"damage":42.0,"enemies":"Slavers","floor":23.0,"turns":4.0},{"damage":12.0,"enemies":"Book of Stabbing","floor":25.0,"turns":4.0},{"damage":0.0,"enemies":"Snecko","floor":27.0,"turns":3.0},{"damage":0.0,"enemies":"Gremlin Leader","floor":28.0,"turns":2.0},{"damage":7.0,"enemies":"Chosen and Byrds","floor":31.0,"turns":4.0},{"damage":4.0,"enemies":"Automaton","floor":33.0,"turns":5.0},{"damage":6.0,"enemies":"Orb Walker","floor":35.0,"turns":2.0},{"damage":0.0,"enemies":"3 Shapes","floor":36.0,"turns":3.0},{"damage":0.0,"enemies":"Sphere and 2 Shapes","floor":38.0,"turns":3.0},{"damage":22.0,"enemies":"Reptomancer","floor":40.0,"turns":5.0},{"damage":0.0,"enemies":"Nemesis","floor":42.0,"turns":2.0},{"damage":11,"enemies":"4 Shapes","floor":46,"turns":6},{"damage":0,"enemies":"Giant Head","floor":47,"turns":5},{"damage":51,"enemies":"Awakened One","floor":50,"turns":6}],"seed_played":"-1348221471000108515","potions_obtained":[{"floor":5.0,"key":"Weak Potion"},{"floor":7.0,"key":"SkillPotion"},{"floor":11.0,"key":"Strength Potion"},{"floor":16.0,"key":"EssenceOfSteel"},{"floor":20.0,"key":"Block Potion"},{"floor":27.0,"key":"CunningPotion"},{"floor":31.0,"key":"Strength Potion"},{"floor":38.0,"key":"Block Potion"},{"floor":47,"key":"AttackPotion"}],"is_trial":false,"path_per_floor":["M","?","$","?","M","R","E","R","T","?","M","R","E","M","R","B",null,"M","?","M","?","$","E","R","E","T","M","E","R","?","M","R","B",null,"M","M","?","M","$","E","R","E","T","$","?","M","E","$","R","B",null],"character_chosen":"THE_SILENT","items_purchased":["Sucker Punch","After Image","Venomology","Thread and Needle","Mummified Hand","Underhanded Strike"],"campfire_rested":7,"item_purchase_floors":[3,22,39,39,44,48],"current_hp_per_floor":[64,50,50,50,50,70,65,65,65,65,63,63,56,46,67,27,70,69,56,50,50,50,8,30,18,18,18,18,40,40,33,55,71,75,69,69,69,69,69,47,69,69,69,69,60,49,49,49,71,24],"gold":14,"neow_bonus":"BOSS_RELIC","is_daily":false,"chose_seed":false,"campfire_upgraded":2,"win_rate":0.0,"timestamp":1609501656,"path_taken":["M","?","$","?","M","R","E","R","T","?","M","R","E","M","R","BOSS","M","?","M","?","?","E","R","E","T","M","E","R","?","?","R","BOSS","M","M","?","M","$","E","R","E","T","$","?","M","E","?","R","BOSS"],"items_purchased_type":["Card","Card","Card","Relic","Relic","Card"],"build_version":"2020-12-22","purchased_purges":0,"victory":true,"max_hp_per_floor":[70,70,70,70,70,70,70,70,70,70,70,70,70,70,70,70,70,70,75,75,75,75,75,75,75,75,75,75,75,75,75,75,75,75,75,75,75,75,75,75,75,75,75,75,75,75,75,75,75,75],"card_choices":[{"not_picked":["Poisoned Stab","Quick Slash"],"picked":"Blade Dance","floor":1.0},{"not_picked":["PiercingWail","Reflex"],"picked":"Terror","floor":5.0},{"not_picked":["Blur","Bane"],"picked":"Infinite Blades","floor":7.0},{"not_picked":["Infinite Blades","PiercingWail","Tactician"],"picked":"Poisoned Stab","floor":11.0},{"not_picked":["Acrobatics","Underhanded Strike","Bane"],"picked":"Venomology","floor":13.0},{"not_picked":["Escape Plan","Flying Knee","Acrobatics"],"picked":"Blade Dance","floor":14.0},{"not_picked":["Glass Knife","Venomology","Storm of Steel"],"picked":"Die Die Die","floor":16.0},{"not_picked":["Reflex+1","Bane","Sucker Punch"],"picked":"Dagger Throw+1","floor":18.0},{"not_picked":["Deadly Poison","Eviscerate+1","Prepared"],"picked":"Dagger Spray+1","floor":20.0},{"not_picked":["Backstab+1","Dagger Throw","Acrobatics"],"picked":"Finisher+1","floor":23.0},{"not_picked":["Well Laid Plans","Cloak And Dagger+1","Deadly Poison"],"picked":"Accuracy+1","floor":25.0},{"not_picked":["Underhanded Strike","Blade Dance","Dash"],"picked":"Prepared+1","floor":27.0},{"not_picked":["Flying Knee","Outmaneuver","Backstab"],"picked":"All Out Attack+1","floor":28.0},{"not_picked":["Quick Slash","Acrobatics","Storm of Steel"],"picked":"Poisoned Stab+1","floor":29.0},{"not_picked":["Well Laid Plans","PiercingWail","Deadly Poison"],"picked":"Dodge and Roll+1","floor":31.0},{"not_picked":["Bane","Blur","Bouncing Flask+1"],"picked":"Backstab+1","floor":32.0},{"not_picked":["Grand Finale","Envenom","Glass Knife"],"picked":"Adrenaline","floor":33.0},{"not_picked":["Acrobatics","Deadly Poison+1","Poisoned Stab"],"picked":"Quick Slash+1","floor":35.0},{"not_picked":["Prepared","Escape Plan","Quick Slash+1"],"picked":"Choke+1","floor":36.0},{"not_picked":["Backflip","Choke","Acrobatics+1"],"picked":"Backstab+1","floor":38.0},{"not_picked":["Glass Knife","Well Laid Plans","Underhanded Strike"],"picked":"Finisher+1","floor":40.0},{"not_picked":["Quick Slash","Dodge and Roll+1","Flechettes+1"],"picked":"Tactician+1","floor":41.0},{"not_picked":["Flechettes","Bane","Quick Slash","Tactician"],"picked":"SKIP","floor":46},{"not_picked":["Die Die Die","Blade Dance","Finisher+1"],"picked":"Accuracy","floor":47},{"not_picked":["Terror+1","Sucker Punch","Deflect+1"],"picked":"Bouncing Flask+1","floor":49}],"player_experience":558372,"relics_obtained":[{"floor":7.0,"key":"Question Card"},{"floor":7.0,"key":"StrikeDummy"},{"floor":9.0,"key":"Bottled Tornado"},{"floor":13.0,"key":"StoneCalendar"},{"floor":13.0,"key":"PreservedInsect"},{"floor":23.0,"key":"Lantern"},{"floor":23.0,"key":"Bag of Preparation"},{"floor":25.0,"key":"Smiling Mask"},{"floor":25.0,"key":"Nunchaku"},{"floor":26.0,"key":"Omamori"},{"floor":28.0,"key":"Dream Catcher"},{"floor":28.0,"key":"Pantograph"},{"floor":40.0,"key":"Potion Belt"},{"floor":40.0,"key":"WingedGreaves"},{"floor":43.0,"key":"Bronze Scales"},{"floor":47,"key":"Orichalcum"},{"floor":47,"key":"Juzu Bracelet"}],"event_choices":[{"damage_healed":0.0,"max_hp_gain":0.0,"max_hp_loss":0.0,"gold_gain":0.0,"event_name":"Shining Light","player_choice":"Entered Light","floor":2.0,"gold_loss":0.0,"damage_taken":14.0,"cards_upgraded":["Defend_G","Strike_G"]},{"damage_healed":0.0,"max_hp_gain":0.0,"max_hp_loss":0.0,"gold_gain":0.0,"event_name":"Living Wall","player_choice":"Grow","floor":4.0,"gold_loss":0.0,"damage_taken":0.0,"cards_upgraded":["Blade Dance"]},{"damage_healed":0.0,"max_hp_gain":0.0,"max_hp_loss":0.0,"gold_gain":175.0,"event_name":"Liars Game","player_choice":"AGREE","floor":10.0,"gold_loss":0.0,"damage_taken":0.0,"cards_obtained":["Doubt"]},{"damage_healed":0.0,"max_hp_gain":5.0,"max_hp_loss":0.0,"gold_gain":0.0,"event_name":"Forgotten Altar","player_choice":"Shed Blood","floor":19.0,"gold_loss":0.0,"damage_taken":18.0},{"cards_removed":["Doubt"],"damage_healed":0.0,"max_hp_gain":0.0,"max_hp_loss":0.0,"gold_gain":0.0,"event_name":"Beggar","player_choice":"Gave Gold","floor":21.0,"gold_loss":75.0,"damage_taken":0.0},{"damage_healed":0.0,"max_hp_gain":0.0,"max_hp_loss":0.0,"gold_gain":99.0,"event_name":"Nest","player_choice":"Stole From Cult","floor":30.0,"gold_loss":0.0,"damage_taken":0.0},{"cards_removed":["Defend_G"],"damage_healed":0.0,"max_hp_gain":0.0,"max_hp_loss":0.0,"gold_gain":0.0,"event_name":"Falling","player_choice":"Removed Skill","floor":37.0,"gold_loss":0.0,"damage_taken":0.0},{"damage_healed":0.0,"max_hp_gain":0.0,"max_hp_loss":0.0,"gold_gain":0.0,"event_name":"Winding Halls","player_choice":"Embrace Madness","floor":45.0,"gold_loss":0.0,"damage_taken":9.0,"cards_obtained":["Madness","Madness"]}],"is_beta":false,"boss_relics":[{"not_picked":["Fusion Hammer","SlaversCollar"],"picked":"Astrolabe"},{"not_picked":["Sozu","Velvet Choker"],"picked":"SacredBark"}],"items_purged_floors":[],"is_endless":false,"potions_floor_spawned":[5,7,11,16,20,27,31,38,42,47],"ascension_level":2}}