{"host":"da4a6z8aof69aasy","time":1609522340,"event":{"mods":["AchievementEnabler","BaseMod","Block Reminder","Colored Powertips","DeckTracker","Highlight Path","Minty Spire (QoL Compilation)","Permanent Neow","Relic Stats","StSLib"],"gold_per_floor":[110,110,122,135,135,135,164,164,243,268,283,293,361,389,389,465,465,477,402,416,466,516,548,548,582,582,582,183,183,199,215,215,288,288,304,354,371,472,522,554,629,664,664,438,469,469,497,516,516,516,516,516,27,54,54],"floor_reached":56,"playtime":10998,"items_purged":["Strike_B","Strike_B","Strike_B","Self Repair"],"score":2199,"play_id":"7c9ede80-fe45-4b97-b71e-a8db4ad5485a","local_time":"20210101193220","is_ascension_mode":true,"campfire_choices":[{"data":"Zap","floor":6.0,"key":"SMITH"},{"data":"Barrage","floor":8.0,"key":"SMITH"},{"data":"Loop","floor":15.0,"key":"SMITH"},{"data":"Defragment","floor":24.0,"key":"SMITH"},{"data":"Biased Cognition","floor":27.0,"key":"SMITH"},{"data":"Capacitor","floor":29.0,"key":"SMITH"},{"floor":32.0,"key":"REST"},{"data":"Loop","floor":46,"key":"SMITH"},{"floor":49,"key":"RECALL"},{"data":"Static Discharge","floor":52,"key":"SMITH"}],"circlet_count":0,"master_deck":["AscendersBane","Defend_B","Defend_B","Defend_B","Zap+1","Dualcast","Capacitor+1","Cold Snap","Coolheaded","Barrage+1","Biased Cognition+1","Ball Lightning","Loop+1","Turbo+1","Go for the Eyes+1","Defragment+1","RitualDagger","Conserve Battery","Genetic Algorithm","Core Surge","Defragment+1","Capacitor+1","Force Field+1","Master of Strategy","Master of Strategy","Echo Form","Cold Snap","Hologram","Stack","Loop+1","Stack","Static Discharge+1","Glacier"],"relics":["Cracked Core","SsserpentHead","Strawberry","Meat on the Bone","Ice Cream","WingedGreaves","Runic Pyramid","Toy Ornithopter","Centennial Puzzle","Symbiotic Virus","Bottled Tornado","Black Star","Thread and Needle","Blue Candle","Torii","Prayer Wheel","Peace Pipe","Unceasing Top","Mercury Hourglass","Potion Belt","Sundial","Bottled Lightning","HornCleat","StoneCalendar","Anchor"],"acts_visited":["Exordium","TheCity","TheBeyond","TheEnding"],"potions_floor_usage":[50,55,55],"damage_taken":[{"damage":2.0,"enemies":"Jaw Worm","floor":1.0,"turns":3.0},{"damage":4.0,"enemies":"Small Slimes","floor":3.0,"turns":3.0},{"damage":2.0,"enemies":"Cultist","floor":4.0,"turns":4.0},{"damage":22.0,"enemies":"3 Sentries","floor":7.0,"turns":10.0},{"damage":12.0,"enemies":"Lagavulin","floor":10.0,"turns":5.0},{"damage":10.0,"enemies":"Blue Slaver","floor":11.0,"turns":4.0},{"damage":0.0,"enemies":"Large Slime","floor":12.0,"turns":3.0},{"damage":1.0,"enemies":"Looter","floor":13.0,"turns":2.0},{"damage":11.0,"enemies":"3 Sentries","floor":14.0,"turns":5.0},{"damage":2.0,"enemies":"The Guardian","floor":16.0,"turns":8.0},{"damage":0.0,"enemies":"Chosen","floor":18.0,"turns":4.0},{"damage":14.0,"enemies":"Shell Parasite","floor":20.0,"turns":4.0},{"damage":25.0,"enemies":"Book of Stabbing","floor":23.0,"turns":5.0},{"damage":39.0,"enemies":"Slavers","floor":25.0,"turns":5.0},{"damage":3.0,"enemies":"3 Cultists","floor":30.0,"turns":5.0},{"damage":24.0,"enemies":"Snake Plant","floor":31.0,"turns":4.0},{"damage":26.0,"enemies":"Collector","floor":33.0,"turns":7.0},{"damage":3,"enemies":"3 Shapes","floor":35,"turns":4},{"damage":9,"enemies":"Orb Walker","floor":37,"turns":3},{"damage":57,"enemies":"2 Orb Walkers","floor":38,"turns":5},{"damage":0,"enemies":"Giant Head","floor":40,"turns":9},{"damage":0,"enemies":"Mind Bloom Boss Battle","floor":41,"turns":7},{"damage":1,"enemies":"Reptomancer","floor":42,"turns":7},{"damage":0,"enemies":"Giant Head","floor":45,"turns":10},{"damage":1,"enemies":"Nemesis","floor":47,"turns":7},{"damage":1,"enemies":"Maw","floor":48,"turns":7},{"damage":42,"enemies":"Awakened One","floor":50,"turns":19},{"damage":32,"enemies":"Shield and Spear","floor":54,"turns":6},{"damage":23,"enemies":"The Heart","floor":55,"turns":7}],"seed_played":"3723810591234932944","potions_obtained":[{"floor":3.0,"key":"Block Potion"},{"floor":4.0,"key":"FairyPotion"},{"floor":13.0,"key":"EssenceOfSteel"},{"floor":16.0,"key":"Fire Potion"},{"floor":25.0,"key":"Swift Potion"},{"floor":31.0,"key":"Ancient Potion"},{"floor":38,"key":"Ancient Potion"},{"floor":41,"key":"PowerPotion"},{"floor":42,"key":"DistilledChaos"},{"floor":48,"key":"Swift Potion"}],"is_trial":false,"path_per_floor":["M","?","M","M","?","R","E","R","T","E","M","M","M","E","R","B",null,"M","$","M","?","?","E","R","E","T","R","$","R","M","M","R","B",null,"M","?","M","?","?","E","?","E","T","$","E","R","E","M","R","B",null,"R","$","E","B",null],"character_chosen":"DEFECT","items_purchased":["Self Repair","Bottled Tornado","Stack","Loop","HornCleat","EssenceOfDarkness"],"campfire_rested":1,"item_purchase_floors":[28,28,44,44,53,53],"current_hp_per_floor":[62,62,58,56,56,56,41,41,41,41,43,43,42,43,43,41,69,69,69,55,55,49,36,36,14,14,14,14,14,30,25,48,46,70,74,74,72,34,29,48,62,75,75,75,78,78,78,78,78,55,72,72,72,40,34],"gold":54,"neow_bonus":"TRANSFORM_CARD","is_daily":false,"chose_seed":false,"campfire_upgraded":8,"win_rate":0.0,"timestamp":1609522340,"path_taken":["M","?","M","M","?","R","E","R","T","E","M","M","?","E","R","BOSS","M","$","M","?","?","E","R","E","T","R","$","R","M","M","R","BOSS","M","?","M","?","?","E","?","E","T","$","E","R","E","M","R","BOSS","R","$","E","BOSS"],"items_purchased_type":["Card","Relic","Card","Card","Relic","Potion"],"build_version":"2020-12-22","purchased_purges":4,"victory":true,"max_hp_per_floor":[71,71,71,71,71,71,78,78,78,78,78,78,78,78,78,78,78,78,78,78,78,78,78,78,78,78,78,78,78,78,78,78,78,78,78,78,78,78,78,78,78,78,78,78,78,78,78,78,78,78,78,78,78,78,78],"relic_stats":{"Torii":18,"counters":[29,172],"Blue Candle":[0],"StoneCalendar":[0],"Mercury Hourglass":[147],"Peace Pipe":0,"SsserpentHead":350,"Centennial Puzzle":[36],"Sundial":[4],"Prayer Wheel":1,"Black Star":5,"obtain_stats":[{"Ice Cream":10,"Torii":40,"StoneCalendar":54,"Bottled Tornado":28,"SsserpentHead":5,"Centennial Puzzle":25,"HornCleat":53,"Sundial":47,"Strawberry":7,"Prayer Wheel":41,"WingedGreaves":14,"Cracked Core":0,"Runic Pyramid":17,"Potion Belt":45,"Blue Candle":40,"Thread and Needle":38,"Mercury Hourglass":45,"Peace Pipe":42,"Anchor":54,"Black Star":34,"Bottled Lightning":47,"Symbiotic Virus":26,"Toy Ornithopter":23,"Unceasing Top":42,"Meat on the Bone":9},{"Ice Cream":5,"Torii":21,"StoneCalendar":28,"Bottled Tornado":14,"SsserpentHead":3,"Centennial Puzzle":14,"HornCleat":27,"Sundial":25,"Strawberry":4,"Prayer Wheel":22,"WingedGreaves":9,"Cracked Core":0,"Runic Pyramid":10,"Potion Belt":24,"Blue Candle":21,"Thread and Needle":20,"Mercury Hourglass":24,"Peace Pipe":23,"Anchor":28,"Black Star":17,"Bottled Lightning":25,"Symbiotic Virus":14,"Toy Ornithopter":13,"Unceasing Top":23,"Meat on the Bone":4},{"Ice Cream":25,"Torii":102,"StoneCalendar":165,"Bottled Tornado":65,"SsserpentHead":10,"Centennial Puzzle":65,"HornCleat":159,"Sundial":133,"Strawberry":20,"Prayer Wheel":109,"WingedGreaves":39,"Cracked Core":0,"Runic Pyramid":47,"Potion Belt":126,"Blue Candle":102,"Thread and Needle":93,"Mercury Hourglass":126,"Peace Pipe":116,"Anchor":165,"Black Star":81,"Bottled Lightning":133,"Symbiotic Virus":65,"Toy Ornithopter":60,"Unceasing Top":116,"Meat on the Bone":20}],"Toy Ornithopter":20,"Unceasing Top":[0],"Meat on the Bone":132},"card_choices":[{"not_picked":["Force Field","Leap"],"picked":"Cold Snap","floor":1.0},{"not_picked":["Tempest","Stack"],"picked":"Coolheaded","floor":3.0},{"not_picked":["Stack","Skim","Gash"],"picked":"SKIP","floor":4.0},{"not_picked":["Stack","Skim","Gash"],"picked":"SKIP","floor":4.0},{"not_picked":["Consume","Tempest"],"picked":"Barrage","floor":7.0},{"not_picked":["Sunder","Steam"],"picked":"Biased Cognition","floor":10.0},{"not_picked":["Barrage","Melter"],"picked":"Ball Lightning","floor":11.0},{"not_picked":["Beam Cell","Redo"],"picked":"Loop","floor":12.0},{"not_picked":["Scrape","Heatsinks","Stack"],"picked":"SKIP","floor":13.0},{"not_picked":["Machine Learning","Gash","Redo"],"picked":"SKIP","floor":14.0},{"not_picked":["Ball Lightning","Undo"],"picked":"Turbo+1","floor":18.0},{"not_picked":["Sweeping Beam","Redo"],"picked":"Go for the Eyes+1","floor":20.0},{"not_picked":["Meteor Strike","Steam Power+1"],"picked":"Conserve Battery","floor":23.0},{"not_picked":["Barrage","Darkness+1"],"picked":"Genetic Algorithm","floor":25.0},{"not_picked":["Recycle","Sweeping Beam","Hello World"],"picked":"SKIP","floor":30.0},{"not_picked":["Ball Lightning","Doom and Gloom","Undo"],"picked":"SKIP","floor":31.0},{"not_picked":["Reboot","Biased Cognition"],"picked":"Core Surge","floor":33.0},{"not_picked":["Gash","Aggregate"],"picked":"Defragment+1","floor":35},{"not_picked":["Beam Cell","Compile Driver"],"picked":"Capacitor+1","floor":37},{"not_picked":["White Noise+1","Blizzard"],"picked":"Force Field+1","floor":38},{"not_picked":["HandOfGreed","Mind Blast"],"picked":"Master of Strategy","floor":39},{"not_picked":["Deep Breath","Finesse"],"picked":"Master of Strategy","floor":39},{"not_picked":["Streamline+1","Beam Cell"],"picked":"Echo Form","floor":40},{"not_picked":["Tempest","Steam"],"picked":"Cold Snap","floor":41},{"not_picked":["Beam Cell+1","Amplify"],"picked":"Hologram","floor":42},{"not_picked":["Cold Snap","Streamline"],"picked":"Stack","floor":45},{"not_picked":["Blizzard","Streamline","Go for the Eyes"],"picked":"SKIP","floor":47},{"not_picked":["Coolheaded","Turbo"],"picked":"Static Discharge","floor":48},{"not_picked":["Beam Cell","Reprogram","Stack+1"],"picked":"SKIP","floor":48},{"not_picked":["Steam","Streamline"],"picked":"Glacier","floor":54}],"player_experience":1954358,"relics_obtained":[{"floor":7.0,"key":"Strawberry"},{"floor":9.0,"key":"Meat on the Bone"},{"floor":10.0,"key":"Ice Cream"},{"floor":14.0,"key":"WingedGreaves"},{"floor":23.0,"key":"Toy Ornithopter"},{"floor":25.0,"key":"Centennial Puzzle"},{"floor":26.0,"key":"Symbiotic Virus"},{"floor":38,"key":"Thread and Needle"},{"floor":40,"key":"Blue Candle"},{"floor":40,"key":"Torii"},{"floor":41,"key":"Prayer Wheel"},{"floor":42,"key":"Peace Pipe"},{"floor":42,"key":"Unceasing Top"},{"floor":45,"key":"Mercury Hourglass"},{"floor":45,"key":"Potion Belt"},{"floor":47,"key":"Sundial"},{"floor":47,"key":"Bottled Lightning"},{"floor":54,"key":"StoneCalendar"},{"floor":54,"key":"Anchor"}],"event_choices":[{"damage_healed":0.0,"max_hp_gain":0.0,"max_hp_loss":0.0,"gold_gain":0.0,"event_name":"Liars Game","player_choice":"Ignored","floor":2.0,"gold_loss":0.0,"damage_taken":0.0},{"damage_healed":0.0,"max_hp_gain":0.0,"max_hp_loss":0.0,"gold_gain":0.0,"event_name":"FaceTrader","player_choice":"Trade","floor":5.0,"gold_loss":0.0,"damage_taken":0.0,"relics_obtained":["SsserpentHead"]},{"damage_healed":0.0,"max_hp_gain":0.0,"max_hp_loss":0.0,"gold_gain":0.0,"event_name":"The Library","player_choice":"Read","floor":21.0,"gold_loss":0.0,"damage_taken":0.0,"cards_obtained":["Defragment"]},{"damage_healed":0.0,"max_hp_gain":0.0,"max_hp_loss":0.0,"gold_gain":0.0,"event_name":"Nest","player_choice":"Joined the Cult","floor":22.0,"gold_loss":0.0,"damage_taken":6.0,"cards_obtained":["RitualDagger"]},{"cards_removed":["Defend_B"],"damage_healed":0,"gold_gain":0,"player_choice":"Removed Skill","damage_taken":0,"max_hp_gain":0,"max_hp_loss":0,"event_name":"Falling","floor":36,"gold_loss":0},{"damage_healed":0,"gold_gain":0,"player_choice":"Fight","damage_taken":0,"max_hp_gain":0,"max_hp_loss":0,"event_name":"Mysterious Sphere","floor":38,"gold_loss":0},{"damage_healed":0,"gold_gain":0,"player_choice":"Memory 2","damage_taken":5,"max_hp_gain":0,"max_hp_loss":0,"event_name":"SensoryStone","floor":39,"gold_loss":0},{"damage_healed":0,"gold_gain":0,"player_choice":"Fight","damage_taken":0,"max_hp_gain":0,"max_hp_loss":0,"event_name":"MindBloom","floor":41,"gold_loss":0}],"is_beta":false,"boss_relics":[{"not_picked":["Empty Cage","Tiny House"],"picked":"Runic Pyramid"},{"not_picked":["SacredBark","Snecko Eye"],"picked":"Black Star"}],"items_purged_floors":[19,28,44,53],"is_endless":false,"potions_floor_spawned":[3,4,13,16,20,25,30,31,38,41,42,48],"ascension_level":15}}