{"host":"htqwg582tjjtn9p7","time":1609503303,"event":{"mods":["2.2 Compatiblity","AchievementEnabler","Act Like it!","Aspiration","BaseMod","Better Third Choice","Colored Map","Conspire","Curses Come First","Displayed Cursed Tome","Energized Spire","Force Act Four","GifTheSpireLib","Hermit","Highlight Path","JesterMod","Mad Scientist","Minty Spire (QoL Compilation)","Pale of the Ancients","Permanent Neow","Random Character Button","Relic Stats","Replay The Spire","Robot Space Explorer","Somnambulant","Spicy Shops","Spikes Relics","StSLib","Stuff the Spire","The Blue Laboratory","The Disciple","The Dragon Tamer","The Forsaken","The Gatherer","The Judge","The Jungle","The Marked","The Runesmith","The Servant 0.9.4"],"gold_per_floor":[120,120,120,120,152,152,152,152,234,159,159,214,214,244,244,353,353,390,417,25,25,58,58,71,71],"floor_reached":24,"playtime":1103,"items_purged":["Footwork"],"score":336,"play_id":"e0e5949a-e32c-4b28-8ca7-6a3e683e2805","local_time":"20210101131503","is_ascension_mode":true,"campfire_choices":[{"data":"Hidden Blade","floor":6,"key":"SMITH"},{"data":"StuffTheSpire:FreeRealEstate","floor":8,"key":"SMITH"},{"data":"Neutralize","floor":11,"key":"SMITH"},{"floor":15,"key":"REST"},{"floor":23,"key":"REST"}],"circlet_count":0,"master_deck":["AscendersBane","Strike_G","Strike_G","Strike_G+1","Defend_G","Defend_G","Defend_G","Defend_G","Defend_G","Survivor","Neutralize+1","StuffTheSpire:FreeRealEstate+1","ReplayTheSpireMod:The Works","ReplayTheSpireMod:The Works+1","Hidden Blade+1","Blade Dance","Noxious Fumes","Burst","ReplayTheSpireMod:Scrap Shanks","Backstab","Catalyst","Finesse","Crippling Poison"],"relics":["Ring of the Snake","conspire:DecoderRing","GiantMaggot","Golden Idol","jesterMod:MachoBrace"],"acts_visited":["Exordium","TheCity"],"potions_floor_usage":[22,24,24],"damage_taken":[{"damage":1,"enemies":"Cultist","floor":1,"turns":5},{"damage":0,"enemies":"Jaw Worm","floor":5,"turns":7},{"damage":36,"enemies":"Lagavulin","floor":12,"turns":10},{"damage":0,"enemies":"Small Slimes","floor":14,"turns":2},{"damage":33,"enemies":"Fading Forest","floor":16,"turns":11},{"damage":6,"enemies":"Shell Parasite","floor":18,"turns":6},{"damage":31,"enemies":"2 Thieves","floor":19,"turns":5},{"damage":26,"enemies":"Snake Plant","floor":22,"turns":5},{"damage":20,"enemies":"Book of Stabbing","floor":24,"turns":5}],"seed_played":"28723477826986254","potions_obtained":[{"floor":5,"key":"blueLaboratory:RememoryPotion"},{"floor":12,"key":"Fire Potion"},{"floor":18,"key":"blueLaboratory:Moonshine"},{"floor":19,"key":"Regen Potion"},{"floor":22,"key":"Swift Potion"}],"is_trial":false,"path_per_floor":["M","?","?","?","M","R","?","R","T","?","R","E","?","M","R","B",null,"M","M","$","?","M","R","E"],"character_chosen":"THE_SILENT","items_purchased":["Footwork","Catalyst","Finesse","Crippling Poison"],"campfire_rested":2,"item_purchase_floors":[20,20,20,20],"current_hp_per_floor":[58,38,38,48,48,48,66,66,66,66,66,30,30,30,48,37,54,48,17,17,17,5,23,3,3],"gold":71,"neow_bonus":"RANDOM_COLORLESS","is_daily":false,"chose_seed":false,"campfire_upgraded":3,"win_rate":0.0,"timestamp":1609503303,"path_taken":["M","?","?","?","M","R","?","R","T","?","R","E","?","M","R","BOSS","M","M","$","?","M","R","E"],"items_purchased_type":["Card","Card","Card","Card"],"build_version":"2020-12-22","purchased_purges":1,"victory":false,"max_hp_per_floor":[66,66,66,66,66,66,66,66,66,66,66,66,60,60,60,60,60,60,60,60,60,60,60,60,60],"relic_stats":{"counters":[9,56],"Golden Idol":35,"obtain_stats":[{"GiantMaggot":12,"Golden Idol":13,"jesterMod:MachoBrace":17,"conspire:DecoderRing":9,"Ring of the Snake":0},{"GiantMaggot":3,"Golden Idol":3,"jesterMod:MachoBrace":5,"conspire:DecoderRing":2,"Ring of the Snake":0},{"GiantMaggot":22,"Golden Idol":22,"jesterMod:MachoBrace":35,"conspire:DecoderRing":12,"Ring of the Snake":0}],"Ring of the Snake":[18]},"card_choices":[{"not_picked":["Replay:Parry","PlatinumSkin"],"picked":"StuffTheSpire:FreeRealEstate","floor":0},{"not_picked":["StuffTheSpire:Python","Deadly Poison"],"picked":"ReplayTheSpireMod:The Works","floor":1},{"not_picked":["Concentrate","Replay:Poison Smokescreen"],"picked":"Hidden Blade","floor":5},{"not_picked":["Dagger Throw","ReplayTheSpireMod:Tripwire"],"picked":"Blade Dance","floor":12},{"not_picked":["StuffTheSpire:Shiver","Prepared"],"picked":"Noxious Fumes","floor":14},{"not_picked":["Doppelganger","Grand Finale"],"picked":"Burst","floor":16},{"not_picked":["ReplayTheSpireMod:Speed Training","Riddle With Holes"],"picked":"ReplayTheSpireMod:Scrap Shanks","floor":18},{"not_picked":["Dagger Throw","StuffTheSpire:Repulse"],"picked":"Backstab","floor":19},{"not_picked":["Poisoned Stab","Toxin Wave","StuffTheSpire:MirrorStance"],"picked":"SKIP","floor":22}],"player_experience":1853962,"relics_obtained":[{"floor":9,"key":"conspire:DecoderRing"},{"floor":12,"key":"GiantMaggot"}],"event_choices":[{"damage_healed":58,"gold_gain":0,"player_choice":"Upgrade","damage_taken":20,"max_hp_gain":0,"max_hp_loss":66,"event_name":"betterThird:BetterShining","floor":2,"gold_loss":0,"cards_upgraded":["Strike_G","Strike_G"]},{"damage_healed":22,"gold_gain":0,"player_choice":"Banana","damage_taken":0,"max_hp_gain":0,"max_hp_loss":0,"event_name":"Big Fish","floor":7,"gold_loss":0},{"cards_removed":["Strike_G"],"damage_healed":0,"gold_gain":0,"player_choice":"Card Removal","damage_taken":0,"max_hp_gain":0,"max_hp_loss":0,"event_name":"The Cleric","floor":10,"gold_loss":75},{"damage_healed":0,"gold_gain":0,"player_choice":"Lose Max HP","damage_taken":0,"relics_obtained":["Golden Idol"],"max_hp_gain":0,"max_hp_loss":6,"event_name":"Golden Idol","floor":13,"gold_loss":0}],"is_beta":false,"boss_relics":[{"not_picked":["Snecko Eye","ReplayTheSpireMod:DimensionalGlitch"],"picked":"jesterMod:MachoBrace"}],"items_purged_floors":[20],"is_endless":false,"potions_floor_spawned":[5,12,14,18,19,22],"killed_by":"Book of Stabbing","ascension_level":15}}