{"host":"9k1ekd5e3lrdz5qp","time":1609542695,"event":{"mods":["Act Like it!","Bard","BaseMod","Beaked The Cultist","Better Altar","Better Skull","Better Third Choice","Conspire","Downfall","Elementarium","Hubris","Infinite Spire","Minty Spire (QoL Compilation)","Replay The Spire","StSLib"],"gold_per_floor":[99,110,124,136,136,136,181,215,229,240,240,253,253,263,280,280,280,280],"floor_reached":16,"playtime":761,"items_purged":[],"score":111,"play_id":"17f32394-b7cd-40b3-8e4b-46ff5010768c","local_time":"20210101161135","is_ascension_mode":true,"campfire_choices":[{"data":"champ:Taunt","floor":1,"key":"SMITH"}],"circlet_count":0,"master_deck":["champ:Strike","champ:Strike","champ:Strike","champ:Strike","champ:Defend","champ:Defend","champ:Defend","champ:Defend","champ:Execute","champ:Taunt+1","champ:AdrenalArmor","champ:BerserkersShout","champ:AdrenalArmor","champ:RecklessLeap","champ:GladiatorStyle","champ:BerserkerStyle"],"relics":["Coffee Dripper","Bag of Preparation","Anchor","Sundial"],"acts_visited":["Exordium"],"potions_floor_usage":[],"damage_taken":[{"damage":3,"enemies":"conspire:RoseBush","floor":2,"turns":4},{"damage":5,"enemies":"Small Slimes","floor":3,"turns":4},{"damage":7,"enemies":"Cultist","floor":4,"turns":3},{"damage":35,"enemies":"3 Sentries","floor":8,"turns":8},{"damage":22,"enemies":"Exordium Wildlife","floor":9,"turns":4},{"damage":54,"enemies":"Exordium Thugs","floor":10,"turns":6},{"damage":28,"enemies":"Gremlin Gang","floor":12,"turns":4},{"damage":18,"enemies":"3 Louse","floor":14,"turns":2},{"damage":28,"enemies":"2 Fungi Beasts","floor":15,"turns":3},{"damage":0,"enemies":"downfall:Defect","floor":16,"turns":1}],"seed_played":"-3864253702865682470","potions_obtained":[{"floor":2,"key":"Swift Potion"},{"floor":4,"key":"Strength Potion"},{"floor":14,"key":"champ:CounterPotion"}],"is_trial":false,"path_per_floor":["R","M","M","M","?","?","T","E","M","M","?","M","$","M","M","B"],"character_chosen":"THE_CHAMP","items_purchased":[],"campfire_rested":0,"item_purchase_floors":[],"current_hp_per_floor":[90,90,90,90,90,71,71,57,57,42,42,42,42,42,42,42,42,42],"gold":280,"neow_bonus":"BOSS_RELIC","is_daily":false,"chose_seed":false,"campfire_upgraded":1,"win_rate":0.0,"timestamp":1609542695,"path_taken":["R","M","M","M","?","?","T","E","M","?","?","M","?","M","M","BOSS"],"items_purchased_type":[],"build_version":"2020-12-22","purchased_purges":0,"victory":false,"max_hp_per_floor":[90,90,90,90,90,90,90,90,90,90,90,90,90,90,90,90,90,90],"card_choices":[{"not_picked":["champ:Control","champ:FanOfKnives","champ:ShieldWall"],"picked":"SKIP","floor":2},{"not_picked":["champ:BerserkersShout","champ:Haymaker"],"picked":"champ:AdrenalArmor","floor":3},{"not_picked":["champ:GladiatorsShout","champ:FanOfKnives","champ:GutPunch"],"picked":"SKIP","floor":4},{"not_picked":["champ:SteelEdge","champ:FlashCut"],"picked":"champ:BerserkersShout","floor":8},{"not_picked":["champ:Haymaker","champ:BringItOn"],"picked":"champ:AdrenalArmor","floor":9},{"not_picked":["champ:DefensiveStyle","champ:FocusedDefense","champ:Haymaker"],"picked":"SKIP","floor":10},{"not_picked":["champ:Improvising","champ:BringItOn"],"picked":"champ:RecklessLeap","floor":12},{"not_picked":["champ:GutPunch","champ:Backstep"],"picked":"champ:GladiatorStyle","floor":14},{"not_picked":["champ:ArenaPreparation","champ:BladeFlurry"],"picked":"champ:BerserkerStyle","floor":15}],"player_experience":1238039,"relics_obtained":[{"floor":7,"key":"Anchor"},{"floor":8,"key":"Sundial"}],"event_choices":[{"damage_healed":0,"gold_gain":0,"player_choice":"RE ","damage_taken":21,"relics_obtained":["Bag of Preparation"],"max_hp_gain":0,"max_hp_loss":0,"event_name":"betterSkull:BetterSkull","floor":6,"gold_loss":0,"cards_upgraded":[]}],"is_beta":false,"boss_relics":[],"items_purged_floors":[],"is_endless":false,"potions_floor_spawned":[2,4,14],"killed_by":"downfall:Defect","ascension_level":1}}