{"host":"wukocnei7dgudpva","time":1609502688,"event":{"mods":["AchievementEnabler","BaseMod","Colored Map","Minty Spire (QoL Compilation)","Permanent Neow","Relic Filter","Relic Stats","StSLib","SuperFastMode"],"gold_per_floor":[115,115,26,38,51,51,51,51],"floor_reached":7,"playtime":391,"items_purged":[],"score":41,"play_id":"54e06971-e8b7-431c-a7f9-90668d127dbf","local_time":"20210101210448","is_ascension_mode":false,"campfire_choices":[{"floor":6.0,"key":"RECALL"}],"circlet_count":0,"master_deck":["Strike_P","Strike_P","Strike_P","Strike_P+1","Defend_P","Defend_P","Defend_P","Defend_P","Eruption","Vigilance+1"],"relics":["VioletLotus","Girya"],"acts_visited":["Exordium"],"potions_floor_usage":[7],"damage_taken":[{"damage":0.0,"enemies":"Small Slimes","floor":1.0,"turns":3.0},{"damage":10.0,"enemies":"Jaw Worm","floor":4.0,"turns":5.0},{"damage":0.0,"enemies":"Cultist","floor":5.0,"turns":3.0},{"damage":51,"enemies":"3 Sentries","floor":7,"turns":10}],"seed_played":"8252281320961188494","potions_obtained":[{"floor":4.0,"key":"EssenceOfSteel"},{"floor":5.0,"key":"DuplicationPotion"}],"is_trial":false,"path_per_floor":["M","?","?","M","M","R","E"],"character_chosen":"WATCHER","items_purchased":[],"campfire_rested":0,"item_purchase_floors":[],"current_hp_per_floor":[72,58,58,48,48,48,0,0],"gold":51,"neow_bonus":"BOSS_RELIC","is_daily":false,"chose_seed":false,"campfire_upgraded":0,"win_rate":0.0,"timestamp":1609502688,"path_taken":["M","?","?","?","M","R","E"],"items_purchased_type":[],"build_version":"2020-12-22","purchased_purges":0,"victory":false,"max_hp_per_floor":[72,72,72,72,72,72,72,72],"relic_stats":{"counters":[4,21],"VioletLotus":[5],"obtain_stats":[{"Girya":3,"VioletLotus":0,"PureWater":0},{"Girya":1,"VioletLotus":0,"PureWater":0},{"Girya":3,"VioletLotus":0,"PureWater":0}]},"card_choices":[{"not_picked":["Halt","ClearTheMind","BowlingBash"],"picked":"SKIP","floor":1.0},{"not_picked":["Tantrum","Consecrate","CutThroughFate"],"picked":"SKIP","floor":4.0},{"not_picked":["ForeignInfluence","FollowUp","Halt"],"picked":"SKIP","floor":5.0}],"player_experience":273583,"relics_obtained":[],"event_choices":[{"damage_healed":0.0,"max_hp_gain":0.0,"max_hp_loss":0.0,"gold_gain":0.0,"event_name":"Shining Light","player_choice":"Entered Light","floor":2.0,"gold_loss":0.0,"damage_taken":14.0,"cards_upgraded":["Strike_P","Vigilance"]},{"damage_healed":0.0,"max_hp_gain":0.0,"max_hp_loss":0.0,"gold_gain":0.0,"event_name":"WeMeetAgain","player_choice":"Paid Gold","floor":3.0,"gold_loss":89.0,"damage_taken":0.0,"relics_obtained":["Girya"]}],"is_beta":false,"boss_relics":[],"items_purged_floors":[],"is_endless":false,"potions_floor_spawned":[4,5],"killed_by":"3 Sentries","ascension_level":0}}