{"host":"1a0tas65lso7aoyx","time":1609491884,"event":{"mods":["Arknights The Spire","BaseMod","Hermit","Koishi","Lobotomy","Marisa£¨Ùöéë¡¡Øª×âÞÞ£©","Minty Spire (QoL Compilation)","READ ME - Guardian Mod","StSLib","Td1madao Mod","The Bug Knight","The Cursed","The Dragon Tamer","The Gatherer","The Hierophant","The Runesmith","Uncapped"],"gold_per_floor":[50010,50010,50025,50045,50055,50055,50055,50055,50081,50097,50114,50114,49350,49363,49363,49467,49467,49486,49401,48164,48183,48183,48183,48198,48216,48265,48265,48265,48265],"floor_reached":28,"playtime":1623,"items_purged":["ats:Strike V","ats:Defend"],"score":237,"play_id":"5d5cebe3-3340-4cbb-9884-cb6543fcb19b","local_time":"20210101180444","is_ascension_mode":false,"campfire_choices":[{"data":"ats:Flexible Camouflage","floor":6,"key":"SMITH"},{"data":"ats:Consecutive Shot Auto","floor":8,"key":"SMITH"},{"data":"ats:Powerful Strike","floor":12,"key":"SMITH"},{"data":"ats:Explosion Area Strengthen","floor":15,"key":"SMITH"},{"data":"Apotheosis","floor":23,"key":"SMITH"},{"data":"Madness","floor":27,"key":"SMITH"}],"circlet_count":0,"master_deck":["ats:Strike S","ats:Armor Crushing Shot","ats:Defend","ats:Defend","ats:Defend","ats:Emotion Absorption","ats:Neurotoxin+1","ats:Flexible Camouflage+1","ats:Consecutive Shot Auto+1","ats:Powerful Strike+1","ats:Explosion Area Strengthen+1","ats:Rapid Magazine","Apotheosis+1","ats:Poison Spread","ats:Burning Ground","ats:Shell Defense","Madness+1","ats:Soul Absorption","ats:Part Time Job"],"relics":["ats:Sanity","Blood Vial","Happy Flower","Dream Catcher","Chemical X","Empty Cage","MawBank","Bottled Flame","HandDrill","Pear","Tiny Chest"],"acts_visited":["Exordium","TheCity"],"potions_floor_usage":[11,11,16,16,24,28,28],"damage_taken":[{"damage":12,"enemies":"2 Louse","floor":1,"turns":3},{"damage":0,"enemies":"Cultist","floor":3,"turns":3},{"damage":5,"enemies":"Small Slimes","floor":4,"turns":4},{"damage":19,"enemies":"Blue Slaver","floor":5,"turns":4},{"damage":11,"enemies":"3 Louse","floor":10,"turns":3},{"damage":15,"enemies":"Exordium Thugs","floor":11,"turns":4},{"damage":0,"enemies":"Large Slime","floor":14,"turns":4},{"damage":37,"enemies":"Hexaghost","floor":16,"turns":6},{"damage":17,"enemies":"Shell Parasite","floor":18,"turns":4},{"damage":26,"enemies":"Centurion and Healer","floor":21,"turns":4},{"damage":6,"enemies":"Shelled Parasite and Fungi","floor":24,"turns":3},{"damage":27,"enemies":"Sentry and Sphere","floor":25,"turns":5},{"damage":36,"enemies":"Cultist and Chosen","floor":28,"turns":6}],"seed_played":"-8812380146233781579","potions_obtained":[{"floor":4,"key":"Explosive Potion"},{"floor":5,"key":"SteroidPotion"},{"floor":10,"key":"SkillPotion"},{"floor":18,"key":"Fruit Juice"},{"floor":25,"key":"ats:Top Emergency Sanity Potion"}],"is_trial":false,"path_per_floor":["M","?","M","M","M","R","?","R","T","M","M","R","$","M","R","B",null,"M","?","$","M","?","R","M","M","T","R","M"],"character_chosen":"DOCTOR_CLASS","items_purchased":["Happy Flower","Dream Catcher","Chemical X","ats:Explosion Area Strengthen","ats:Rapid Magazine","AttackPotion","FearPotion","Bottled Flame","HandDrill","Pear","Apotheosis","ats:Poison Spread","ats:Burning Ground","ats:Shell Defense","FearPotion","Madness"],"campfire_rested":0,"item_purchase_floors":[13,13,13,13,13,13,13,20,20,20,20,20,20,20,20,20],"current_hp_per_floor":[60,60,60,55,36,36,60,60,60,51,43,43,43,45,45,10,72,55,55,65,41,41,41,37,17,17,17,0,0],"gold":48265,"neow_bonus":"HUNDRED_GOLD","is_daily":false,"chose_seed":false,"campfire_upgraded":6,"win_rate":0.0,"timestamp":1609491884,"path_taken":["M","?","M","?","M","R","?","R","T","M","M","R","$","M","R","BOSS","M","?","$","M","?","R","M","M","T","R","M"],"items_purchased_type":["Relic","Relic","Relic","Card","Card","Potion","Potion","Relic","Relic","Relic","Card","Card","Card","Card","Potion","Card"],"build_version":"2020-12-22","purchased_purges":2,"victory":false,"max_hp_per_floor":[72,72,72,72,72,72,72,72,72,72,72,72,72,72,72,72,72,72,72,82,82,82,82,82,82,82,82,87,87],"card_choices":[{"not_picked":["ats:Cat Scratch","ats:Defend Order"],"picked":"ats:Neurotoxin","floor":1},{"not_picked":["ats:Thorns","ats:Automatic Cover"],"picked":"ats:Flexible Camouflage","floor":3},{"not_picked":["ats:Shadow Raid","ats:Beaten Up","ats:Flexible Camouflage"],"picked":"SKIP","floor":4},{"not_picked":["ats:Flexible Camouflage","ats:Ignite"],"picked":"ats:Consecutive Shot Auto","floor":5},{"not_picked":["ats:Spore Proliferation","ats:Curse Doll","ats:Leaping Hammer"],"picked":"SKIP","floor":10},{"not_picked":["ats:Chain Hook","ats:Revitalization"],"picked":"ats:Powerful Strike","floor":11},{"not_picked":["ats:Dogmatic Field","ats:Composite Medical Shells","ats:Chain Hook"],"picked":"SKIP","floor":14},{"not_picked":["ats:Hammer On","ats:Sunburst","ats:Shell Defense"],"picked":"SKIP","floor":18},{"not_picked":["ats:Revitalization","ats:Curse Doll"],"picked":"ats:Soul Absorption","floor":21},{"not_picked":["ats:Hook Shot+1","ats:Guardian Obelisk"],"picked":"ats:Part Time Job","floor":24},{"not_picked":["ats:Fractured Body","ats:Flexible Camouflage+1","ats:Healing Drone+1"],"picked":"SKIP","floor":25}],"player_experience":670164,"relics_obtained":[{"floor":9,"key":"Blood Vial"},{"floor":26,"key":"Tiny Chest"}],"event_choices":[{"damage_healed":0,"gold_gain":0,"player_choice":"Forge","damage_taken":0,"max_hp_gain":0,"max_hp_loss":0,"event_name":"Accursed Blacksmith","floor":2,"gold_loss":0,"cards_upgraded":["ats:Neurotoxin"]},{"damage_healed":24,"gold_gain":0,"player_choice":"Banana","damage_taken":0,"max_hp_gain":0,"max_hp_loss":0,"event_name":"Big Fish","floor":7,"gold_loss":0},{"damage_healed":0,"gold_gain":0,"player_choice":"Obtained Relic","damage_taken":0,"relics_obtained":["MawBank"],"max_hp_gain":0,"max_hp_loss":0,"event_name":"Addict","floor":19,"gold_loss":85},{"damage_healed":0,"gold_gain":0,"player_choice":"Ignored","damage_taken":0,"max_hp_gain":0,"max_hp_loss":0,"event_name":"Cursed Tome","floor":22,"gold_loss":0}],"is_beta":false,"boss_relics":[{"not_picked":["Velvet Choker","Cursed Key"],"picked":"Empty Cage"}],"items_purged_floors":[13,20],"is_endless":false,"potions_floor_spawned":[4,5,10,18,21,25],"killed_by":"Cultist and Chosen","ascension_level":0}}