{"host":"tiwza2kisyyrpq7h","time":1609514597,"event":{"mods":["BaseMod","Colored Powertips","Minty Spire (QoL Compilation)","Quick Restart","Rare Cards Sparkle","StSLib","SuperFastMode","The Servant 0.9.4","óô»ðÖ¸ÄÏ"],"gold_per_floor":[11,11,11,27,43,43,53,53,53,71,221,283,283,294,294,367,367,378,378,303,303,315,325,358,358,358,358,5,37,37,70,70,142,142,160,3,17,0,11,11,42,42,42,73,121,121,146,146,146,146,146,146,21,46,46],"floor_reached":56,"playtime":3517,"items_purged":["Shame","Doubt","Strike_P"],"score":2048,"play_id":"24d37659-005f-4e30-87b5-095a8dfce270","local_time":"20210101232317","is_ascension_mode":true,"campfire_choices":[{"data":"LessonLearned","floor":6.0,"key":"SMITH"},{"floor":13.0,"key":"REST"},{"data":"WreathOfFlame","floor":15.0,"key":"SMITH"},{"data":"1","floor":27.0,"key":"LIFT"},{"data":"2","floor":32.0,"key":"LIFT"},{"data":"3","floor":40,"key":"LIFT"},{"floor":42,"key":"RECALL"},{"floor":49,"key":"REST"}],"circlet_count":0,"master_deck":["AscendersBane","Strike_P+1","Defend_P","Defend_P+1","Defend_P+1","Vigilance+1","WreathOfFlame+1","Crescendo+1","LessonLearned+1","EmptyMind+1","Halt+1","Weave+1","Halt+1","Vault+1","Ghostly","Ghostly+1","Ghostly+1","Study+1","Blasphemy+1","MasterReality","Wireheading+1","EmptyMind","MentalFortress+1","Perseverance","Meditate+1","CarveReality","Madness","Madness","Devotion","Wireheading"],"relics":["PureWater","StrikeDummy","Singing Bowl","Happy Flower","Busted Crown","Nilry\u0027s Codex","Yang","Girya","Smiling Mask","Prayer Wheel","Juzu Bracelet","Torii","Fusion Hammer","Red Mask","Bottled Lightning","Bag of Marbles","Bird Faced Urn","StoneCalendar"],"acts_visited":["Exordium","TheCity","TheBeyond","TheEnding"],"potions_floor_usage":[41,50],"damage_taken":[{"damage":9.0,"enemies":"Small Slimes","floor":1.0,"turns":3.0},{"damage":2.0,"enemies":"Cultist","floor":4.0,"turns":4.0},{"damage":8.0,"enemies":"2 Louse","floor":5.0,"turns":3.0},{"damage":1.0,"enemies":"2 Fungi Beasts","floor":7.0,"turns":3.0},{"damage":7.0,"enemies":"Looter","floor":10.0,"turns":5.0},{"damage":17.0,"enemies":"Gremlin Nob","floor":12.0,"turns":3.0},{"damage":0.0,"enemies":"3 Louse","floor":14.0,"turns":2.0},{"damage":6.0,"enemies":"Slime Boss","floor":16.0,"turns":8.0},{"damage":20.0,"enemies":"3 Byrds","floor":18.0,"turns":8.0},{"damage":0.0,"enemies":"Chosen","floor":22.0,"turns":6.0},{"damage":0.0,"enemies":"Snake Plant","floor":23.0,"turns":5.0},{"damage":10.0,"enemies":"Slavers","floor":24.0,"turns":8.0},{"damage":14.0,"enemies":"Book of Stabbing","floor":29.0,"turns":6.0},{"damage":8.0,"enemies":"Slavers","floor":31.0,"turns":9.0},{"damage":0.0,"enemies":"Automaton","floor":33.0,"turns":12.0},{"damage":1.0,"enemies":"3 Shapes","floor":35.0,"turns":6.0},{"damage":16,"enemies":"Orb Walker","floor":37,"turns":5},{"damage":0,"enemies":"4 Shapes","floor":39,"turns":8},{"damage":2,"enemies":"Reptomancer","floor":41,"turns":4},{"damage":0,"enemies":"Giant Head","floor":44,"turns":7},{"damage":0,"enemies":"2 Orb Walkers","floor":45,"turns":5},{"damage":0,"enemies":"Mind Bloom Boss Battle","floor":47,"turns":5},{"damage":10,"enemies":"Time Eater","floor":50,"turns":13},{"damage":1,"enemies":"Shield and Spear","floor":54,"turns":9},{"damage":28,"enemies":"The Heart","floor":55,"turns":10}],"seed_played":"-6601026943793455256","potions_obtained":[{"floor":4.0,"key":"Ambrosia"},{"floor":10.0,"key":"GamblersBrew"},{"floor":12.0,"key":"DistilledChaos"},{"floor":23.0,"key":"FairyPotion"},{"floor":24.0,"key":"SpeedPotion"},{"floor":29.0,"key":"Swift Potion"},{"floor":31.0,"key":"Dexterity Potion"},{"floor":35.0,"key":"ColorlessPotion"},{"floor":39,"key":"SkillPotion"},{"floor":44,"key":"Ambrosia"}],"is_trial":false,"path_per_floor":["M","?","?","M","M","R","M","?","T","M","?","?","R","M","R","B",null,"M","?","?","?","M","M","E","?","T","R","$","E","?","E","R","B",null,"M","$","M","?","M","R","E","R","T","E","?","?","?","?","R","B",null,"R","$","E","B",null],"character_chosen":"WATCHER","items_purchased":["Prayer Wheel","MentalFortress","Perseverance","Devotion"],"campfire_rested":2,"item_purchase_floors":[28,36,36,53],"current_hp_per_floor":[52,52,52,50,42,42,41,41,41,36,36,21,42,44,44,38,65,47,26,26,26,28,28,20,20,20,20,20,8,8,15,15,15,38,37,37,25,25,27,27,27,27,27,29,31,31,39,29,46,46,55,55,55,57,41],"gold":46,"neow_bonus":"REMOVE_TWO","is_daily":false,"chose_seed":false,"campfire_upgraded":2,"win_rate":0.0,"timestamp":1609514597,"path_taken":["M","?","?","M","M","R","?","?","T","M","?","?","R","M","R","BOSS","M","?","?","?","M","M","E","?","T","R","?","E","?","E","R","BOSS","M","$","M","?","M","R","E","R","T","E","?","?","?","?","R","BOSS","R","$","E","BOSS"],"items_purchased_type":["Relic","Card","Card","Card"],"build_version":"2020-12-22","purchased_purges":3,"victory":true,"max_hp_per_floor":[68,68,68,68,68,68,68,68,68,70,70,72,72,74,74,74,74,76,76,76,38,40,40,42,42,42,42,42,44,44,46,46,46,46,46,46,50,50,52,52,54,54,54,56,58,58,58,58,58,58,58,58,58,58,58],"card_choices":[{"not_picked":["EmptyFist","Crescendo"],"picked":"WreathOfFlame","floor":1.0},{"not_picked":["CutThroughFate","Crescendo"],"picked":"Halt","floor":4.0},{"not_picked":["PathToVictory","FollowUp"],"picked":"Weave","floor":5.0},{"not_picked":["Protect","Evaluate"],"picked":"Halt","floor":7.0},{"not_picked":["Perseverance","FlurryOfBlows","ThirdEye"],"picked":"Singing Bowl","floor":10.0},{"not_picked":["Weave","Prostrate","ReachHeaven"],"picked":"Singing Bowl","floor":12.0},{"not_picked":["ClearTheMind","ReachHeaven","JustLucky"],"picked":"Singing Bowl","floor":14.0},{"not_picked":["LessonLearned","Establishment"],"picked":"Vault","floor":16.0},{"not_picked":["ClearTheMind"],"picked":"Singing Bowl","floor":18.0},{"not_picked":["PathToVictory"],"picked":"Singing Bowl","floor":22.0},{"not_picked":[],"picked":"Study+1","floor":23.0},{"not_picked":["JustLucky"],"picked":"Singing Bowl","floor":24.0},{"not_picked":["WaveOfTheHand"],"picked":"Singing Bowl","floor":29.0},{"not_picked":["ThirdEye"],"picked":"Singing Bowl","floor":31.0},{"not_picked":[],"picked":"MasterReality","floor":33.0},{"not_picked":[],"picked":"Wireheading","floor":35.0},{"not_picked":[],"picked":"EmptyMind","floor":35.0},{"not_picked":["JustLucky+1"],"picked":"Singing Bowl","floor":37},{"not_picked":["Worship"],"picked":"Singing Bowl","floor":37},{"not_picked":["Protect+1"],"picked":"Singing Bowl","floor":39},{"not_picked":[],"picked":"Meditate+1","floor":39},{"not_picked":["CrushJoints"],"picked":"Singing Bowl","floor":41},{"not_picked":["Consecrate+1"],"picked":"Singing Bowl","floor":44},{"not_picked":["SashWhip+1"],"picked":"Singing Bowl","floor":45},{"not_picked":[],"picked":"CarveReality","floor":47},{"not_picked":[],"picked":"Wireheading","floor":54}],"player_experience":907290,"relics_obtained":[{"floor":9.0,"key":"Singing Bowl"},{"floor":12.0,"key":"Happy Flower"},{"floor":19.0,"key":"Nilry\u0027s Codex"},{"floor":24.0,"key":"Yang"},{"floor":26.0,"key":"Smiling Mask"},{"floor":29.0,"key":"Juzu Bracelet"},{"floor":31.0,"key":"Torii"},{"floor":41,"key":"Bottled Lightning"},{"floor":44,"key":"Bag of Marbles"},{"floor":45,"key":"Bird Faced Urn"},{"floor":47,"key":"StoneCalendar"}],"event_choices":[{"damage_healed":0.0,"max_hp_gain":0.0,"max_hp_loss":0.0,"gold_gain":0.0,"cards_transformed":["Strike_P"],"event_name":"Living Wall","player_choice":"Change","floor":2.0,"gold_loss":0.0,"damage_taken":0.0,"cards_obtained":["Crescendo"]},{"damage_healed":0.0,"max_hp_gain":0.0,"max_hp_loss":0.0,"gold_gain":0.0,"event_name":"Match and Keep!","player_choice":"2 cards matched","floor":3.0,"gold_loss":0.0,"damage_taken":0.0,"cards_obtained":["LessonLearned","EmptyMind"]},{"damage_healed":0.0,"max_hp_gain":0.0,"max_hp_loss":0.0,"gold_gain":0.0,"event_name":"Big Fish","player_choice":"Box","floor":8.0,"gold_loss":0.0,"damage_taken":0.0,"relics_obtained":["StrikeDummy"],"cards_obtained":["Regret"]},{"damage_healed":0.0,"max_hp_gain":0.0,"max_hp_loss":0.0,"gold_gain":150.0,"event_name":"Liars Game","player_choice":"AGREE","floor":11.0,"gold_loss":0.0,"damage_taken":0.0,"cards_obtained":["Doubt"]},{"damage_healed":0.0,"max_hp_gain":0.0,"max_hp_loss":0.0,"gold_gain":0.0,"event_name":"Dead Adventurer","player_choice":"Searched \u00271\u0027 times","floor":12.0,"gold_loss":0.0,"damage_taken":0.0},{"damage_healed":0.0,"max_hp_gain":0.0,"max_hp_loss":0.0,"gold_gain":0.0,"event_name":"Cursed Tome","player_choice":"Obtained Book","floor":19.0,"gold_loss":0.0,"damage_taken":21.0},{"cards_removed":["Regret"],"damage_healed":0.0,"max_hp_gain":0.0,"max_hp_loss":0.0,"gold_gain":0.0,"event_name":"Beggar","player_choice":"Gave Gold","floor":20.0,"gold_loss":75.0,"damage_taken":0.0},{"damage_healed":0.0,"max_hp_gain":0.0,"max_hp_loss":38.0,"gold_gain":0.0,"event_name":"Ghosts","player_choice":"Became a Ghost","floor":21.0,"gold_loss":0.0,"damage_taken":0.0,"cards_obtained":["Ghostly","Ghostly","Ghostly"]},{"damage_healed":0.0,"max_hp_gain":0.0,"max_hp_loss":0.0,"gold_gain":0.0,"event_name":"Addict","player_choice":"Stole Relic","floor":25.0,"gold_loss":0.0,"damage_taken":0.0,"relics_obtained":["Girya"],"cards_obtained":["Shame"]},{"damage_healed":0.0,"max_hp_gain":0.0,"max_hp_loss":0.0,"gold_gain":0.0,"event_name":"Match and Keep!","player_choice":"1 cards matched","floor":30.0,"gold_loss":0.0,"damage_taken":0.0,"cards_obtained":["Blasphemy"]},{"damage_healed":0,"gold_gain":0,"player_choice":"Paid","damage_taken":0,"relics_obtained":["Red Mask"],"max_hp_gain":0,"max_hp_loss":0,"event_name":"Tomb of Lord Red Mask","floor":38,"gold_loss":17},{"damage_healed":0,"gold_gain":0,"player_choice":"Fight","damage_taken":0,"max_hp_gain":0,"max_hp_loss":0,"event_name":"Mysterious Sphere","floor":45,"gold_loss":0},{"cards_removed":["Eruption"],"damage_healed":0,"gold_gain":0,"player_choice":"Removed Attack","damage_taken":0,"max_hp_gain":0,"max_hp_loss":0,"event_name":"Falling","floor":46,"gold_loss":0},{"damage_healed":0,"gold_gain":0,"player_choice":"Fight","damage_taken":0,"max_hp_gain":0,"max_hp_loss":0,"event_name":"MindBloom","floor":47,"gold_loss":0},{"damage_healed":0,"gold_gain":0,"player_choice":"Embrace Madness","damage_taken":10,"max_hp_gain":0,"max_hp_loss":0,"event_name":"Winding Halls","floor":48,"gold_loss":0,"cards_obtained":["Madness","Madness"]}],"is_beta":false,"boss_relics":[{"not_picked":["Velvet Choker","Runic Dome"],"picked":"Busted Crown"},{"not_picked":["Empty Cage","Astrolabe"],"picked":"Fusion Hammer"}],"items_purged_floors":[28,36,53],"is_endless":false,"potions_floor_spawned":[4,10,12,14,23,24,29,31,35,39,44],"ascension_level":15}}