{"host":"y3h3n3f7seyagppx","time":1609519131,"event":{"mods":["BaseMod","Colored Map","Colored Powertips","DeckTracker","Minty Spire (QoL Compilation)","Random Character Button","Rare Cards Sparkle","Relic Sorter","Relic Stats","StSLib"],"gold_per_floor":[15,15,65,83,97,97,130,130,130,130,142,175,175,216,216,305,305,323,323,248,259,9,37,37,37,63,91,91,91,101,112,112,112,112],"floor_reached":33,"playtime":2940,"items_purged":["Strike_R"],"score":602,"play_id":"514a3cec-a275-41bb-886b-b19435570c4e","local_time":"20210101113851","is_ascension_mode":true,"campfire_choices":[{"data":"Bash","floor":6,"key":"SMITH"},{"data":"Body Slam","floor":8,"key":"SMITH"},{"floor":10,"key":"REST"},{"data":"Carnage","floor":15,"key":"SMITH"},{"data":"Immolate","floor":25,"key":"SMITH"},{"data":"Corruption","floor":32,"key":"SMITH"}],"circlet_count":0,"master_deck":["AscendersBane","Strike_R","Defend_R","Defend_R","Defend_R","Defend_R","Bash+1","Anger","Body Slam+1","Spot Weakness","Feel No Pain","Evolve","Carnage+1","Corruption+1","Immolate+1","Power Through","Shockwave","Feel No Pain","Reckless Charge"],"relics":["Burning Blood","Dead Branch","Magic Flower","Champion Belt","Art of War","SlaversCollar","Nloth\u0027s Gift","Centennial Puzzle","White Beast Statue","Red Skull","Potion Belt"],"acts_visited":["Exordium","TheCity"],"potions_floor_usage":[12,16,16,23,33,33,33],"damage_taken":[{"damage":14,"enemies":"Small Slimes","floor":1,"turns":4},{"damage":9,"enemies":"Jaw Worm","floor":4,"turns":3},{"damage":2,"enemies":"Cultist","floor":5,"turns":4},{"damage":28,"enemies":"3 Sentries","floor":7,"turns":5},{"damage":13,"enemies":"Large Slime","floor":11,"turns":4},{"damage":10,"enemies":"Lagavulin","floor":12,"turns":5},{"damage":22,"enemies":"3 Sentries","floor":14,"turns":7},{"damage":51,"enemies":"Slime Boss","floor":16,"turns":8},{"damage":32,"enemies":"Chosen","floor":18,"turns":5},{"damage":15,"enemies":"Shell Parasite","floor":21,"turns":3},{"damage":5,"enemies":"Gremlin Leader","floor":23,"turns":3},{"damage":8,"enemies":"Book of Stabbing","floor":27,"turns":4},{"damage":10,"enemies":"Centurion and Healer","floor":30,"turns":3},{"damage":6,"enemies":"Snecko","floor":31,"turns":3},{"damage":65,"enemies":"Automaton","floor":33,"turns":8}],"seed_played":"-3823639941815345179","potions_obtained":[{"floor":7,"key":"LiquidMemories"},{"floor":12,"key":"Weak Potion"},{"floor":14,"key":"BloodPotion"},{"floor":23,"key":"SpeedPotion"},{"floor":27,"key":"BloodPotion"},{"floor":30,"key":"PowerPotion"},{"floor":31,"key":"Fruit Juice"}],"is_trial":false,"path_per_floor":["M","?","?","M","M","R","E","R","T","R","M","E","?","E","R","B",null,"M","?","$","M","$","E","?","R","T","E","?","$","M","M","R","B"],"character_chosen":"IRONCLAD","items_purchased":["Centennial Puzzle","DistilledChaos"],"campfire_rested":1,"item_purchase_floors":[22,22],"current_hp_per_floor":[60,60,53,50,54,54,32,32,32,54,50,49,49,36,36,14,55,32,32,32,26,26,30,30,30,30,31,31,31,30,33,33,0,0],"gold":112,"neow_bonus":"ONE_RARE_RELIC","is_daily":false,"chose_seed":false,"campfire_upgraded":5,"win_rate":0.0,"timestamp":1609519131,"path_taken":["M","?","?","M","M","R","E","R","T","R","?","E","?","E","R","BOSS","M","?","?","M","$","E","?","R","T","E","?","?","M","M","R","BOSS"],"items_purchased_type":["Relic","Potion"],"build_version":"2020-12-22","purchased_purges":1,"victory":false,"max_hp_per_floor":[75,75,75,75,75,75,75,75,75,75,75,75,68,68,68,68,68,68,68,68,68,68,68,68,68,68,68,68,68,68,68,68,73,73],"relic_stats":{"Centennial Puzzle":[15],"counters":[15,69],"Dead Branch":[96],"Magic Flower":[47],"Art of War":[2],"Nloth\u0027s Gift":0,"Champion Belt":[13],"obtain_stats":[{"Potion Belt":27,"SlaversCollar":17,"Centennial Puzzle":22,"Golden Idol":13,"Dead Branch":0,"Magic Flower":7,"Art of War":14,"Nloth\u0027s Gift":19,"Champion Belt":12,"Burning Blood":0,"White Beast Statue":23,"Red Skull":26},{"Potion Belt":12,"SlaversCollar":8,"Centennial Puzzle":10,"Golden Idol":6,"Dead Branch":0,"Magic Flower":4,"Art of War":7,"Nloth\u0027s Gift":9,"Champion Belt":6,"Burning Blood":0,"White Beast Statue":11,"Red Skull":11},{"Potion Belt":55,"SlaversCollar":40,"Centennial Puzzle":48,"Golden Idol":25,"Dead Branch":0,"Magic Flower":16,"Art of War":32,"Nloth\u0027s Gift":45,"Champion Belt":25,"Burning Blood":0,"White Beast Statue":51,"Red Skull":51}],"Burning Blood":114},"card_choices":[{"not_picked":["Pommel Strike","Flex"],"picked":"Anger","floor":1},{"not_picked":["Rupture","Entrench"],"picked":"Spot Weakness","floor":4},{"not_picked":["Flex","Wild Strike","Cleave"],"picked":"SKIP","floor":5},{"not_picked":["Demon Form","Wild Strike","Flex"],"picked":"SKIP","floor":7},{"not_picked":["Thunderclap","Sentinel"],"picked":"Feel No Pain","floor":11},{"not_picked":["Heavy Blade","Iron Wave"],"picked":"Evolve","floor":12},{"not_picked":["Carnage","Bloodletting","Thunderclap"],"picked":"SKIP","floor":14},{"not_picked":["Bloodletting","Thunderclap"],"picked":"Carnage","floor":14},{"not_picked":["Reaper","Immolate"],"picked":"Corruption","floor":16},{"not_picked":["Twin Strike","Rupture","Anger"],"picked":"SKIP","floor":18},{"not_picked":["True Grit","Clash","Blood for Blood"],"picked":"SKIP","floor":21},{"not_picked":["Sever Soul","Havoc"],"picked":"Immolate","floor":23},{"not_picked":["Heavy Blade","Cleave"],"picked":"Shockwave","floor":27},{"not_picked":["Wild Strike","Perfected Strike","Headbutt"],"picked":"SKIP","floor":30},{"not_picked":["Wild Strike","Perfected Strike","Headbutt"],"picked":"SKIP","floor":30},{"not_picked":["Pummel","Whirlwind","Intimidate"],"picked":"SKIP","floor":31}],"player_experience":20272956,"relics_obtained":[{"floor":7,"key":"Magic Flower"},{"floor":12,"key":"Champion Belt"},{"floor":14,"key":"Art of War"},{"floor":23,"key":"White Beast Statue"},{"floor":26,"key":"Red Skull"},{"floor":27,"key":"Potion Belt"}],"event_choices":[{"damage_healed":0,"gold_gain":0,"cards_transformed":["Strike_R"],"player_choice":"Change","damage_taken":0,"max_hp_gain":0,"max_hp_loss":0,"event_name":"Living Wall","floor":2,"gold_loss":0,"cards_obtained":["Body Slam"]},{"damage_healed":0,"gold_gain":50,"player_choice":"Touch","damage_taken":7,"max_hp_gain":0,"max_hp_loss":0,"event_name":"FaceTrader","floor":3,"gold_loss":0},{"damage_healed":0,"gold_gain":0,"player_choice":"Lose Max HP","damage_taken":0,"relics_obtained":["Golden Idol"],"max_hp_gain":0,"max_hp_loss":7,"event_name":"Golden Idol","floor":13,"gold_loss":0},{"damage_healed":0,"gold_gain":0,"player_choice":"Traded Relic","damage_taken":0,"relics_obtained":["Nloth\u0027s Gift"],"max_hp_gain":0,"max_hp_loss":0,"event_name":"N\u0027loth","floor":19,"relics_lost":["Golden Idol"],"gold_loss":0},{"damage_healed":0,"gold_gain":0,"player_choice":"Read","damage_taken":0,"max_hp_gain":0,"max_hp_loss":0,"event_name":"The Library","floor":24,"gold_loss":0,"cards_obtained":["Power Through"]},{"damage_healed":0,"gold_gain":0,"cards_transformed":["Strike_R","Strike_R"],"player_choice":"Became Test Subject","damage_taken":0,"max_hp_gain":0,"max_hp_loss":0,"event_name":"Drug Dealer","floor":28,"gold_loss":0,"cards_obtained":["Feel No Pain","Reckless Charge"]}],"is_beta":false,"boss_relics":[{"not_picked":["Tiny House","Runic Pyramid"],"picked":"SlaversCollar"}],"items_purged_floors":[20],"is_endless":false,"potions_floor_spawned":[7,12,14,23,27,30,31],"killed_by":"Automaton","ascension_level":20}}