{"host":"ft2xazkv7v30fddt","time":1609474697,"event":{"mods":["AchievementEnabler","Act Like it!","Aspiration","Astrologer","Bard","BaseMod","Better Altar","Better Match","Better Note","Better Sensory Stone","Better Skull","CapriCore","Chen","Colored Powertips","Downfall","Elementarium","Energized Spire","Gensokyo","GifTheSpireLib","Gremlin Mod","Hallownest","Hermit","Hubris","Infinite Spire","KinomotoSakuraMod(????)","Koishi","Marisa????????","Minty Spire (QoL Compilation)","Pale of the Ancients","Permanent Neow","Potionbrewer","Prisma Mod","Replay The Spire","StSLib","Stuff the Spire","The Blackbeard","The Bladedancer","The Construct","The Cursed","The Forsaken","The Gatherer","The Hayseed","The Immortal","The Runesmith","The Servant 0.9.4","The Showman","The Vixen","TheArtist","TheSwordswoman","Wandering Minibosses","thorton","vexMod"],"gold_per_floor":[167,177,41,54,54,54,154,154,154,154],"floor_reached":8,"playtime":1053,"items_purged":["hexamod:Strike"],"score":44,"play_id":"444d7bf8-dfae-453e-b570-ed058b67034e","local_time":"20210101121817","is_ascension_mode":false,"campfire_choices":[],"circlet_count":0,"master_deck":["hexamod:Strike","hexamod:Strike","hexamod:Strike","hexamod:Defend","hexamod:Defend","hexamod:Defend","hexamod:Defend","hexamod:Sear","hexamod:Float+1","hexamod:SpectersWail","hexamod:FastForward","hexamod:FourthSeal","hexamod:UnleashSpirits","hexamod:ChargedBarrage","hexamod:FastForward","Parasite","hexamod:Sear","Madness","hexamod:ThirdSeal"],"relics":["hexamod:SpiritBrand","downfall:GremlinSack"],"acts_visited":["Exordium"],"potions_floor_usage":[8],"damage_taken":[{"damage":0,"enemies":"Small Slimes","floor":2,"turns":4},{"damage":0,"enemies":"downfall:FleeingMerchant","floor":3,"turns":4},{"damage":0,"enemies":"Cultist","floor":4,"turns":3},{"damage":58,"enemies":"Cultist","floor":7,"turns":7},{"damage":14,"enemies":"3 Sentries","floor":8,"turns":4}],"seed_played":"-8763909166557592661","potions_obtained":[{"floor":4,"key":"CultistPotion"},{"floor":7,"key":"SmokeBomb"},{"floor":7,"key":"SkillPotion"}],"is_trial":false,"path_per_floor":["R","M","$","M","PTL","PTL","?","E"],"character_chosen":"THE_SPIRIT","items_purchased":["hexamod:FastForward"],"campfire_rested":0,"item_purchase_floors":[3],"current_hp_per_floor":[70,70,70,70,70,70,12,0,0,0],"gold":154,"neow_bonus":"UPGRADE_CARD","is_daily":false,"chose_seed":false,"campfire_upgraded":0,"win_rate":0.0,"timestamp":1609474697,"path_taken":["R","M","$","M","PTL","PTL","?","E"],"items_purchased_type":["Card"],"build_version":"2020-12-22","purchased_purges":1,"victory":false,"max_hp_per_floor":[70,70,70,70,70,70,70,70,70,70],"card_choices":[{"not_picked":["hexamod:ShieldOfDarkness","hexamod:NightmareStrike"],"picked":"hexamod:SpectersWail","floor":2},{"not_picked":["hexamod:BurningTouch","hexamod:ThermalTransfer","hexamod:Firestarter"],"picked":"SKIP","floor":3},{"not_picked":["hexamod:ChargedBarrage","hexamod:Rewind"],"picked":"hexamod:FourthSeal","floor":4},{"not_picked":["hexamod:FlamesFromBeyond","hexamod:FourthSeal"],"picked":"hexamod:ThirdSeal","floor":7}],"player_experience":1647083,"relics_obtained":[{"floor":7,"key":"downfall:GremlinSack"}],"event_choices":[],"is_beta":false,"boss_relics":[],"items_purged_floors":[3],"is_endless":false,"potions_floor_spawned":[4,7],"killed_by":"3 Sentries","ascension_level":0}}