{"host":"s8ccp9jw4vzp58l1","time":1609543498,"event":{"mods":["BaseMod","Colored Map","Colored Powertips","Minty Spire (QoL Compilation)","Relic Stats"],"gold_per_floor":[115,40,40,55,72,107,107,122,146,146,20,20,120,152,152,251,251,261,284,304,323,342,342,118,151,151,166,81,81,81,92,92,191,191,202,222,237,41,53,53,68,97,121,121,121,137,137,152,152,152],"floor_reached":51,"playtime":25972,"items_purged":["Strike_B","Strike_B","Heatsinks+1"],"score":684,"play_id":"0ed937f6-6484-4516-9201-7288d4ce9f9c","local_time":"20210101172458","is_ascension_mode":false,"campfire_choices":[{"data":"Sweeping Beam","floor":7,"key":"SMITH"},{"floor":10,"key":"REST"},{"data":"Defragment","floor":12,"key":"SMITH"},{"floor":15,"key":"REST"},{"data":"Conserve Battery","floor":23,"key":"SMITH"},{"floor":29,"key":"REST"},{"data":"Loop","floor":32,"key":"SMITH"},{"data":"White Noise","floor":40,"key":"SMITH"},{"data":"Conserve Battery","floor":44,"key":"SMITH"},{"data":"Reboot","floor":47,"key":"SMITH"},{"floor":49,"key":"REST"}],"circlet_count":0,"master_deck":["Defend_B","Defend_B","Defend_B","Zap","Dualcast","Sweeping Beam+1","Ball Lightning","Loop+1","All For One","Defragment+1","Conserve Battery+1","Reboot+1","Glacier+1","Machine Learning+1","Gash+1","Gash+1","Conserve Battery+1","Self Repair","Lockon+1","Gash","Ball Lightning+1","White Noise+1","White Noise+1","Gash+1","Capacitor","Conserve Battery+1","FTL+1","Capacitor","Hologram+1","Streamline+1"],"relics":["Cracked Core","NeowsBlessing","Bronze Scales","Vajra","Centennial Puzzle","Astrolabe","Pen Nib","Whetstone","Question Card","Torii","Regal Pillow","Oddly Smooth Stone","Runic Pyramid","Ornamental Fan","Lantern"],"acts_visited":["TheCity","TheBeyond"],"potions_floor_usage":[14,16,21,22,25,27,33,42,42,50,50],"damage_taken":[{"damage":0,"enemies":"2 Louse","floor":1,"turns":1},{"damage":0,"enemies":"Cultist","floor":4,"turns":1},{"damage":0,"enemies":"Jaw Worm","floor":5,"turns":1},{"damage":26,"enemies":"3 Sentries","floor":6,"turns":6},{"damage":7,"enemies":"Exordium Wildlife","floor":8,"turns":4},{"damage":19,"enemies":"Lagavulin","floor":14,"turns":4},{"damage":28,"enemies":"The Guardian","floor":16,"turns":8},{"damage":5,"enemies":"Spheric Guardian","floor":18,"turns":6},{"damage":0,"enemies":"3 Byrds","floor":20,"turns":3},{"damage":5,"enemies":"Cultist and Chosen","floor":21,"turns":5},{"damage":5,"enemies":"Snecko","floor":22,"turns":5},{"damage":38,"enemies":"Slavers","floor":25,"turns":4},{"damage":13,"enemies":"Snake Plant","floor":27,"turns":4},{"damage":1,"enemies":"3 Cultists","floor":31,"turns":4},{"damage":27,"enemies":"Collector","floor":33,"turns":10},{"damage":15,"enemies":"3 Shapes","floor":35,"turns":4},{"damage":0,"enemies":"Orb Walker","floor":36,"turns":3},{"damage":0,"enemies":"Maw","floor":37,"turns":6},{"damage":7,"enemies":"Sphere and 2 Shapes","floor":39,"turns":5},{"damage":26,"enemies":"Jaw Worm Horde","floor":41,"turns":4},{"damage":6,"enemies":"Nemesis","floor":42,"turns":7},{"damage":13,"enemies":"Writhing Mass","floor":46,"turns":6},{"damage":20,"enemies":"Sphere and 2 Shapes","floor":48,"turns":5},{"damage":38,"enemies":"Time Eater","floor":50,"turns":8}],"seed_played":"-5670356626823357102","potions_obtained":[{"floor":5,"key":"Fire Potion"},{"floor":6,"key":"Swift Potion"},{"floor":8,"key":"BlessingOfTheForge"},{"floor":18,"key":"SpeedPotion"},{"floor":20,"key":"BlessingOfTheForge"},{"floor":21,"key":"Regen Potion"},{"floor":27,"key":"Regen Potion"},{"floor":39,"key":"Weak Potion"},{"floor":41,"key":"Block Potion"},{"floor":46,"key":"BlessingOfTheForge"},{"floor":48,"key":"FearPotion"}],"is_trial":false,"path_per_floor":["M","$","?","M","M","E","R","M","T","R","$","R","?","E","R","B",null,"M","T","M","M","M","R","$","E","T","M","?","R","T","M","R","B",null,"M","M","M","$","M","R","M","E","T","R","$","M","R","M","R","B",null],"character_chosen":"DEFECT","items_purchased":["Conserve Battery","Whetstone","Self Repair","Capacitor"],"campfire_rested":4,"item_purchase_floors":[11,24,24,38],"current_hp_per_floor":[75,75,75,75,75,49,49,42,42,64,64,64,64,45,67,39,75,70,70,70,65,72,72,72,34,34,21,21,58,58,64,64,59,75,67,67,74,74,74,74,55,56,56,56,56,50,50,37,74,36],"gold":152,"neow_bonus":"THREE_ENEMY_KILL","is_daily":false,"chose_seed":false,"campfire_upgraded":7,"win_rate":0.0,"timestamp":1609543498,"path_taken":["M","$","?","M","M","E","R","M","T","R","$","R","?","E","R","BOSS","M","?","?","M","M","R","$","E","T","M","?","R","?","M","R","BOSS","M","?","M","$","M","R","M","E","T","R","$","M","R","M","R","BOSS"],"items_purchased_type":["Card","Relic","Card","Card"],"build_version":"2020-12-22","purchased_purges":3,"victory":true,"max_hp_per_floor":[75,75,75,75,75,75,75,75,75,75,75,75,75,75,75,75,75,75,75,75,75,75,75,75,75,75,75,75,75,75,75,75,75,75,75,75,75,75,75,75,75,75,75,75,75,75,75,75,75,75],"relic_stats":{"Centennial Puzzle":[45],"Regal Pillow":30,"Torii":11,"counters":[24,111],"Ornamental Fan":[28],"Bronze Scales":[323],"Astrolabe":["Glacier","Heatsinks","Machine Learning"],"Pen Nib":[15],"Whetstone":["Gash","Gash"],"Question Card":11,"obtain_stats":[{"Regal Pillow":28,"Lantern":43,"NeowsBlessing":0,"Torii":26,"Astrolabe":17,"Vajra":9,"Oddly Smooth Stone":30,"Pen Nib":19,"Whetstone":24,"Question Card":25,"Centennial Puzzle":14,"Ornamental Fan":42,"Bronze Scales":6,"Cracked Core":0,"Runic Pyramid":34},{"Regal Pillow":13,"Lantern":21,"NeowsBlessing":0,"Torii":12,"Astrolabe":7,"Vajra":5,"Oddly Smooth Stone":13,"Pen Nib":8,"Whetstone":11,"Question Card":12,"Centennial Puzzle":6,"Ornamental Fan":21,"Bronze Scales":4,"Cracked Core":0,"Runic Pyramid":15},{"Regal Pillow":51,"Lantern":92,"NeowsBlessing":0,"Torii":47,"Astrolabe":25,"Vajra":13,"Oddly Smooth Stone":51,"Pen Nib":31,"Whetstone":43,"Question Card":47,"Centennial Puzzle":17,"Ornamental Fan":92,"Bronze Scales":9,"Cracked Core":0,"Runic Pyramid":65}]},"card_choices":[{"not_picked":["Barrage","Loop"],"picked":"Sweeping Beam","floor":1},{"not_picked":["Darkness","Steam Power"],"picked":"Ball Lightning","floor":4},{"not_picked":["Consume","Sweeping Beam"],"picked":"Loop","floor":5},{"not_picked":["Cold Snap","Chaos"],"picked":"All For One","floor":6},{"not_picked":["Scrape","Fusion"],"picked":"Defragment","floor":8},{"not_picked":["Steam","Aggregate","Hologram"],"picked":"SKIP","floor":14},{"not_picked":["Multi-Cast","Creative AI"],"picked":"Reboot","floor":16},{"not_picked":["Compile Driver","Consume","Streamline"],"picked":"SKIP","floor":18},{"not_picked":["Fusion","Reprogram"],"picked":"Gash","floor":20},{"not_picked":["Conserve Battery","Hello World"],"picked":"Gash","floor":21},{"not_picked":["Stack","Darkness"],"picked":"Conserve Battery","floor":22},{"not_picked":["Conserve Battery","Aggregate"],"picked":"Lockon+1","floor":25},{"not_picked":["Genetic Algorithm","Conserve Battery","Stack"],"picked":"Gash","floor":27},{"not_picked":["Tempest","FTL","Force Field"],"picked":"Ball Lightning+1","floor":31},{"not_picked":["Loop+1","Darkness+1","Static Discharge+1"],"picked":"White Noise+1","floor":35},{"not_picked":["Tempest+1","Melter","Chill+1"],"picked":"White Noise","floor":36},{"not_picked":["Steam+1","Hologram","Stack"],"picked":"Gash+1","floor":37},{"not_picked":["Static Discharge+1","Storm+1","Gash"],"picked":"Conserve Battery+1","floor":39},{"not_picked":["Static Discharge+1","Beam Cell","Tempest"],"picked":"FTL+1","floor":41},{"not_picked":["Chill","Static Discharge","Barrage+1"],"picked":"Capacitor","floor":42},{"not_picked":["Sweeping Beam+1","Hello World","Electrodynamics"],"picked":"Hologram+1","floor":46},{"not_picked":["Coolheaded+1","Storm","Cold Snap+1"],"picked":"Streamline+1","floor":48}],"player_experience":17811,"relics_obtained":[{"floor":6,"key":"Bronze Scales"},{"floor":9,"key":"Vajra"},{"floor":14,"key":"Centennial Puzzle"},{"floor":19,"key":"Pen Nib"},{"floor":25,"key":"Question Card"},{"floor":26,"key":"Torii"},{"floor":30,"key":"Oddly Smooth Stone"},{"floor":42,"key":"Ornamental Fan"},{"floor":43,"key":"Lantern"}],"event_choices":[{"damage_healed":0,"gold_gain":0,"player_choice":"Leave","damage_taken":0,"max_hp_gain":0,"max_hp_loss":0,"event_name":"The Cleric","floor":3,"gold_loss":0},{"damage_healed":0,"gold_gain":100,"player_choice":"Pray","damage_taken":0,"max_hp_gain":0,"max_hp_loss":0,"event_name":"Golden Shrine","floor":13,"gold_loss":0},{"damage_healed":0,"gold_gain":0,"player_choice":"Obtained Relic","damage_taken":0,"relics_obtained":["Regal Pillow"],"max_hp_gain":0,"max_hp_loss":0,"event_name":"Addict","floor":28,"gold_loss":85}],"is_beta":false,"boss_relics":[{"not_picked":["SacredBark","Coffee Dripper"],"picked":"Astrolabe"},{"not_picked":["Fusion Hammer","Velvet Choker"],"picked":"Runic Pyramid"}],"items_purged_floors":[2,11,38],"is_endless":false,"potions_floor_spawned":[5,6,8,18,20,21,27,39,41,46,48],"ascension_level":0}}