{"host":"2nlrjqiiobqmh7e8","time":1609466445,"event":{"mods":["BaseMod","Better Silent Start","BetterRewards","Colored Map","Colored Powertips","GifTheSpireLib","Hubris","Jorbs\u0027s Wanderer Trilogy","Minty Spire (QoL Compilation)","StSLib","The Construct","The Cursed","The Hierophant","The Necromancer"],"gold_per_floor":[119,130,144,68,82,112,112,112,112,112,127,140,150,150,150,247,247,266,284,86,86,86],"floor_reached":21,"playtime":1305,"items_purged":[],"score":283,"play_id":"7c8b6564-99ca-4402-9679-f9d419bd80ac","local_time":"20201231170045","is_ascension_mode":false,"campfire_choices":[{"floor":7,"key":"REST"},{"floor":15,"key":"REST"}],"circlet_count":0,"master_deck":["TheCursedMod:Strike_TheCursed","TheCursedMod:Strike_TheCursed","TheCursedMod:Strike_TheCursed","TheCursedMod:Strike_TheCursed","TheCursedMod:Defend_TheCursed","TheCursedMod:Defend_TheCursed","TheCursedMod:Defend_TheCursed","TheCursedMod:Defend_TheCursed","TheCursedMod:CursedWand","TheCursedMod:CleanUpWorkshop","TheCursedMod:Dregs","TheCursedMod:SpitefulPlan","TheCursedMod:CursedShiv","TheCursedMod:RapidMovement","TheCursedMod:HellsGateOpen","TheCursedMod:SmokeScreen","TheCursedMod:HellfireBreathing","TheCursedMod:Stigma","TheCursedMod:Mangle","TheCursedMod:CursedShiv","TheCursedMod:AntiAging","TheCursedMod:AbyssShockwave","TheCursedMod:PrepareRite","TheCursedMod:CursedShiv"],"relics":["TheCursedMod:BlackMagic101","hubris:FunFungus","Tiny Chest","Orichalcum","InkBottle","TheCursedMod:FourLeafCloverCharm","Vajra"],"acts_visited":["Exordium","TheCity"],"potions_floor_usage":[6,16,16,18],"damage_taken":[{"damage":2,"enemies":"Small Slimes","floor":1,"turns":4},{"damage":0,"enemies":"2 Louse","floor":2,"turns":3},{"damage":1,"enemies":"Jaw Worm","floor":3,"turns":4},{"damage":25,"enemies":"Exordium Wildlife","floor":5,"turns":5},{"damage":15,"enemies":"Lagavulin","floor":6,"turns":7},{"damage":10,"enemies":"Large Slime","floor":11,"turns":4},{"damage":13,"enemies":"Blue Slaver","floor":12,"turns":4},{"damage":21,"enemies":"Lots of Slimes","floor":13,"turns":4},{"damage":26,"enemies":"The Guardian","floor":16,"turns":10},{"damage":24,"enemies":"Chosen","floor":18,"turns":7},{"damage":44,"enemies":"Spheric Guardian","floor":19,"turns":7},{"damage":19,"enemies":"Centurion and Healer","floor":21,"turns":2}],"seed_played":"-2199055437930993111","potions_obtained":[{"floor":1,"key":"BlessingOfTheForge"},{"floor":2,"key":"Weak Potion"},{"floor":11,"key":"Fire Potion"},{"floor":13,"key":"Swift Potion"},{"floor":18,"key":"Fruit Juice"}],"is_trial":false,"path_per_floor":["M","M","M","$","M","E","R","?","T","?","M","M","M","T","R","B",null,"M","M","$","M"],"character_chosen":"THE_CURSED","items_purchased":["TheCursedMod:SpitefulPlan","TheCursedMod:CursedShiv","TheCursedMod:HellfireBreathing","TheCursedMod:CursedShiv","Vajra"],"campfire_rested":2,"item_purchase_floors":[0,0,4,20,20],"current_hp_per_floor":[41,41,40,40,15,1,23,23,23,48,38,25,4,4,26,1,75,58,16,16,0,0],"gold":86,"neow_bonus":"","is_daily":false,"chose_seed":false,"campfire_upgraded":0,"win_rate":0.0,"timestamp":1609466445,"path_taken":["M","M","M","$","M","E","R","?","T","?","M","?","M","?","R","BOSS","M","M","$","M"],"items_purchased_type":["Card","Card","Card","Card","Relic"],"build_version":"2020-12-22","purchased_purges":0,"victory":false,"max_hp_per_floor":[75,75,75,75,75,75,75,75,75,75,75,75,75,75,75,75,75,82,84,84,84,84],"card_choices":[{"not_picked":["TheCursedMod:CircleOfFocus","TheCursedMod:SaltUponWound"],"picked":"TheCursedMod:RapidMovement","floor":1},{"not_picked":["TheCursedMod:Stigma","TheCursedMod:Evocation"],"picked":"TheCursedMod:HellsGateOpen","floor":2},{"not_picked":["TheCursedMod:Torture","TheCursedMod:SoulCrush"],"picked":"TheCursedMod:SmokeScreen","floor":3},{"not_picked":["TheCursedMod:SaltUponWound","TheCursedMod:Wield"],"picked":"TheCursedMod:Stigma","floor":5},{"not_picked":["TheCursedMod:AbyssShockwave","TheCursedMod:BloodBarrier"],"picked":"TheCursedMod:Mangle","floor":6},{"not_picked":["TheCursedMod:ReleasedKnowledge","TheCursedMod:CircleOfFlame","TheCursedMod:SurpriseAttack"],"picked":"SKIP","floor":11},{"not_picked":["TheCursedMod:TroublousMinions","TheCursedMod:SurpriseAttack"],"picked":"TheCursedMod:CursedShiv","floor":12},{"not_picked":["TheCursedMod:SmokeScreen","TheCursedMod:SurpriseAttack","TheCursedMod:CircleOfFocus"],"picked":"SKIP","floor":13},{"not_picked":["TheCursedMod:DarkBarrier","TheCursedMod:ManaCirculation"],"picked":"TheCursedMod:AntiAging","floor":16},{"not_picked":["TheCursedMod:AshesToAshes","TheCursedMod:CircleOfFocus"],"picked":"TheCursedMod:AbyssShockwave","floor":18},{"not_picked":["TheCursedMod:RapidMovement","TheCursedMod:SpreadPlague"],"picked":"TheCursedMod:PrepareRite","floor":19}],"player_experience":237177,"relics_obtained":[{"floor":6,"key":"Tiny Chest"},{"floor":9,"key":"Orichalcum"},{"floor":14,"key":"InkBottle"}],"event_choices":[{"damage_healed":0,"gold_gain":0,"player_choice":"Ignored","damage_taken":0,"max_hp_gain":0,"max_hp_loss":0,"event_name":"Golden Wing","floor":8,"gold_loss":0},{"damage_healed":25,"gold_gain":0,"player_choice":"Banana","damage_taken":0,"max_hp_gain":0,"max_hp_loss":0,"event_name":"Big Fish","floor":10,"gold_loss":0}],"is_beta":false,"boss_relics":[{"not_picked":["SlaversCollar","hubris:Stopwatch"],"picked":"TheCursedMod:FourLeafCloverCharm"}],"items_purged_floors":[],"is_endless":false,"potions_floor_spawned":[1,2,11,13,18],"killed_by":"Centurion and Healer","ascension_level":0}}