{"host":"ye7mfqqt9ljtnqit","time":1609489722,"event":{"mods":["BaseMod","Colored Map","Downfall","Marisa£®ÏF”Í°°ƒß¿Ì…≥£©","Minty Spire (QoL Compilation)","StSLib","SuperFastMode","The Servant 0.9.4"],"gold_per_floor":[99,99,99,99,4,22,22,41,41,41],"floor_reached":9,"playtime":427,"items_purged":[],"score":49,"play_id":"412e7abd-e32e-4866-b30d-85004f1d6759","local_time":"20210101162842","is_ascension_mode":false,"campfire_choices":[{"floor":1,"key":"RECALL"}],"circlet_count":0,"master_deck":["Guardian:Strike_Guardian","Guardian:Strike_Guardian","Guardian:Strike_Guardian","Guardian:Strike_Guardian","Guardian:Defend_Guardian","Guardian:Defend_Guardian","Guardian:Defend_Guardian","Guardian:Defend_Guardian","Guardian:CurlUp","Guardian:TwinSlam","Guardian:Incinerate","Guardian:Gem_White","Guardian:Gem_Crimson","Guardian:Gem_Purple","Guardian:Gem_Blue","Guardian:Gem_Red","Guardian:Gem_Green","Guardian:Gem_Cyan","Guardian:Gem_Fragmented","Guardian:Gem_Green","Guardian:Gem_Fragmented","Guardian:Gem_Red","Guardian:Gem_Red","Guardian:Gem_Green","Guardian:Gem_Blue","Guardian:WalkerClaw","Guardian:ArmoredProtocol","Guardian:TimeCapacitor","Guardian:EvasiveProtocol"],"relics":["Guardian:ModeShifter","downfall:HeartsMalice","Guardian:PickAxe","HornCleat"],"acts_visited":["Exordium"],"potions_floor_usage":[9,9],"damage_taken":[{"damage":0,"enemies":"Small Slimes","floor":2,"turns":1},{"damage":0,"enemies":"2 Louse","floor":3,"turns":1},{"damage":0,"enemies":"2 Louse","floor":4,"turns":1},{"damage":0,"enemies":"downfall:FleeingMerchant","floor":5,"turns":4},{"damage":0,"enemies":"Cultist","floor":6,"turns":4},{"damage":13,"enemies":"Exordium Thugs","floor":8,"turns":5},{"damage":29,"enemies":"Gremlin Nob","floor":9,"turns":5}],"seed_played":"-1468085776102391515","potions_obtained":[{"floor":6,"key":"Block Potion"},{"floor":8,"key":"Block Potion"}],"is_trial":false,"path_per_floor":["R","M","M","?","$","M","T","M","E"],"character_chosen":"GUARDIAN","items_purchased":["Guardian:ArmoredProtocol"],"campfire_rested":0,"item_purchase_floors":[5],"current_hp_per_floor":[80,80,80,20,20,20,20,7,0,0],"gold":41,"neow_bonus":"THREE_ENEMY_KILL","is_daily":false,"chose_seed":false,"campfire_upgraded":0,"win_rate":0.0,"timestamp":1609489722,"path_taken":["R","M","M","?","$","M","T","M","E"],"items_purchased_type":["Card"],"build_version":"2020-12-22","purchased_purges":0,"victory":false,"max_hp_per_floor":[80,80,80,80,80,80,80,80,80,80],"card_choices":[{"not_picked":["Guardian:ShieldCharger","Guardian:VentSteam"],"picked":"Guardian:Incinerate","floor":2},{"not_picked":["Guardian:Incinerate","Guardian:RollAttack"],"picked":"Guardian:Gem_White","floor":3},{"not_picked":["Guardian:GuardianWhirl","Guardian:Gem_Purple"],"picked":"Guardian:WalkerClaw","floor":5},{"not_picked":["Guardian:BronzeOrb","Guardian:Gem_Red"],"picked":"Guardian:TimeCapacitor","floor":6},{"not_picked":["Guardian:MultiBeam","Guardian:RollAttack"],"picked":"Guardian:EvasiveProtocol","floor":8}],"player_experience":102165,"relics_obtained":[{"floor":7,"key":"HornCleat"}],"event_choices":[],"is_beta":false,"boss_relics":[],"items_purged_floors":[],"is_endless":false,"potions_floor_spawned":[4,6,8],"killed_by":"Gremlin Nob","ascension_level":0}}