{"host":"06h77atpgiec8kbk","time":1609506640,"event":{"mods":["Act Like it!","Aspiration","Bard","BaseMod","CapriCore","Colored Powertips","Conspire","Downfall","Hermit","Marisa£®ÏF”Í°°ƒß¿Ì…≥£©","Minty Spire (QoL Compilation)","Quick Restart","Reimu£®≤©¿ˆ¡È√Œ£©","Relic Stats","Replay The Spire","StSLib","The Construct","The Cursed","The Gatherer","The Hierophant","The Immortal","The Runesmith","[µÿæ´ ◊¡Ï≈¿À˛]The Maniac"],"gold_per_floor":[368,378,378,378,378,378,378],"floor_reached":6,"playtime":239,"items_purged":[],"score":63,"play_id":"88cd97f0-ba01-4722-bf15-c4649f1b66b5","local_time":"20210101211040","is_ascension_mode":true,"campfire_choices":[],"circlet_count":0,"master_deck":["AscendersBane","Strike_R","Strike_R","Strike_R","Strike_R","Strike_R+1","Defend_R","Defend_R","Defend_R","Defend_R","Bash","maniac:Strike+1","hierophant:Defend_Hierophant","Seeing Red"],"relics":["Burning Blood","aspiration:ChemicalBlood"],"acts_visited":["Exordium"],"potions_floor_usage":[6,6],"damage_taken":[{"damage":6.0,"enemies":"conspire:RoseBush","floor":1.0,"turns":4.0},{"damage":8.0,"enemies":"2 Louse","floor":2.0,"turns":3.0},{"damage":25,"enemies":"Gremlin Nob","floor":6,"turns":3}],"seed_played":"7734637245872498506","potions_obtained":[{"floor":1.0,"key":"PowerPotion"}],"is_trial":false,"path_per_floor":["M","M","?","?","?","E"],"character_chosen":"IRONCLAD","items_purchased":[],"campfire_rested":0,"item_purchase_floors":[],"current_hp_per_floor":[68,66,66,48,25,0,0],"gold":378,"neow_bonus":"TWO_FIFTY_GOLD","is_daily":false,"chose_seed":false,"campfire_upgraded":0,"win_rate":0.0,"timestamp":1609506640,"path_taken":["M","M","?","?","?","E"],"items_purchased_type":[],"build_version":"2020-12-22","purchased_purges":0,"victory":false,"max_hp_per_floor":[75,75,75,75,75,75,75],"relic_stats":{"counters":[3,10],"obtain_stats":[{"Burning Blood":0,"aspiration:ChemicalBlood":4},{"Burning Blood":0,"aspiration:ChemicalBlood":2},{"Burning Blood":0,"aspiration:ChemicalBlood":7}],"Burning Blood":12},"card_choices":[{"not_picked":["Replay:Undeath\u0027s Touch","Heavy Blade"],"picked":"Seeing Red","floor":1.0},{"not_picked":["Sentinel","Dual Wield","Replay:Undeath\u0027s Touch"],"picked":"SKIP","floor":2.0}],"player_experience":815985,"relics_obtained":[],"event_choices":[{"damage_healed":0.0,"max_hp_gain":0.0,"max_hp_loss":0.0,"gold_gain":0.0,"event_name":"conspire:LoneGhost","player_choice":"Disagree","floor":3.0,"gold_loss":0.0,"damage_taken":0.0},{"damage_healed":0.0,"max_hp_gain":0.0,"max_hp_loss":0.0,"gold_gain":0.0,"event_name":"Scrap Ooze","player_choice":"Success","floor":4.0,"gold_loss":0.0,"damage_taken":18.0,"relics_obtained":["aspiration:ChemicalBlood"]},{"damage_healed":0.0,"max_hp_gain":0.0,"max_hp_loss":0.0,"gold_gain":0.0,"event_name":"Shining Light","player_choice":"Entered Light","floor":5.0,"gold_loss":0.0,"damage_taken":23.0,"cards_upgraded":["Strike_R","maniac:Strike"]}],"is_beta":false,"boss_relics":[],"items_purged_floors":[],"is_endless":false,"potions_floor_spawned":[1],"killed_by":"Gremlin Nob","ascension_level":17}}