{"host":"lhth1efayex2023z","time":1609468699,"event":{"mods":["BaseMod","Colored Map","Googly Eyes","Minty Spire (QoL Compilation)","StSLib"],"gold_per_floor":[116,132,57,132,132,167,167,197,221,221,236,253,268,295,295,295,295],"floor_reached":16,"playtime":407,"items_purged":["Strike_G"],"score":239,"play_id":"a92b94db-fb62-4d90-878c-59f364b325af","local_time":"20201231193819","is_ascension_mode":true,"campfire_choices":[{"data":"Eviscerate","floor":7,"key":"SMITH"},{"data":"Venomology","floor":10,"key":"SMITH"},{"data":"Accuracy","floor":15,"key":"SMITH"}],"circlet_count":0,"master_deck":["AscendersBane","Strike_G","Strike_G","Strike_G","Defend_G","Defend_G","Defend_G","Defend_G","Defend_G","Survivor","Neutralize","Accuracy+1","Dagger Spray","Eviscerate+1","Venomology+1","Blade Dance","Escape Plan"],"relics":["Ring of the Snake","NeowsBlessing","Tiny Chest","Anchor","Toy Ornithopter","Strawberry"],"acts_visited":["Exordium"],"potions_floor_usage":[11,12,12,13,13,13,13,14,14,16,16],"damage_taken":[{"damage":0,"enemies":"Cultist","floor":1,"turns":1},{"damage":0,"enemies":"Jaw Worm","floor":2,"turns":1},{"damage":0,"enemies":"Lagavulin","floor":6,"turns":1},{"damage":32,"enemies":"3 Sentries","floor":8,"turns":9},{"damage":0,"enemies":"2 Louse","floor":11,"turns":1},{"damage":0,"enemies":"Exordium Thugs","floor":12,"turns":3},{"damage":5,"enemies":"Gremlin Gang","floor":13,"turns":4},{"damage":71,"enemies":"Gremlin Nob","floor":14,"turns":6},{"damage":24,"enemies":"Hexaghost","floor":16,"turns":11}],"seed_played":"-3651428181788152270","potions_obtained":[{"floor":1,"key":"SteroidPotion"},{"floor":6,"key":"SteroidPotion"},{"floor":11,"key":"Swift Potion"},{"floor":12,"key":"EntropicBrew"},{"floor":14,"key":"GhostInAJar"}],"is_trial":false,"path_per_floor":["M","M","$","?","?","E","R","E","T","R","M","M","M","E","R","B"],"character_chosen":"THE_SILENT","items_purchased":[],"campfire_rested":0,"item_purchase_floors":[],"current_hp_per_floor":[63,63,63,52,52,52,52,20,20,20,25,35,50,11,11,0,0],"gold":295,"neow_bonus":"THREE_ENEMY_KILL","is_daily":false,"chose_seed":false,"campfire_upgraded":3,"win_rate":0.0,"timestamp":1609468699,"path_taken":["M","?","$","?","?","E","R","E","T","R","M","M","M","E","R","BOSS"],"items_purchased_type":[],"build_version":"2020-12-22","purchased_purges":1,"victory":false,"max_hp_per_floor":[70,70,70,70,70,70,70,70,70,70,70,70,70,77,77,77,77],"card_choices":[{"not_picked":["Underhanded Strike","Endless Agony"],"picked":"Accuracy","floor":1},{"not_picked":["Underhanded Strike","Noxious Fumes"],"picked":"Dagger Spray","floor":2},{"not_picked":["Skewer","Bouncing Flask","Underhanded Strike"],"picked":"SKIP","floor":6},{"not_picked":["Poisoned Stab","Concentrate"],"picked":"Venomology","floor":8},{"not_picked":["Poisoned Stab","Dagger Spray"],"picked":"Blade Dance","floor":11},{"not_picked":["Eviscerate","Expertise","Sucker Punch"],"picked":"SKIP","floor":12},{"not_picked":["Dagger Spray","Slice"],"picked":"Escape Plan","floor":13},{"not_picked":["Underhanded Strike","Sucker Punch","Skewer"],"picked":"SKIP","floor":14}],"player_experience":433655,"relics_obtained":[{"floor":6,"key":"Tiny Chest"},{"floor":8,"key":"Anchor"},{"floor":9,"key":"Toy Ornithopter"},{"floor":14,"key":"Strawberry"}],"event_choices":[{"damage_healed":0,"gold_gain":75,"player_choice":"Gather Gold","damage_taken":11,"max_hp_gain":0,"max_hp_loss":0,"event_name":"World of Goop","floor":4,"gold_loss":0},{"damage_healed":0,"gold_gain":0,"cards_transformed":["Strike_G"],"player_choice":"Change","damage_taken":0,"max_hp_gain":0,"max_hp_loss":0,"event_name":"Living Wall","floor":5,"gold_loss":0,"cards_obtained":["Eviscerate"]}],"is_beta":false,"boss_relics":[],"items_purged_floors":[3],"is_endless":false,"potions_floor_spawned":[1,6,11,12,14],"killed_by":"Hexaghost","ascension_level":13}}