{"host":"56ghxnzsglgdq727","time":1609467004,"event":{"mods":["AchievementEnabler","BaseMod","Minty Spire (QoL Compilation)"],"gold_per_floor":[12,27,38,138,149,149,162,173,199,164,90,109,125,142,142,142,142],"floor_reached":16,"playtime":446,"items_purged":[],"score":103,"play_id":"57137231-b0b1-43ea-878a-c5215f20eb37","local_time":"20201231211004","is_ascension_mode":true,"campfire_choices":[{"data":"Streamline","floor":6,"key":"SMITH"},{"data":"Streamline","floor":15,"key":"SMITH"}],"circlet_count":0,"master_deck":["Strike_B","Strike_B","Strike_B","Strike_B","Defend_B","Defend_B","Defend_B","Defend_B","Zap","Dualcast","Meteor Strike","Streamline+1","Streamline+1","Sunder"],"relics":["Cracked Core","Juzu Bracelet"],"acts_visited":["Exordium"],"potions_floor_usage":[2,5,8,16],"damage_taken":[{"damage":8,"enemies":"Jaw Worm","floor":1,"turns":3},{"damage":1,"enemies":"Cultist","floor":2,"turns":3},{"damage":0,"enemies":"2 Louse","floor":3,"turns":1},{"damage":16,"enemies":"Exordium Wildlife","floor":5,"turns":5},{"damage":15,"enemies":"3 Louse","floor":7,"turns":3},{"damage":6,"enemies":"2 Fungi Beasts","floor":8,"turns":2},{"damage":0,"enemies":"Large Slime","floor":12,"turns":4},{"damage":0,"enemies":"3 Louse","floor":13,"turns":2},{"damage":4,"enemies":"2 Fungi Beasts","floor":14,"turns":2},{"damage":31,"enemies":"The Guardian","floor":16,"turns":9}],"seed_played":"7608812576461800999","potions_obtained":[{"floor":1,"key":"AttackPotion"},{"floor":3,"key":"FocusPotion"},{"floor":7,"key":"Fire Potion"},{"floor":12,"key":"Weak Potion"}],"is_trial":false,"path_per_floor":["M","M","M","?","M","R","M","M","T","?","$","M","M","M","R","B"],"character_chosen":"DEFECT","items_purchased":["Sunder"],"campfire_rested":0,"item_purchase_floors":[11],"current_hp_per_floor":[67,66,66,66,50,50,35,29,29,47,47,47,47,43,43,12,12],"gold":142,"neow_bonus":"THREE_RARE_CARDS","is_daily":false,"chose_seed":false,"campfire_upgraded":2,"win_rate":0.0,"timestamp":1609467004,"path_taken":["M","M","M","?","M","R","M","M","T","?","$","M","M","M","R","BOSS"],"items_purchased_type":["Card"],"build_version":"2020-12-22","purchased_purges":0,"victory":false,"max_hp_per_floor":[75,75,75,75,75,75,75,75,75,75,75,75,75,75,75,75,75],"card_choices":[{"not_picked":["Reboot","Fission"],"picked":"Meteor Strike","floor":0},{"not_picked":["Aggregate","FTL","Sweeping Beam"],"picked":"SKIP","floor":1},{"not_picked":["Consume","Gash","Static Discharge"],"picked":"SKIP","floor":2},{"not_picked":["Hologram","Reprogram","Cold Snap"],"picked":"SKIP","floor":3},{"not_picked":["Coolheaded","Sweeping Beam"],"picked":"Streamline","floor":5},{"not_picked":["Darkness","Scrape"],"picked":"Streamline","floor":7},{"not_picked":["Leap","Conserve Battery","Darkness"],"picked":"SKIP","floor":8},{"not_picked":["Streamline","Ball Lightning","Barrage"],"picked":"SKIP","floor":12},{"not_picked":["Barrage","Machine Learning","Steam"],"picked":"SKIP","floor":13},{"not_picked":["Force Field","Streamline","Heatsinks"],"picked":"SKIP","floor":14}],"player_experience":73868,"relics_obtained":[{"floor":9,"key":"Juzu Bracelet"}],"event_choices":[{"damage_healed":0,"gold_gain":100,"player_choice":"Pray","damage_taken":0,"max_hp_gain":0,"max_hp_loss":0,"event_name":"Golden Shrine","floor":4,"gold_loss":0},{"damage_healed":18,"gold_gain":0,"player_choice":"Healed","damage_taken":0,"max_hp_gain":0,"max_hp_loss":0,"event_name":"The Cleric","floor":10,"gold_loss":35}],"is_beta":false,"boss_relics":[],"items_purged_floors":[],"is_endless":false,"potions_floor_spawned":[1,3,7,12],"killed_by":"The Guardian","ascension_level":1}}