{"host":"p7j7o00jacnw7qzt","time":1609490829,"event":{"mods":["BaseMod","Colored Map","Colored Powertips","DeckTracker","Highlight Path","Minty Spire (QoL Compilation)","Relic Stats"],"gold_per_floor":[109,109,125,142,153,184,184,194,218,218,238,238,238,256,256,328,328,339,339,254,8,8,8,38,38,38,38,38,66,85,100,100,175,175,195,1194,1194,1213,1213,1213,1213],"floor_reached":40,"playtime":1695,"items_purged":["Strike_G"],"score":833,"play_id":"72fae536-9d9c-418b-a1ad-2d11c2d64d9c","local_time":"20210101034709","is_ascension_mode":true,"campfire_choices":[{"data":"Prepared","floor":7.0,"key":"SMITH"},{"data":"Blade Dance","floor":10.0,"key":"SMITH"},{"data":"Flechettes","floor":12.0,"key":"SMITH"},{"data":"Reflex","floor":15.0,"key":"SMITH"},{"floor":23.0,"key":"REST"},{"floor":25.0,"key":"REST"},{"data":"Terror","floor":27.0,"key":"SMITH"},{"data":"Tactician","floor":32.0,"key":"SMITH"}],"circlet_count":0,"master_deck":["AscendersBane","Strike_G","Defend_G","Defend_G","Defend_G","Defend_G","Defend_G","Survivor","Neutralize","Blade Dance+1","Acrobatics","Reflex+1","Prepared+1","Terror+1","Flechettes+1","PiercingWail","Predator","Catalyst","Tactician+1","Venomology","Normality","Calculated Gamble+1"],"relics":["Ring of the Snake","NeowsBlessing","Omamori","Runic Pyramid","Centennial Puzzle","Medical Kit","MealTicket","Potion Belt","Regal Pillow","Red Mask","Coffee Dripper"],"acts_visited":["Exordium","TheCity","TheBeyond"],"potions_floor_usage":[40,40,40],"damage_taken":[{"damage":0.0,"enemies":"Jaw Worm","floor":1.0,"turns":1.0},{"damage":0.0,"enemies":"Cultist","floor":3.0,"turns":1.0},{"damage":0.0,"enemies":"Small Slimes","floor":4.0,"turns":1.0},{"damage":1.0,"enemies":"2 Fungi Beasts","floor":5.0,"turns":4.0},{"damage":16.0,"enemies":"3 Sentries","floor":6.0,"turns":9.0},{"damage":11.0,"enemies":"Large Slime","floor":8.0,"turns":8.0},{"damage":0.0,"enemies":"3 Louse","floor":11.0,"turns":3.0},{"damage":9.0,"enemies":"Exordium Wildlife","floor":14.0,"turns":5.0},{"damage":2.0,"enemies":"Slime Boss","floor":16.0,"turns":8.0},{"damage":13.0,"enemies":"Shell Parasite","floor":18.0,"turns":3.0},{"damage":32.0,"enemies":"Slavers","floor":24.0,"turns":6.0},{"damage":12.0,"enemies":"Masked Bandits","floor":29.0,"turns":4.0},{"damage":0.0,"enemies":"Spheric Guardian","floor":30.0,"turns":3.0},{"damage":0.0,"enemies":"Centurion and Healer","floor":31.0,"turns":4.0},{"damage":7.0,"enemies":"Champ","floor":33.0,"turns":5.0},{"damage":8.0,"enemies":"3 Shapes","floor":35.0,"turns":9.0},{"damage":3.0,"enemies":"Orb Walker","floor":38.0,"turns":2.0},{"damage":50,"enemies":"Nemesis","floor":40,"turns":6}],"seed_played":"-8087083337153139721","potions_obtained":[{"floor":4.0,"key":"Explosive Potion"},{"floor":5.0,"key":"Dexterity Potion"},{"floor":14.0,"key":"GamblersBrew"},{"floor":18.0,"key":"EssenceOfSteel"},{"floor":30.0,"key":"SteroidPotion"},{"floor":33.0,"key":"Energy Potion"}],"is_trial":false,"path_per_floor":["M","?","M","M","M","E","R","M","T","R","M","R","?","M","R","B",null,"M","?","?","$","?","R","E","R","T","R","?","?","M","M","R","B",null,"M","?","?","M","?","E"],"character_chosen":"THE_SILENT","items_purchased":["Medical Kit"],"campfire_rested":2,"item_purchase_floors":[21],"current_hp_per_floor":[59,59,59,59,58,42,42,31,31,31,31,31,31,22,22,20,55,42,42,42,42,24,45,13,34,34,34,34,22,22,22,22,15,57,49,49,49,46,46,0,0],"gold":1213,"neow_bonus":"THREE_ENEMY_KILL","is_daily":false,"chose_seed":false,"campfire_upgraded":6,"win_rate":0.0,"timestamp":1609490829,"path_taken":["M","?","M","M","M","E","R","?","T","R","M","R","?","M","R","BOSS","BOSS","M","?","?","$","?","R","E","R","T","R","?","?","?","M","R","BOSS","M","?","?","?","?","E"],"items_purchased_type":["Relic"],"build_version":"2020-12-22","purchased_purges":1,"victory":false,"max_hp_per_floor":[66,66,66,66,66,66,66,66,66,66,66,66,66,66,66,66,66,66,66,66,66,71,71,71,71,71,71,71,71,71,71,71,71,71,71,71,71,71,67,67,67],"relic_stats":{"Centennial Puzzle":[18],"Regal Pillow":0,"counters":[18,82],"MealTicket":0,"Medical Kit":[23],"obtain_stats":[{"Potion Belt":26,"Centennial Puzzle":20,"Regal Pillow":28,"NeowsBlessing":0,"MealTicket":24,"Omamori":6,"Red Mask":29,"Coffee Dripper":34,"Medical Kit":21,"Ring of the Snake":0,"Runic Pyramid":17},{"Potion Belt":11,"Centennial Puzzle":10,"Regal Pillow":11,"NeowsBlessing":0,"MealTicket":11,"Omamori":5,"Red Mask":12,"Coffee Dripper":15,"Medical Kit":10,"Ring of the Snake":0,"Runic Pyramid":9},{"Potion Belt":49,"Centennial Puzzle":43,"Regal Pillow":49,"NeowsBlessing":0,"MealTicket":49,"Omamori":16,"Red Mask":53,"Coffee Dripper":65,"Medical Kit":43,"Ring of the Snake":0,"Runic Pyramid":40}],"Ring of the Snake":[36]},"card_choices":[{"not_picked":["Acrobatics","Dash"],"picked":"Blade Dance","floor":1.0},{"not_picked":["Quick Slash","Masterful Stab","Crippling Poison"],"picked":"SKIP","floor":3.0},{"not_picked":["Quick Slash","Dash"],"picked":"Acrobatics","floor":4.0},{"not_picked":["Flying Knee","Infinite Blades"],"picked":"Reflex","floor":5.0},{"not_picked":["Catalyst","Setup"],"picked":"Prepared","floor":6.0},{"not_picked":["Dagger Throw","Backstab"],"picked":"Terror","floor":8.0},{"not_picked":["Dagger Throw","Acrobatics"],"picked":"Flechettes","floor":11.0},{"not_picked":["Poisoned Stab","Deadly Poison","Quick Slash"],"picked":"SKIP","floor":14.0},{"not_picked":["Crippling Poison","Blur"],"picked":"PiercingWail","floor":18.0},{"not_picked":["Dodge and Roll","Noxious Fumes","Dagger Spray+1"],"picked":"SKIP","floor":24.0},{"not_picked":["Accuracy","Escape Plan"],"picked":"Tactician","floor":30.0},{"not_picked":["Bane","Quick Slash","Dodge and Roll"],"picked":"SKIP","floor":31.0},{"not_picked":["Corpse Explosion","Envenom"],"picked":"Venomology","floor":33.0},{"not_picked":["Flying Knee","Deflect","Blade Dance"],"picked":"SKIP","floor":35.0},{"not_picked":["Reflex","Blur"],"picked":"Calculated Gamble+1","floor":38.0}],"player_experience":905721,"relics_obtained":[{"floor":6.0,"key":"Omamori"},{"floor":24.0,"key":"MealTicket"},{"floor":26.0,"key":"Potion Belt"},{"floor":29.0,"key":"Red Mask"}],"event_choices":[{"cards_removed":["Strike_G"],"damage_healed":0.0,"max_hp_gain":0.0,"max_hp_loss":0.0,"gold_gain":0.0,"event_name":"Purifier","player_choice":"Purged","floor":2.0,"gold_loss":0.0,"damage_taken":0.0},{"damage_healed":0.0,"max_hp_gain":0.0,"max_hp_loss":0.0,"gold_gain":0.0,"event_name":"Liars Game","player_choice":"Ignored","floor":13.0,"gold_loss":0.0,"damage_taken":0.0},{"damage_healed":0.0,"max_hp_gain":0.0,"max_hp_loss":0.0,"gold_gain":0.0,"cards_transformed":["Strike_G","Strike_G"],"event_name":"Drug Dealer","player_choice":"Became Test Subject","floor":19.0,"gold_loss":0.0,"damage_taken":0.0,"cards_obtained":["Predator","Catalyst"]},{"damage_healed":0.0,"max_hp_gain":0.0,"max_hp_loss":0.0,"gold_gain":0.0,"event_name":"Addict","player_choice":"Obtained Relic","floor":20.0,"gold_loss":85.0,"damage_taken":0.0,"relics_obtained":["Centennial Puzzle"]},{"damage_healed":0.0,"max_hp_gain":5.0,"max_hp_loss":0.0,"gold_gain":0.0,"event_name":"Forgotten Altar","player_choice":"Shed Blood","floor":22.0,"gold_loss":0.0,"damage_taken":23.0},{"damage_healed":0.0,"max_hp_gain":0.0,"max_hp_loss":0.0,"gold_gain":0.0,"event_name":"The Mausoleum","player_choice":"Opened","floor":28.0,"gold_loss":0.0,"damage_taken":0.0,"relics_obtained":["Regal Pillow"],"cards_obtained":["Writhe"]},{"damage_healed":0.0,"max_hp_gain":0.0,"max_hp_loss":0.0,"gold_gain":0.0,"event_name":"Masked Bandits","player_choice":"Fought Bandits","floor":29.0,"gold_loss":0.0,"damage_taken":0.0},{"damage_healed":0.0,"max_hp_gain":0.0,"max_hp_loss":0.0,"gold_gain":999.0,"event_name":"MindBloom","player_choice":"Gold","floor":36.0,"gold_loss":0.0,"damage_taken":0.0,"cards_obtained":["Normality","Normality"]},{"damage_healed":0.0,"max_hp_gain":0.0,"max_hp_loss":0.0,"gold_gain":0.0,"event_name":"Match and Keep!","player_choice":"0 cards matched","floor":37.0,"gold_loss":0.0,"damage_taken":0.0,"cards_obtained":[]},{"damage_healed":0.0,"max_hp_gain":0.0,"max_hp_loss":4.0,"gold_gain":0.0,"event_name":"Winding Halls","player_choice":"Max HP","floor":39.0,"gold_loss":0.0,"damage_taken":0.0}],"is_beta":false,"boss_relics":[{"not_picked":["SlaversCollar","Sozu"],"picked":"Runic Pyramid"},{"not_picked":["Fusion Hammer","Runic Dome"],"picked":"Coffee Dripper"}],"items_purged_floors":[21],"is_endless":false,"potions_floor_spawned":[4,5,14,18,30,33],"killed_by":"Nemesis","ascension_level":20}}