{"host":"k0kjm4m87pwj4phr","time":1609486459,"event":{"mods":["BaseMod","Colored Map","Colored Powertips","Minty Spire (QoL Compilation)","Permanent Neow","Quick Restart","Relic Stats","Replay The Spire","StSLib","óô»ðÖ¸ÄÏ"],"gold_per_floor":[114,114,2,2,2,32,32,32,56,56,87,12,12,33,33,128,128,153,176,196,196,219,219,219,219],"floor_reached":24,"playtime":873,"items_purged":["Defend_G"],"score":504,"play_id":"2ee87e36-3adc-45f2-8223-7879a0291c23","local_time":"20210101153419","is_ascension_mode":true,"campfire_choices":[{"data":"Neutralize","floor":7.0,"key":"SMITH"},{"data":"Strike_G","floor":15.0,"key":"PURGE"},{"floor":23,"key":"REST"}],"circlet_count":0,"master_deck":["AscendersBane","Survivor","Neutralize+1","Backstab","Poisoned Stab","Poisoned Stab","Cloak And Dagger","A Thousand Cuts","ReplayTheSpireMod:From All Sides","Sneak Up","Catalyst","Envenom+1","Phantasmal Killer","Underhanded Strike","ReplayTheSpireMod:Exploit Weakness","Cloak And Dagger","Blade Dance"],"relics":["Ring of the Snake","NeowsBlessing","Bird Faced Urn","Regal Pillow","Matryoshka","Juzu Bracelet","Golden Idol","ReplayTheSpireMod:Lightbulb","Replay:Mystery Machine","Question Card","Pandora\u0027s Box"],"acts_visited":["Exordium","TheCity"],"potions_floor_usage":[24],"damage_taken":[{"damage":0.0,"enemies":"Cultist","floor":1.0,"turns":1.0},{"damage":0.0,"enemies":"Gremlin Nob","floor":6.0,"turns":1.0},{"damage":0.0,"enemies":"Lagavulin","floor":11.0,"turns":1.0},{"damage":1.0,"enemies":"Small Slimes","floor":14.0,"turns":3.0},{"damage":36.0,"enemies":"Hexaghost","floor":16.0,"turns":11.0},{"damage":9.0,"enemies":"Chosen","floor":18.0,"turns":4.0},{"damage":26.0,"enemies":"Shell Parasite","floor":19.0,"turns":6.0},{"damage":6,"enemies":"Centurion and Healer","floor":20,"turns":7},{"damage":18,"enemies":"Cultist and Chosen","floor":22,"turns":6},{"damage":54,"enemies":"3 Cultists","floor":24,"turns":4}],"seed_played":"255302137664552193","potions_obtained":[{"floor":6.0,"key":"AttackPotion"},{"floor":14.0,"key":"Adrenaline Potion"},{"floor":16.0,"key":"ColorlessPotion"}],"is_trial":false,"path_per_floor":["M","?","$","?","?","E","R","?","T","?","E","?","T","M","R_BF","B",null,"M","M","M","?","M","R","M"],"character_chosen":"THE_SILENT","items_purchased":["Poisoned Stab"],"campfire_rested":1,"item_purchase_floors":[3],"current_hp_per_floor":[59,59,59,54,47,47,47,47,47,47,47,47,47,48,48,14,49,44,22,20,20,6,39,0,0],"gold":219,"neow_bonus":"THREE_ENEMY_KILL","is_daily":false,"chose_seed":false,"campfire_upgraded":1,"win_rate":0.0,"timestamp":1609486459,"path_taken":["M","?","$","?","?","E","R","?","T","?","E","?","?","M","R_BF","BOSS","M","M","M","?","M","R","M"],"items_purchased_type":["Card"],"build_version":"2020-12-22","purchased_purges":1,"victory":false,"max_hp_per_floor":[66,66,66,66,66,66,66,66,66,60,60,60,60,60,60,60,60,60,60,60,60,60,60,60,60],"relic_stats":{"Regal Pillow":15,"counters":[10,44],"Golden Idol":48,"Bird Faced Urn":[24],"Pandora\u0027s Box":["Sneak Up","Catalyst","Envenom","Phantasmal Killer","Underhanded Strike","ReplayTheSpireMod:Exploit Weakness"],"Juzu Bracelet":1,"Question Card":6,"obtain_stats":[{"Regal Pillow":6,"Matryoshka":8,"NeowsBlessing":0,"Golden Idol":10,"Bird Faced Urn":4,"Pandora\u0027s Box":17,"Juzu Bracelet":9,"Replay:Mystery Machine":13,"ReplayTheSpireMod:Lightbulb":11,"Question Card":13,"Ring of the Snake":0},{"Regal Pillow":2,"Matryoshka":2,"NeowsBlessing":0,"Golden Idol":2,"Bird Faced Urn":1,"Pandora\u0027s Box":5,"Juzu Bracelet":2,"Replay:Mystery Machine":3,"ReplayTheSpireMod:Lightbulb":3,"Question Card":3,"Ring of the Snake":0},{"Regal Pillow":2,"Matryoshka":2,"NeowsBlessing":0,"Golden Idol":2,"Bird Faced Urn":1,"Pandora\u0027s Box":17,"Juzu Bracelet":2,"Replay:Mystery Machine":3,"ReplayTheSpireMod:Lightbulb":3,"Question Card":3,"Ring of the Snake":0}],"Ring of the Snake":[20]},"card_choices":[{"not_picked":["Slice","Setup"],"picked":"Backstab","floor":1.0},{"not_picked":["Dagger Throw","Tactician"],"picked":"Cloak And Dagger","floor":6.0},{"not_picked":["Dodge and Roll","Terror"],"picked":"A Thousand Cuts","floor":11.0},{"not_picked":["Quick Slash","Outmaneuver","Flying Knee","Underhanded Strike"],"picked":"SKIP","floor":14.0},{"not_picked":["Burst","Doppelganger","Night Terror"],"picked":"ReplayTheSpireMod:From All Sides","floor":16.0},{"not_picked":["Bane","Outmaneuver","ReplayTheSpireMod:Speed Training"],"picked":"Cloak And Dagger","floor":18.0},{"not_picked":["Heel Hook","Leg Sweep","Dagger Spray","Cloak And Dagger"],"picked":"SKIP","floor":19.0},{"not_picked":["ReplayTheSpireMod:Shiv Toss","Quick Slash","Escape Plan+1"],"picked":"Blade Dance","floor":20},{"not_picked":["Masterful Stab","Bane","ReplayTheSpireMod:Shiv Toss","ReplayTheSpireMod:Speed Training"],"picked":"SKIP","floor":22}],"player_experience":435190,"relics_obtained":[{"floor":6.0,"key":"Regal Pillow"},{"floor":9.0,"key":"Juzu Bracelet"},{"floor":11.0,"key":"ReplayTheSpireMod:Lightbulb"},{"floor":13.0,"key":"Replay:Mystery Machine"},{"floor":13.0,"key":"Question Card"}],"event_choices":[{"cards_removed":["Defend_G"],"damage_healed":0.0,"max_hp_gain":0.0,"max_hp_loss":0.0,"gold_gain":0.0,"event_name":"Living Wall","player_choice":"Forget","floor":2.0,"gold_loss":0.0,"damage_taken":0.0},{"damage_healed":0.0,"max_hp_gain":0.0,"max_hp_loss":0.0,"gold_gain":0.0,"event_name":"Scrap Ooze","player_choice":"Success","floor":4.0,"gold_loss":0.0,"damage_taken":5.0,"relics_obtained":["Bird Faced Urn"]},{"cards_removed":["Strike_G"],"damage_healed":0.0,"max_hp_gain":0.0,"max_hp_loss":0.0,"gold_gain":0.0,"event_name":"Golden Wing","player_choice":"Card Removal","floor":5.0,"gold_loss":0.0,"damage_taken":7.0},{"damage_healed":0.0,"max_hp_gain":0.0,"max_hp_loss":0.0,"gold_gain":0.0,"event_name":"Big Fish","player_choice":"Box","floor":8.0,"gold_loss":0.0,"damage_taken":0.0,"relics_obtained":["Matryoshka"],"cards_obtained":["Regret"]},{"damage_healed":0.0,"max_hp_gain":0.0,"max_hp_loss":6.0,"gold_gain":0.0,"event_name":"Golden Idol","player_choice":"Lose Max HP","floor":10.0,"gold_loss":0.0,"damage_taken":0.0,"relics_obtained":["Golden Idol"]},{"cards_removed":["Regret"],"damage_healed":0.0,"max_hp_gain":0.0,"max_hp_loss":0.0,"gold_gain":0.0,"event_name":"The Cleric","player_choice":"Card Removal","floor":12.0,"gold_loss":75.0,"damage_taken":0.0},{"damage_healed":0,"gold_gain":0,"player_choice":"Upgraded","damage_taken":0,"max_hp_gain":0,"max_hp_loss":0,"event_name":"Upgrade Shrine","floor":21,"gold_loss":0,"cards_upgraded":["Envenom"]}],"is_beta":false,"boss_relics":[{"not_picked":["Ring of Chaos","Snecko Scales"],"picked":"Pandora\u0027s Box"}],"items_purged_floors":[3],"is_endless":false,"potions_floor_spawned":[6,14,16,19,22],"killed_by":"3 Cultists","ascension_level":20}}