{"host":"0cgp910o8339lr91","time":1609466968,"event":{"mods":["BaseMod","Colored Map","Filter the Spire","Minty Spire (QoL Compilation)","Relic Stats","Slay-I","ojb\u0027s Better Paths Mod","ojb\u0027s Info Mod"],"gold_per_floor":[113,113,124,144,163,189,189,222,222,252,252,263,188,207,207,286,286,323,323,358,82,126,185,185,236,236,289,103,103,113,156,156,290,290,394,394,471,548,548,591,647,695,695,743,743,210,273,273,273,273,273,273,273,14,80,80],"floor_reached":57,"playtime":5896,"items_purged":["Defend_P","Defend_P","Strike_P"],"score":3505,"play_id":"eb951ed1-e57a-457c-a877-413f0eba2217","local_time":"20210101030928","is_ascension_mode":true,"campfire_choices":[{"data":"SandsOfTime","floor":7.0,"key":"SMITH"},{"data":"Conclude","floor":11.0,"key":"SMITH"},{"data":"Protect","floor":15.0,"key":"SMITH"},{"data":"RitualDagger","floor":24.0,"key":"SMITH"},{"data":"Wish","floor":29.0,"key":"SMITH"},{"data":"Wallop","floor":32.0,"key":"SMITH"},{"floor":49,"key":"RECALL"},{"data":"TalkToTheHand","floor":53,"key":"SMITH"}],"circlet_count":0,"master_deck":["AscendersBane","Strike_P+1","Strike_P","Eruption","Vigilance+1","SandsOfTime+1","Protect+1","Swivel","Conclude+1","LikeWater","Wish+1","RitualDagger+1","DeusExMachina","Vault","EmptyMind","Wallop+1","Alpha","DevaForm","Ragnarok","WheelKick+1","TalkToTheHand+1","TalkToTheHand+1","Apotheosis","MentalFortress"],"relics":["Snecko Eye","Incense Burner","Art of War","The Courier","Bird Faced Urn","Cursed Key","Red Mask","Orrery","Omamori","Bag of Preparation","Lantern","TungstenRod","Pen Nib","Strange Spoon","Coffee Dripper","Du-Vu Doll","CeramicFish","Sling","Blood Vial","Boot","Membership Card","Anchor","Whetstone"],"acts_visited":["Exordium","TheCity","TheBeyond","TheEnding"],"potions_floor_usage":[51,56],"damage_taken":[{"damage":6.0,"enemies":"2 Louse","floor":1.0,"turns":3.0},{"damage":0.0,"enemies":"Cultist","floor":3.0,"turns":2.0},{"damage":0.0,"enemies":"Jaw Worm","floor":4.0,"turns":3.0},{"damage":0.0,"enemies":"Blue Slaver","floor":5.0,"turns":1.0},{"damage":6.0,"enemies":"3 Sentries","floor":6.0,"turns":5.0},{"damage":0.0,"enemies":"Gremlin Nob","floor":8.0,"turns":2.0},{"damage":0.0,"enemies":"3 Sentries","floor":10.0,"turns":3.0},{"damage":0.0,"enemies":"Exordium Wildlife","floor":12.0,"turns":2.0},{"damage":0.0,"enemies":"2 Fungi Beasts","floor":14.0,"turns":2.0},{"damage":0.0,"enemies":"Slime Boss","floor":16.0,"turns":6.0},{"damage":3.0,"enemies":"Shell Parasite","floor":18.0,"turns":3.0},{"damage":0.0,"enemies":"Masked Bandits","floor":20.0,"turns":2.0},{"damage":0.0,"enemies":"3 Byrds","floor":22.0,"turns":5.0},{"damage":0.0,"enemies":"Gremlin Leader","floor":23.0,"turns":4.0},{"damage":2.0,"enemies":"Slavers","floor":25.0,"turns":3.0},{"damage":0.0,"enemies":"Book of Stabbing","floor":27.0,"turns":5.0},{"damage":0.0,"enemies":"Cultist and Chosen","floor":30.0,"turns":3.0},{"damage":0.0,"enemies":"Centurion and Healer","floor":31.0,"turns":4.0},{"damage":0.0,"enemies":"Collector","floor":33.0,"turns":6.0},{"damage":4.0,"enemies":"3 Shapes","floor":35.0,"turns":9.0},{"damage":0.0,"enemies":"2 Orb Walkers","floor":37.0,"turns":2.0},{"damage":0.0,"enemies":"Orb Walker","floor":38.0,"turns":5.0},{"damage":0.0,"enemies":"3 Darklings","floor":40.0,"turns":3.0},{"damage":0.0,"enemies":"Nemesis","floor":41.0,"turns":4.0},{"damage":0.0,"enemies":"Jaw Worm Horde","floor":42.0,"turns":3.0},{"damage":0,"enemies":"Spire Growth","floor":44,"turns":3},{"damage":0,"enemies":"Reptomancer","floor":47,"turns":5},{"damage":27,"enemies":"Time Eater","floor":50,"turns":12},{"damage":0,"enemies":"Donu and Deca","floor":51,"turns":4},{"damage":0,"enemies":"Shield and Spear","floor":55,"turns":4},{"damage":34,"enemies":"The Heart","floor":56,"turns":7}],"seed_played":"8391093749615621255","potions_obtained":[{"floor":3.0,"key":"AttackPotion"},{"floor":5.0,"key":"EssenceOfSteel"},{"floor":6.0,"key":"Swift Potion"},{"floor":10.0,"key":"SneckoOil"},{"floor":23.0,"key":"DuplicationPotion"},{"floor":25.0,"key":"DuplicationPotion"},{"floor":35.0,"key":"DuplicationPotion"},{"floor":55,"key":"Dexterity Potion"}],"is_trial":false,"path_per_floor":["M","?","M","M","M","E","R","E","T","E","R","M","?","M","R","B",null,"M","?","?","$","M","E","R","E","T","E","$","R","M","M","R","B",null,"M","?","?","M","?","M","E","M","T","M","?","$","E","?","R","B","B",null,"R","$","E","B",null],"character_chosen":"WATCHER","items_purchased":["Orrery","Omamori","Strange Spoon","TalkToTheHand","Sling","Blood Vial","Apotheosis","Membership Card","Anchor"],"campfire_rested":0,"item_purchase_floors":[21,21,28,46,46,46,46,54,54],"current_hp_per_floor":[55,55,55,55,55,49,49,49,49,49,49,49,49,49,49,51,64,63,57,59,59,61,63,63,63,63,65,65,65,68,68,68,68,68,64,64,64,68,68,68,68,68,68,68,65,65,65,65,65,42,48,61,61,61,65,39],"gold":80,"neow_bonus":"BOSS_RELIC","is_daily":false,"chose_seed":false,"campfire_upgraded":7,"win_rate":0.0,"timestamp":1609466968,"path_taken":["M","?","M","M","M","E","R","E","T","E","R","?","?","M","R","BOSS","M","?","?","?","M","E","R","E","T","E","$","R","M","M","R","BOSS","M","?","?","M","?","M","E","M","T","?","?","$","E","?","R","BOSS","BOSS","R","$","E","BOSS"],"items_purchased_type":["Relic","Relic","Relic","Card","Relic","Relic","Card","Relic","Relic"],"build_version":"2020-12-22","purchased_purges":3,"victory":true,"max_hp_per_floor":[68,68,68,68,68,68,68,68,68,68,68,68,68,68,68,68,68,68,68,68,68,68,68,68,68,68,68,68,68,68,68,68,68,68,68,68,68,68,68,68,68,68,68,68,65,65,65,65,65,65,65,65,65,65,65,65],"relic_stats":{"counters":[31,125],"CeramicFish":27,"Pen Nib":[13],"Bag of Preparation":[35],"Whetstone":["Strike_P","TalkToTheHand"],"Cursed Key":2,"Boot":[0],"Blood Vial":4,"Strange Spoon":[74],"Bird Faced Urn":[39],"Snecko Eye":[228,209,213,227],"Art of War":[19],"obtain_stats":[{"Lantern":25,"CeramicFish":41,"The Courier":9,"Pen Nib":27,"Incense Burner":6,"Omamori":21,"Bag of Preparation":23,"Whetstone":55,"Cursed Key":17,"Sling":46,"Boot":47,"Du-Vu Doll":37,"Blood Vial":46,"Strange Spoon":28,"Anchor":54,"Bird Faced Urn":10,"Snecko Eye":0,"Orrery":21,"Art of War":8,"Red Mask":20,"Coffee Dripper":34,"Membership Card":54,"PureWater":0,"TungstenRod":26},{"Lantern":15,"CeramicFish":24,"The Courier":6,"Pen Nib":16,"Incense Burner":5,"Omamori":12,"Bag of Preparation":14,"Whetstone":30,"Cursed Key":10,"Sling":26,"Boot":27,"Du-Vu Doll":21,"Blood Vial":26,"Strange Spoon":16,"Anchor":29,"Bird Faced Urn":7,"Snecko Eye":0,"Orrery":12,"Art of War":6,"Red Mask":12,"Coffee Dripper":19,"Membership Card":29,"PureWater":0,"TungstenRod":15},{"Lantern":46,"CeramicFish":87,"The Courier":16,"Pen Nib":51,"Incense Burner":14,"Omamori":34,"Bag of Preparation":43,"Whetstone":118,"Cursed Key":29,"Sling":93,"Boot":98,"Du-Vu Doll":75,"Blood Vial":93,"Strange Spoon":51,"Anchor":114,"Bird Faced Urn":19,"Snecko Eye":0,"Orrery":34,"Art of War":16,"Red Mask":34,"Coffee Dripper":64,"Membership Card":114,"PureWater":0,"TungstenRod":46}],"TungstenRod":9},"card_choices":[{"not_picked":["ClearTheMind","Evaluate","Consecrate"],"picked":"SKIP","floor":1.0},{"not_picked":["Fasting2","ReachHeaven","BowlingBash"],"picked":"SKIP","floor":3.0},{"not_picked":["ThirdEye","Consecrate"],"picked":"SandsOfTime","floor":4.0},{"not_picked":["CrushJoints","Crescendo"],"picked":"Protect","floor":5.0},{"not_picked":["Crescendo","Consecrate"],"picked":"Swivel","floor":6.0},{"not_picked":["Halt","Brilliance"],"picked":"Conclude","floor":8.0},{"not_picked":["CutThroughFate","Fasting2","WindmillStrike"],"picked":"SKIP","floor":10.0},{"not_picked":["EmptyBody","Study","Meditate"],"picked":"SKIP","floor":12.0},{"not_picked":["BattleHymn","Crescendo"],"picked":"LikeWater","floor":14.0},{"not_picked":["Vault","Judgement"],"picked":"Wish","floor":16.0},{"not_picked":["BattleHymn","FollowUp","FlyingSleeves"],"picked":"SKIP","floor":18.0},{"not_picked":["Judgement","Protect+1"],"picked":"DeusExMachina","floor":21.0},{"not_picked":["Consecrate","ThirdEye"],"picked":"Vault","floor":21.0},{"not_picked":["Evaluate","Protect"],"picked":"EmptyMind","floor":22.0},{"not_picked":["ReachHeaven","JustLucky"],"picked":"Wallop","floor":23.0},{"not_picked":["ReachHeaven","Adaptation"],"picked":"Alpha","floor":25.0},{"not_picked":["CutThroughFate","CrushJoints+1"],"picked":"DevaForm","floor":27.0},{"not_picked":["Crescendo","CutThroughFate","Protect"],"picked":"SKIP","floor":30.0},{"not_picked":["Crescendo","Indignation","PathToVictory"],"picked":"SKIP","floor":31.0},{"not_picked":["Scrawl","DevaForm"],"picked":"Ragnarok","floor":33.0},{"not_picked":["ClearTheMind","Protect+1"],"picked":"WheelKick+1","floor":35.0},{"not_picked":["Evaluate+1","CutThroughFate","FlyingSleeves"],"picked":"SKIP","floor":38.0},{"not_picked":["Blasphemy","FlyingSleeves","Vengeance"],"picked":"SKIP","floor":40.0},{"not_picked":["CutThroughFate+1","ThirdEye","Meditate"],"picked":"SKIP","floor":41.0},{"not_picked":["FlurryOfBlows","CutThroughFate","JustLucky"],"picked":"SKIP","floor":42},{"not_picked":["ThirdEye+1","DeusExMachina","Evaluate"],"picked":"SKIP","floor":44},{"not_picked":["DeusExMachina","Brilliance","EmptyFist+1"],"picked":"SKIP","floor":47},{"not_picked":["JustLucky+1","PathToVictory"],"picked":"MentalFortress","floor":55}],"player_experience":1303332,"relics_obtained":[{"floor":6.0,"key":"Incense Burner"},{"floor":8.0,"key":"Art of War"},{"floor":9.0,"key":"The Courier"},{"floor":10.0,"key":"Bird Faced Urn"},{"floor":20.0,"key":"Red Mask"},{"floor":23.0,"key":"Bag of Preparation"},{"floor":25.0,"key":"Lantern"},{"floor":26.0,"key":"TungstenRod"},{"floor":27.0,"key":"Pen Nib"},{"floor":37.0,"key":"Du-Vu Doll"},{"floor":41.0,"key":"CeramicFish"},{"floor":47,"key":"Boot"},{"floor":55,"key":"Whetstone"}],"event_choices":[{"damage_healed":0.0,"max_hp_gain":0.0,"max_hp_loss":0.0,"gold_gain":0.0,"event_name":"Upgrade Shrine","player_choice":"Upgraded","floor":2.0,"gold_loss":0.0,"damage_taken":0.0,"cards_upgraded":["Vigilance"]},{"cards_removed":["Defend_P"],"damage_healed":0.0,"max_hp_gain":0.0,"max_hp_loss":0.0,"gold_gain":0.0,"event_name":"The Cleric","player_choice":"Card Removal","floor":13.0,"gold_loss":75.0,"damage_taken":0.0},{"damage_healed":0.0,"max_hp_gain":0.0,"max_hp_loss":0.0,"gold_gain":0.0,"event_name":"Nest","player_choice":"Joined the Cult","floor":19.0,"gold_loss":0.0,"damage_taken":6.0,"cards_obtained":["RitualDagger"]},{"damage_healed":0.0,"max_hp_gain":0.0,"max_hp_loss":0.0,"gold_gain":0.0,"event_name":"Masked Bandits","player_choice":"Fought Bandits","floor":20.0,"gold_loss":0.0,"damage_taken":0.0},{"cards_removed":["Strike_P"],"damage_healed":0.0,"max_hp_gain":0.0,"max_hp_loss":0.0,"gold_gain":0.0,"event_name":"Falling","player_choice":"Removed Attack","floor":36.0,"gold_loss":0.0,"damage_taken":0.0},{"damage_healed":0.0,"max_hp_gain":0.0,"max_hp_loss":0.0,"gold_gain":0.0,"event_name":"Mysterious Sphere","player_choice":"Fight","floor":37.0,"gold_loss":0.0,"damage_taken":0.0},{"damage_healed":0.0,"max_hp_gain":0.0,"max_hp_loss":0.0,"gold_gain":0.0,"cards_transformed":["Defend_P"],"event_name":"Transmorgrifier","player_choice":"Transformed","floor":39.0,"gold_loss":0.0,"damage_taken":0.0,"cards_obtained":["TalkToTheHand"]},{"damage_healed":0,"gold_gain":0,"player_choice":"Max HP","damage_taken":0,"max_hp_gain":0,"max_hp_loss":3,"event_name":"Winding Halls","floor":45,"gold_loss":0},{"damage_healed":0,"gold_gain":0,"player_choice":"Ignored","damage_taken":0,"max_hp_gain":0,"max_hp_loss":0,"event_name":"Tomb of Lord Red Mask","floor":48,"gold_loss":0}],"is_beta":false,"boss_relics":[{"not_picked":["Runic Pyramid","Black Star"],"picked":"Cursed Key"},{"not_picked":["Sozu","Runic Dome"],"picked":"Coffee Dripper"}],"items_purged_floors":[28,46,54],"is_endless":false,"potions_floor_spawned":[3,5,6,10,23,25,31,35,38,40,41,44,55],"ascension_level":20}}