{"host":"e1pm3b7xpcm97e5w","time":1609527751,"event":{"mods":["BaseMod","Better Skull","Googly Eyes","Minty Spire (QoL Compilation)","Relic Stats","Shop Mod","Spicy Shops","StSLib"],"gold_per_floor":[211,222,235,24,24,24,54,54,100,115,135,135,85,98,98,98,98],"floor_reached":16,"playtime":397,"items_purged":[],"score":148,"play_id":"c16e4757-ff76-4e6b-a644-18937a2517ba","local_time":"20210101140231","is_ascension_mode":true,"campfire_choices":[{"data":"Streamline","floor":6,"key":"SMITH"},{"floor":8,"key":"REST"},{"data":"Reinforced Body","floor":12,"key":"SMITH"},{"data":"Capacitor","floor":15,"key":"SMITH"}],"circlet_count":0,"master_deck":["Strike_B","Strike_B","Strike_B","Defend_B","Defend_B","Defend_B","Defend_B","Zap","Dualcast","Redo","Reinforced Body+1","Streamline+1","Core Surge","Doom and Gloom","Capacitor+1","Turbo"],"relics":["Cracked Core","Sling","Anchor","Mercury Hourglass","Pen Nib"],"acts_visited":["Exordium"],"potions_floor_usage":[7,16],"damage_taken":[{"damage":1,"enemies":"Cultist","floor":1,"turns":4},{"damage":2,"enemies":"Jaw Worm","floor":2,"turns":4},{"damage":0,"enemies":"Small Slimes","floor":3,"turns":3},{"damage":16,"enemies":"Lagavulin","floor":7,"turns":5},{"damage":0,"enemies":"2 Fungi Beasts","floor":10,"turns":2},{"damage":5,"enemies":"Lots of Slimes","floor":11,"turns":3},{"damage":0,"enemies":"Blue Slaver","floor":14,"turns":2},{"damage":58,"enemies":"Slime Boss","floor":16,"turns":6}],"seed_played":"-7734617132382632892","potions_obtained":[{"floor":3,"key":"Weak Potion"},{"floor":14,"key":"AttackPotion"}],"is_trial":false,"path_per_floor":["M","M","M","$","?","R","E","R","T","M","M","R","?","M","R","B"],"character_chosen":"DEFECT","items_purchased":["Core Surge","Sling"],"campfire_rested":1,"item_purchase_floors":[4,4],"current_hp_per_floor":[67,65,65,65,53,53,37,59,59,59,54,54,54,54,54,0,0],"gold":98,"neow_bonus":"HUNDRED_GOLD","is_daily":false,"chose_seed":false,"campfire_upgraded":3,"win_rate":0.0,"timestamp":1609527751,"path_taken":["M","?","M","$","?","R","E","R","T","M","M","R","?","M","R","BOSS"],"items_purchased_type":["Card","Relic"],"build_version":"2020-12-22","purchased_purges":0,"victory":false,"max_hp_per_floor":[75,75,75,75,75,75,75,75,75,75,75,75,75,75,75,75,75],"relic_stats":{"counters":[8,29],"Pen Nib":[1],"obtain_stats":[{"Anchor":5,"Pen Nib":9,"Cracked Core":0,"Sling":4,"Mercury Hourglass":7},{"Anchor":3,"Pen Nib":4,"Cracked Core":0,"Sling":3,"Mercury Hourglass":4},{"Anchor":11,"Pen Nib":16,"Cracked Core":0,"Sling":11,"Mercury Hourglass":16}],"Mercury Hourglass":[83]},"card_choices":[{"not_picked":["Barrage","Go for the Eyes"],"picked":"Redo","floor":1},{"not_picked":["Hologram","Sunder"],"picked":"Reinforced Body","floor":2},{"not_picked":["Rebound","FTL"],"picked":"Streamline","floor":3},{"not_picked":["Cold Snap","Leap"],"picked":"Doom and Gloom","floor":7},{"not_picked":["Reprogram","Lockon","Rebound"],"picked":"SKIP","floor":10},{"not_picked":["Loop","Leap"],"picked":"Capacitor","floor":11},{"not_picked":["Heatsinks","Beam Cell"],"picked":"Turbo","floor":14}],"player_experience":499587,"relics_obtained":[{"floor":7,"key":"Mercury Hourglass"},{"floor":9,"key":"Pen Nib"}],"event_choices":[{"damage_healed":0,"gold_gain":0,"player_choice":"Success","damage_taken":12,"relics_obtained":["Anchor"],"max_hp_gain":0,"max_hp_loss":0,"event_name":"Scrap Ooze","floor":5,"gold_loss":0},{"cards_removed":["Strike_B"],"damage_healed":0,"gold_gain":0,"player_choice":"Card Removal","damage_taken":0,"max_hp_gain":0,"max_hp_loss":0,"event_name":"The Cleric","floor":13,"gold_loss":50}],"is_beta":false,"boss_relics":[],"items_purged_floors":[],"is_endless":false,"potions_floor_spawned":[3,14],"killed_by":"Slime Boss","ascension_level":9}}