{"host":"6r3ioyv75hs1gp74","time":1609525292,"event":{"mods":["AchievementEnabler","BaseMod","Better Third Choice","Colored Map","Colored Powertips","Minty Spire (QoL Compilation)","StSLib"],"gold_per_floor":[119,9,9,9,29,29,47,47,72,98,110,126,196,207,207,321,321,321],"floor_reached":17,"playtime":905,"items_purged":[],"score":197,"play_id":"6639c80c-5b78-475d-8c85-6e0907071270","local_time":"20210101182132","daily_mods":["SealedDeck","Shiny","Vintage"],"is_ascension_mode":false,"campfire_choices":[{"data":"Echo Form","floor":6,"key":"SMITH"},{"floor":15,"key":"REST"}],"circlet_count":0,"master_deck":["Multi-Cast","Hyperbeam","Thunder Strike","Machine Learning","Electrodynamics","Buffer","Rainbow","Seek","Meteor Strike","Echo Form+1","All For One","Reboot","Amplify","Creative AI","Fission","Core Surge","Conserve Battery","Stack","Redo","Rebound","Redo","Redo","Chill","Fusion","Sunder","Cold Snap","Defragment","Glacier","Compile Driver","Core Surge"],"relics":["Snecko Eye","Ornamental Fan","Shuriken","Cables","Potion Belt","Odd Mushroom","Calipers","Strawberry","Question Card","CeramicFish","Nuclear Battery"],"acts_visited":["Exordium","TheCity"],"potions_floor_usage":[14,16,16],"damage_taken":[{"damage":17,"enemies":"Jaw Worm","floor":1,"turns":3},{"damage":0,"enemies":"2 Louse","floor":5,"turns":1},{"damage":0,"enemies":"Cultist","floor":7,"turns":1},{"damage":11,"enemies":"The Mushroom Lair","floor":10,"turns":2},{"damage":0,"enemies":"Looter","floor":11,"turns":1},{"damage":5,"enemies":"3 Louse","floor":12,"turns":3},{"damage":12,"enemies":"Blue Slaver","floor":14,"turns":4},{"damage":0,"enemies":"The Guardian","floor":16,"turns":3}],"seed_played":"3688219495503730596","potions_obtained":[{"floor":1,"key":"Regen Potion"},{"floor":7,"key":"Explosive Potion"},{"floor":14,"key":"Fire Potion"}],"is_trial":true,"path_per_floor":["M","$","?","?","M","R","M","?","T","?","M","M","T","M","R","B",null],"character_chosen":"DEFECT","items_purchased":["Defragment","Glacier"],"campfire_rested":1,"item_purchase_floors":[2,2],"current_hp_per_floor":[58,58,58,58,58,58,58,51,51,40,40,42,42,42,66,66,82,82],"gold":321,"neow_bonus":"","is_daily":false,"chose_seed":false,"campfire_upgraded":1,"win_rate":0.0,"timestamp":1609525292,"path_taken":["M","$","?","?","M","R","?","?","T","?","M","M","?","M","R","BOSS"],"items_purchased_type":["Card","Card"],"build_version":"2020-12-22","purchased_purges":0,"victory":false,"max_hp_per_floor":[75,75,75,75,75,75,75,75,75,75,75,82,82,82,82,82,82,82],"card_choices":[{"not_picked":["Conserve Battery","Steam"],"picked":"Compile Driver","floor":10},{"not_picked":["Reboot","Buffer","Machine Learning"],"picked":"Core Surge","floor":16}],"player_experience":46799,"relics_obtained":[{"floor":1,"key":"Ornamental Fan"},{"floor":5,"key":"Shuriken"},{"floor":7,"key":"Cables"},{"floor":9,"key":"Potion Belt"},{"floor":10,"key":"Odd Mushroom"},{"floor":11,"key":"Calipers"},{"floor":12,"key":"Strawberry"},{"floor":13,"key":"Question Card"},{"floor":14,"key":"CeramicFish"}],"event_choices":[{"damage_healed":58,"gold_gain":0,"player_choice":"Embrace Burn","damage_taken":0,"max_hp_gain":0,"max_hp_loss":75,"event_name":"betterThird:BetterShining","floor":3,"gold_loss":0},{"cards_removed":["Burn"],"damage_healed":0,"gold_gain":0,"player_choice":"Purged","damage_taken":0,"max_hp_gain":0,"max_hp_loss":0,"event_name":"Purifier","floor":4,"gold_loss":0},{"cards_removed":["Biased Cognition"],"damage_healed":0,"gold_gain":0,"player_choice":"Card Removal","damage_taken":7,"max_hp_gain":0,"max_hp_loss":0,"event_name":"Golden Wing","floor":8,"gold_loss":0},{"damage_healed":0,"gold_gain":0,"player_choice":"Fought Mushrooms","damage_taken":0,"max_hp_gain":0,"max_hp_loss":0,"event_name":"Mushrooms","floor":10,"gold_loss":0}],"is_beta":false,"boss_relics":[{"not_picked":["Busted Crown","Inserter"],"picked":"Nuclear Battery"}],"items_purged_floors":[],"is_endless":false,"potions_floor_spawned":[1,7,14],"ascension_level":0}}