{"host":"7rmsgc3rayi00cdt","time":1609512699,"event":{"mods":["BaseMod","Minty Spire (QoL Compilation)"],"gold_per_floor":[114,124,143,108,108,108,108,127,127,127,127,142,174,190,190,263,263,275,275,294,294,294,294,294,309,309,309,309,309],"floor_reached":28,"playtime":952,"items_purged":[],"score":440,"play_id":"0e953b4c-fecf-4fae-a38a-7bd5e7c0a4fa","local_time":"20210101145139","is_ascension_mode":true,"campfire_choices":[{"floor":7,"key":"REST"},{"floor":10,"key":"REST"},{"floor":15,"key":"REST"},{"floor":23,"key":"REST"},{"floor":27,"key":"REST"}],"circlet_count":0,"master_deck":["AscendersBane","Strike_G","Strike_G","Strike_G","Strike_G","Strike_G","Defend_G","Defend_G","Defend_G","Defend_G","Defend_G","Survivor","Neutralize","All Out Attack","Dagger Throw","Cloak And Dagger","Poisoned Stab","Poisoned Stab","Dagger Throw","Unload","Underhanded Strike+1","Backflip","Noxious Fumes"],"relics":["SlaversCollar","Mummified Hand","WarpedTongs","Strawberry","Smiling Mask","HoveringKite","White Beast Statue"],"acts_visited":["Exordium","TheCity"],"potions_floor_usage":[13,24],"damage_taken":[{"damage":27,"enemies":"Cultist","floor":1,"turns":8},{"damage":14,"enemies":"Jaw Worm","floor":2,"turns":6},{"damage":2,"enemies":"2 Louse","floor":3,"turns":3},{"damage":19,"enemies":"Lots of Slimes","floor":8,"turns":4},{"damage":1,"enemies":"2 Fungi Beasts","floor":12,"turns":3},{"damage":9,"enemies":"Lagavulin","floor":13,"turns":6},{"damage":11,"enemies":"Gremlin Gang","floor":14,"turns":5},{"damage":34,"enemies":"The Guardian","floor":16,"turns":14},{"damage":17,"enemies":"Chosen","floor":18,"turns":5},{"damage":19,"enemies":"Shell Parasite","floor":20,"turns":6},{"damage":0,"enemies":"Gremlin Leader","floor":24,"turns":2},{"damage":20,"enemies":"Chosen and Byrds","floor":25,"turns":7},{"damage":41,"enemies":"Book of Stabbing","floor":28,"turns":4}],"seed_played":"-8395475486422531011","potions_obtained":[{"floor":2,"key":"ColorlessPotion"},{"floor":12,"key":"SmokeBomb"}],"is_trial":false,"path_per_floor":["M","M","M","?","?","?","R","M","T","R","?","M","E","M","R","B",null,"M","?","M","?","?","R","E","M","T","R","E"],"character_chosen":"THE_SILENT","items_purchased":[],"campfire_rested":5,"item_purchase_floors":[],"current_hp_per_floor":[32,18,16,32,32,32,51,32,39,60,60,59,50,39,60,26,61,44,34,15,15,15,36,36,16,16,37,0,0],"gold":309,"neow_bonus":"BOSS_RELIC","is_daily":false,"chose_seed":false,"campfire_upgraded":0,"win_rate":0.0,"timestamp":1609512699,"path_taken":["M","?","M","?","?","?","R","?","T","R","?","?","E","M","R","BOSS","M","?","?","?","?","R","E","M","T","R","E"],"items_purchased_type":[],"build_version":"2020-12-22","purchased_purges":0,"victory":false,"max_hp_per_floor":[66,66,66,66,66,66,66,66,73,73,73,73,73,73,73,73,73,73,73,73,73,73,73,73,73,73,73,73,73],"card_choices":[{"not_picked":["Backflip","Well Laid Plans"],"picked":"All Out Attack","floor":1},{"not_picked":["Quick Slash","Prepared"],"picked":"Dagger Throw","floor":2},{"not_picked":["Bouncing Flask","Escape Plan"],"picked":"Cloak And Dagger","floor":3},{"not_picked":["Blur","Phantasmal Killer"],"picked":"Poisoned Stab","floor":8},{"not_picked":["Reflex","Slice","Bouncing Flask"],"picked":"SKIP","floor":12},{"not_picked":["Sucker Punch","Dash"],"picked":"Poisoned Stab","floor":13},{"not_picked":["Dash","Quick Slash"],"picked":"Dagger Throw","floor":14},{"not_picked":["Glass Knife","Storm of Steel"],"picked":"Unload","floor":16},{"not_picked":["Cloak And Dagger","Tactician"],"picked":"Underhanded Strike+1","floor":18},{"not_picked":["Dodge and Roll","Terror"],"picked":"Backflip","floor":20},{"not_picked":["Flying Knee","Storm of Steel"],"picked":"Noxious Fumes","floor":25}],"player_experience":736354,"relics_obtained":[{"floor":9,"key":"Strawberry"},{"floor":13,"key":"Smiling Mask"},{"floor":26,"key":"White Beast Statue"}],"event_choices":[{"damage_healed":16,"gold_gain":0,"player_choice":"Healed","damage_taken":0,"max_hp_gain":0,"max_hp_loss":0,"event_name":"The Cleric","floor":4,"gold_loss":35},{"damage_healed":0,"gold_gain":0,"player_choice":"Box","damage_taken":0,"relics_obtained":["Mummified Hand"],"max_hp_gain":0,"max_hp_loss":0,"event_name":"Big Fish","floor":5,"gold_loss":0,"cards_obtained":["Regret"]},{"damage_healed":0,"gold_gain":0,"player_choice":"Rummage","damage_taken":0,"relics_obtained":["WarpedTongs"],"max_hp_gain":0,"max_hp_loss":0,"event_name":"Accursed Blacksmith","floor":6,"gold_loss":0,"cards_obtained":["Pain"]},{"cards_removed":["Pain","Regret"],"damage_healed":0,"gold_gain":0,"player_choice":"Removed Curses","damage_taken":0,"max_hp_gain":0,"max_hp_loss":0,"event_name":"Fountain of Cleansing","floor":11,"gold_loss":0},{"damage_healed":0,"gold_gain":0,"player_choice":"Damaged","damage_taken":10,"max_hp_gain":0,"max_hp_loss":0,"event_name":"Wheel of Change","floor":19,"gold_loss":0},{"damage_healed":0,"gold_gain":0,"player_choice":"Ignored","damage_taken":0,"max_hp_gain":0,"max_hp_loss":0,"event_name":"Cursed Tome","floor":21,"gold_loss":0},{"damage_healed":0,"gold_gain":0,"player_choice":"Ignored","damage_taken":0,"max_hp_gain":0,"max_hp_loss":0,"event_name":"Ghosts","floor":22,"gold_loss":0}],"is_beta":false,"boss_relics":[{"not_picked":["Philosopher\u0027s Stone","Pandora\u0027s Box"],"picked":"HoveringKite"}],"items_purged_floors":[],"is_endless":false,"potions_floor_spawned":[2,12,24],"killed_by":"Book of Stabbing","ascension_level":17}}