{"host":"sjo4oracihb00px1","time":1609540764,"event":{"mods":["Astrologer","BaseMod","Better Note","Colored Powertips","Defective Defect","Friendly Minions","Hermit","HololiveMod","Hubris","Jorbs\u0027s Wanderer Trilogy","Kiyohime????","Marisa????????","Minty Spire (QoL Compilation)","Quick Restart","Random Character Button","Remilia??????","Replay The Spire","Shop Mod","ShortenTheSpire","Somnambulant","StSLib","The Administrix","The Animator","The Awakened One except there are too many feathers","The Bug Knight","The Cursed","The Death Knight","The Disciple","The Gatherer","The IronCluck","The Necromancer","The Problem Sleuth","The Runesmith","The Servant 0.9.4","The Vixen","TheBandit","Waifu the Spire","Wandering Minibosses","Yuri Mod","everything is the same but u backflip on backflip","slay the spire mod where everything is the same but ironclad has a cowboy hat","thorton"],"gold_per_floor":[111,111,131,35,35,166,179,179,225,225,128,128,228,341,341,437,487,499,469,486,122,122,122],"floor_reached":22,"playtime":9864,"items_purged":[],"score":209,"play_id":"7306a005-73fc-4b6e-a320-eddf142bfff7","local_time":"20210101173924","is_ascension_mode":false,"campfire_choices":[{"data":"Runesmith:CraftMagma","floor":8,"key":"SMITH"},{"data":"Runesmith:CraftFirestone","floor":10,"key":"SMITH"},{"data":"Runesmith:Fortify","floor":12,"key":"SMITH"},{"data":"Runesmith:PoweredAnvil","floor":15,"key":"SMITH"}],"circlet_count":0,"master_deck":["Runesmith:Strike_RS","Runesmith:Strike_RS","Runesmith:Strike_RS","Runesmith:Strike_RS","Runesmith:Defend_RS","Runesmith:Defend_RS","Runesmith:Defend_RS+1","Runesmith:Defend_RS","Runesmith:CraftFirestone+1","Runesmith:Fortify+1","Runesmith:FrozenChisel","Regret","Runesmith:Retool","Runesmith:OneForEveryone+1","Runesmith:BackupBattery","Runesmith:Repurpose","Runesmith:CraftMagma+1","Runesmith:Attraction","Runesmith:Permafrost","Runesmith:PoweredAnvil+1","Runesmith:Supernova","Runesmith:RunicBlueprint","Runesmith:HeatExchange","hubris:NaturalOne","Runesmith:HeatedChisel","Runesmith:HammerThrow","Runesmith:PoweredAnvil","Runesmith:PoweredAnvil","Runesmith:FissionHammer","Runesmith:EarthShield"],"relics":["Runesmith:BrokenRuby","Blue Doll","hubris:Icosahedron","yuri:PortableGlitches","ReplayTheSpireMod:TigerMarble","Tiny House","hubris:EmptyBottle"],"acts_visited":["Exordium","TheCity"],"potions_floor_usage":[16,19,20],"damage_taken":[{"damage":0,"enemies":"Small Slimes","floor":1,"turns":2},{"damage":0,"enemies":"2 Louse","floor":3,"turns":1},{"damage":0,"enemies":"Gremlin Nob","floor":6,"turns":1},{"damage":4,"enemies":"Cultist","floor":7,"turns":4},{"damage":4,"enemies":"Blue Slaver","floor":14,"turns":3},{"damage":40,"enemies":"The Guardian","floor":16,"turns":8},{"damage":8,"enemies":"Chosen","floor":18,"turns":3},{"damage":10,"enemies":"Shell Parasite","floor":19,"turns":7},{"damage":29,"enemies":"Shelled Parasite and Fungi","floor":20,"turns":5},{"damage":0,"enemies":"Chosen and Byrds","floor":22,"turns":1}],"seed_played":"-7560269370199623337","potions_obtained":[{"floor":1,"key":"SmokeBomb"},{"floor":6,"key":"Regen Potion"},{"floor":14,"key":"SpeedPotion"},{"floor":17,"key":"AttackPotion"},{"floor":18,"key":"Elixir"}],"is_trial":false,"path_per_floor":["M","?","M","$","?","E","M","R","T","R","$","R","?","M","R","B",null,"M","M","M","$","M"],"character_chosen":"RUNESMITH_CLASS","items_purchased":["Runesmith:OneForEveryone+1","Runesmith:BackupBattery","Runesmith:Attraction","Runesmith:Permafrost","Runesmith:PoweredAnvil","Runesmith:FissionHammer","hubris:EmptyBottle","Runesmith:EarthShield"],"campfire_rested":0,"item_purchase_floors":[4,4,11,11,21,21,21,21],"current_hp_per_floor":[70,70,70,70,70,70,66,66,66,66,66,66,66,62,62,30,75,67,57,42,42,42,42],"gold":122,"neow_bonus":"THREE_ENEMY_KILL","is_daily":false,"chose_seed":false,"campfire_upgraded":4,"win_rate":0.0,"timestamp":1609540764,"path_taken":["M","?","M","$","?","E","M","R","T","R","$","R","?","M","R","BOSS","M","M","M","$","M"],"items_purchased_type":["Card","Card","Card","Card","Card","Card","Relic","Card"],"build_version":"2020-12-22","purchased_purges":0,"victory":false,"max_hp_per_floor":[70,70,70,70,70,70,70,70,70,70,70,70,70,70,70,70,75,75,75,75,75,75,75],"card_choices":[{"not_picked":["Runesmith:Discharge","Runesmith:EnergizedChisel"],"picked":"Runesmith:FrozenChisel","floor":1},{"not_picked":["Runesmith:Grindstone","Runesmith:HammerThrow"],"picked":"Runesmith:Retool","floor":3},{"not_picked":["Runesmith:UnstableHammer","Runesmith:Malloc"],"picked":"Runesmith:Repurpose","floor":6},{"not_picked":["Runesmith:HammerThrow","Runesmith:UnstableHammer"],"picked":"Runesmith:CraftMagma","floor":7},{"not_picked":["Runesmith:HammerThrow","Runesmith:CraftVitae"],"picked":"Runesmith:PoweredAnvil","floor":14},{"not_picked":["Runesmith:CraftMedicinae","Runesmith:GenerateForcefield"],"picked":"Runesmith:Supernova","floor":16},{"not_picked":["Runesmith:ChargedHammer","Runesmith:StaticCage"],"picked":"Runesmith:RunicBlueprint","floor":17},{"not_picked":["Runesmith:MakeshiftArmor","Runesmith:HammerTime+1"],"picked":"Runesmith:HeatExchange","floor":18},{"not_picked":["Runesmith:EnergizedChisel","Runesmith:StaticCage"],"picked":"Runesmith:HeatedChisel","floor":19},{"not_picked":["Runesmith:Repurpose+1","Runesmith:ShiftingStrike"],"picked":"Runesmith:HammerThrow","floor":20}],"player_experience":691841,"relics_obtained":[{"floor":6,"key":"yuri:PortableGlitches"},{"floor":9,"key":"ReplayTheSpireMod:TigerMarble"}],"event_choices":[{"damage_healed":0,"gold_gain":0,"player_choice":"Box","damage_taken":0,"relics_obtained":["Blue Doll"],"max_hp_gain":0,"max_hp_loss":0,"event_name":"Big Fish","floor":2,"gold_loss":0,"cards_obtained":["Regret"]},{"damage_healed":0,"gold_gain":100,"player_choice":"Gold","damage_taken":0,"max_hp_gain":0,"max_hp_loss":0,"event_name":"Wheel of Change","floor":13,"gold_loss":0}],"is_beta":false,"boss_relics":[{"not_picked":["Replay:Wanted Poster","Busted Crown"],"picked":"Tiny House"}],"items_purged_floors":[],"is_endless":false,"potions_floor_spawned":[1,6,14,18],"killed_by":"Chosen and Byrds","ascension_level":0}}