{"host":"ydujlihd8f5px9gp","time":1609498749,"event":{"mods":["AchievementEnabler","BaseMod","Block Reminder","Colored Map","Minty Spire (QoL Compilation)","ojb\u0027s Info Mod"],"gold_per_floor":[117,2,2,2,14,39,39,50,76,86,110,110,124,147,147,270,270,284,304,328,79,79,79],"floor_reached":22,"playtime":908,"items_purged":["Strike_R"],"score":188,"play_id":"87fb745b-4a93-46f0-b79e-c9b33046cbd1","local_time":"20210101085909","is_ascension_mode":false,"campfire_choices":[{"data":"Inflame","floor":7,"key":"SMITH"},{"data":"Defend_R","floor":15,"key":"SMITH"}],"circlet_count":0,"master_deck":["Strike_R","Strike_R+1","Strike_R","Strike_R","Defend_R","Defend_R","Defend_R","Defend_R+1","Bash","Sever Soul","Inflame+1","Fiend Fire+1","Fiend Fire","Second Wind","Reaper"],"relics":["Black Blood","PreservedInsect","Darkstone Periapt","Red Skull","Whetstone","Golden Idol","Bottled Tornado"],"acts_visited":["Exordium","TheCity"],"potions_floor_usage":[6,16],"damage_taken":[{"damage":3,"enemies":"2 Louse","floor":1,"turns":4},{"damage":0,"enemies":"Small Slimes","floor":5,"turns":3},{"damage":31,"enemies":"Lagavulin","floor":6,"turns":4},{"damage":6,"enemies":"Jaw Worm","floor":8,"turns":5},{"damage":5,"enemies":"2 Fungi Beasts","floor":10,"turns":3},{"damage":0,"enemies":"Large Slime","floor":13,"turns":2},{"damage":5,"enemies":"Looter","floor":14,"turns":3},{"damage":42,"enemies":"The Guardian","floor":16,"turns":9},{"damage":65,"enemies":"3 Byrds","floor":18,"turns":8},{"damage":0,"enemies":"Chosen","floor":19,"turns":3},{"damage":29,"enemies":"Snake Plant","floor":20,"turns":3},{"damage":21,"enemies":"Cultist and Chosen","floor":22,"turns":6}],"seed_played":"-1754982265110350289","potions_obtained":[{"floor":5,"key":"AttackPotion"},{"floor":6,"key":"Energy Potion"},{"floor":20,"key":"Energy Potion"}],"is_trial":false,"path_per_floor":["M","$","?","?","M","E","R","M","T","M","T","?","M","M","R","B",null,"M","M","M","$","M"],"character_chosen":"IRONCLAD","items_purchased":["Sever Soul","Bottled Tornado"],"campfire_rested":0,"item_purchase_floors":[2,21],"current_hp_per_floor":[88,88,85,85,88,63,63,63,63,64,64,42,48,49,49,13,88,35,47,30,30,19,19],"gold":79,"neow_bonus":"TEN_PERCENT_HP_BONUS","is_daily":false,"chose_seed":false,"campfire_upgraded":2,"win_rate":0.0,"timestamp":1609498749,"path_taken":["M","$","?","?","M","E","R","M","T","M","?","?","M","M","R","BOSS","M","M","M","$","M"],"items_purchased_type":["Card","Relic"],"build_version":"2020-12-22","purchased_purges":1,"victory":false,"max_hp_per_floor":[88,88,88,88,88,88,88,88,88,88,88,88,88,88,88,88,88,88,88,88,88,88,88],"card_choices":[{"not_picked":["Shrug It Off","Flex","Carnage"],"picked":"SKIP","floor":1},{"not_picked":["Perfected Strike","Clothesline","Shrug It Off"],"picked":"SKIP","floor":5},{"not_picked":["Seeing Red","Wild Strike"],"picked":"Inflame","floor":6},{"not_picked":["Headbutt","Wild Strike"],"picked":"Fiend Fire","floor":8},{"not_picked":["Clothesline","Ghostly Armor","Armaments"],"picked":"SKIP","floor":10},{"not_picked":["Anger","Whirlwind","Clothesline"],"picked":"SKIP","floor":13},{"not_picked":["Headbutt","Reckless Charge","Anger"],"picked":"SKIP","floor":14},{"not_picked":["Berserk","Exhume"],"picked":"Fiend Fire","floor":16},{"not_picked":["Heavy Blade","Perfected Strike"],"picked":"Second Wind","floor":18},{"not_picked":["Flex","Thunderclap","Heavy Blade"],"picked":"SKIP","floor":19},{"not_picked":["Twin Strike","Uppercut"],"picked":"Reaper","floor":20}],"player_experience":86675,"relics_obtained":[{"floor":6,"key":"Darkstone Periapt"},{"floor":9,"key":"Red Skull"},{"floor":11,"key":"Whetstone"}],"event_choices":[{"damage_healed":0,"gold_gain":0,"player_choice":"Success","damage_taken":3,"relics_obtained":["PreservedInsect"],"max_hp_gain":0,"max_hp_loss":0,"event_name":"Scrap Ooze","floor":3,"gold_loss":0},{"damage_healed":0,"gold_gain":0,"player_choice":"Ignored","damage_taken":0,"max_hp_gain":0,"max_hp_loss":0,"event_name":"Liars Game","floor":4,"gold_loss":0},{"damage_healed":0,"gold_gain":0,"player_choice":"Take Damage","damage_taken":22,"relics_obtained":["Golden Idol"],"max_hp_gain":0,"max_hp_loss":0,"event_name":"Golden Idol","floor":12,"gold_loss":0}],"is_beta":false,"boss_relics":[{"not_picked":["Fusion Hammer","Snecko Eye"],"picked":"Black Blood"}],"items_purged_floors":[2],"is_endless":false,"potions_floor_spawned":[5,6,20],"killed_by":"Cultist and Chosen","ascension_level":0}}