{"host":"2apb6gwm2fj4theg","time":1609500524,"event":{"mods":["2.2 Compatiblity","AlwaysNeverKeys","BaseMod","Halation","Infinite Spire","Minty Spire (QoL Compilation)","Replay The Spire","Shop Mod","Small Relic Pack","StSLib","The Animator"],"gold_per_floor":[113,123,141,160,26,57,77,77,104,104,104,114,132,162,162,267,267,279,297,297,310,310,310],"floor_reached":22,"playtime":2443,"items_purged":[],"score":210,"play_id":"29d443fe-1e4d-42b2-8868-204332004899","local_time":"20210101132844","is_ascension_mode":true,"campfire_choices":[{"floor":8.0,"key":"REST"},{"floor":10.0,"key":"REST"},{"floor":15.0,"key":"REST"}],"circlet_count":0,"master_deck":["Strike_G","Strike_G","Strike_G","Strike_G","Defend_G","Defend_G","Defend_G","Defend_G","Defend_G","Survivor","Neutralize","Prepared","Dagger Throw","Cloak And Dagger","Expertise","ReplayTheSpireMod:The Works","Good Instincts","Quick Slash","Dash","Underhanded Strike","Fluid Movement","Cloak And Dagger","Outmaneuver","Adrenaline","Writhe","Adrenaline","Good Instincts","infinitespire:UltimateForm","Outmaneuver+1","Tactician","PiercingWail","Venomology","Acrobatics+1"],"relics":["Ring of the Snake","infinitespire:WardingShard","Blood Vial","MealTicket","ReplayTheSpireMod:SealedPack"],"acts_visited":["Exordium","TheCity"],"potions_floor_usage":[16,21,21,22,22],"damage_taken":[{"damage":2.0,"enemies":"Cultist","floor":1.0,"turns":5.0},{"damage":0.0,"enemies":"Small Slimes","floor":2.0,"turns":3.0},{"damage":0.0,"enemies":"2 Louse","floor":3.0,"turns":3.0},{"damage":1.0,"enemies":"2 Fungi Beasts","floor":4.0,"turns":4.0},{"damage":45.0,"enemies":"Lagavulin","floor":6.0,"turns":12.0},{"damage":4.0,"enemies":"Large Slime","floor":7.0,"turns":7.0},{"damage":0.0,"enemies":"Exordium Wildlife","floor":12.0,"turns":4.0},{"damage":0.0,"enemies":"2 Fungi Beasts","floor":13.0,"turns":5.0},{"damage":30.0,"enemies":"Gremlin Nob","floor":14.0,"turns":6.0},{"damage":26,"enemies":"Fading Forest","floor":16,"turns":11},{"damage":2,"enemies":"Shell Parasite","floor":18,"turns":10},{"damage":0,"enemies":"Spheric Guardian","floor":19,"turns":4},{"damage":38,"enemies":"Shelled Parasite and Fungi","floor":21,"turns":9},{"damage":48,"enemies":"Masked Bandits","floor":22,"turns":3}],"seed_played":"-2137533704991962443","potions_obtained":[{"floor":2.0,"key":"SkillPotion"},{"floor":12.0,"key":"BlessingOfTheForge"},{"floor":13.0,"key":"Venom Potion"},{"floor":14.0,"key":"AttackPotion"}],"is_trial":false,"path_per_floor":["M","M","M","M","$","E","M","R","T","R","?","M","M","E","R","B",null,"M","M","?","M","?"],"character_chosen":"THE_SILENT","items_purchased":["Good Instincts","Quick Slash"],"campfire_rested":3,"item_purchase_floors":[5,5],"current_hp_per_floor":[68,68,68,67,67,22,18,39,39,60,60,62,64,36,57,53,70,68,70,70,32,0,0],"gold":310,"neow_bonus":"THREE_CARDS","is_daily":false,"chose_seed":false,"campfire_upgraded":0,"win_rate":0.0,"timestamp":1609500524,"path_taken":["M","M","M","M","$","E","?","R","T","R","?","M","M","E","R","BOSS","M","M","?","M","?"],"items_purchased_type":["Card","Card"],"build_version":"2020-12-22","purchased_purges":0,"victory":false,"max_hp_per_floor":[70,70,70,70,70,70,70,70,70,70,70,70,70,70,70,70,70,70,70,70,70,70,70],"card_choices":[{"not_picked":["Flying Knee","Bane"],"picked":"Prepared","floor":0.0},{"not_picked":["Deflect","Well Laid Plans"],"picked":"Dagger Throw","floor":1.0},{"not_picked":["PiercingWail","Acrobatics"],"picked":"Cloak And Dagger","floor":2.0},{"not_picked":["Acrobatics","Blade Dance"],"picked":"Expertise","floor":3.0},{"not_picked":["PiercingWail","Dagger Throw"],"picked":"ReplayTheSpireMod:The Works","floor":4.0},{"not_picked":["Doppelganger","Fluid Movement"],"picked":"Dash","floor":6.0},{"not_picked":["Hidden Blade","Bane"],"picked":"Underhanded Strike","floor":7.0},{"not_picked":["Acrobatics","Crippling Poison"],"picked":"Fluid Movement","floor":12.0},{"not_picked":["Venomology","Deflect"],"picked":"Cloak And Dagger","floor":13.0},{"not_picked":["PiercingWail","Flechettes"],"picked":"Outmaneuver","floor":14.0},{"not_picked":["Atom Bomb","Storm of Steel"],"picked":"Adrenaline","floor":16},{"not_picked":["Zap","Eruption"],"picked":"Vigilance","floor":17},{"not_picked":["Corpse Explosion","Unload"],"picked":"Adrenaline","floor":17},{"not_picked":["Swift Strike","Replay:BasicMightCard"],"picked":"Good Instincts","floor":17},{"not_picked":["infinitespire:SevenWalls","infinitespire:Execution"],"picked":"infinitespire:UltimateForm","floor":17},{"not_picked":["Backstab","ReplayTheSpireMod:Shiv Toss"],"picked":"Outmaneuver+1","floor":18},{"not_picked":["Reflex","Backstab"],"picked":"Tactician","floor":19},{"not_picked":["Predator","Riddle With Holes"],"picked":"Acrobatics+1","floor":21}],"player_experience":582771,"relics_obtained":[{"floor":6.0,"key":"infinitespire:WardingShard"},{"floor":9.0,"key":"Blood Vial"},{"floor":14.0,"key":"MealTicket"}],"event_choices":[{"damage_healed":0,"gold_gain":0,"cards_transformed":["Vigilance","Strike_G"],"player_choice":"Became Test Subject","damage_taken":0,"max_hp_gain":0,"max_hp_loss":0,"event_name":"Drug Dealer","floor":20,"gold_loss":0,"cards_obtained":["PiercingWail","Venomology"]},{"damage_healed":0,"gold_gain":0,"player_choice":"Fought Bandits","damage_taken":0,"max_hp_gain":0,"max_hp_loss":0,"event_name":"Masked Bandits","floor":22,"gold_loss":0}],"is_beta":false,"boss_relics":[{"not_picked":["relicPack:ShieldShield","halation:HeavySnake"],"picked":"ReplayTheSpireMod:SealedPack"}],"items_purged_floors":[],"is_endless":false,"potions_floor_spawned":[2,12,13,14],"killed_by":"Masked Bandits","ascension_level":1}}