{"host":"2c1pg2m9wpz3w4c0","time":1609517919,"event":{"mods":["AchievementEnabler","Act Like it!","Aspiration","BaseMod","Better Note","BetterRewards","Disable Question Mark Monsters","Halation","Hubris","Infinite Spire","Lotus Mark","Marisa????????","Minty Spire (QoL Compilation)","Replay The Spire","StSLib","SuperFastMode","The Clintock","The Jungle","The Runesmith","Transform Curses"],"gold_per_floor":[110,126,143,143,157,184,184,200,200,217,234,309,323,342,342,444,444,456,456,472,472,491,491,509,509,509,509],"floor_reached":26,"playtime":1145,"items_purged":[],"score":341,"play_id":"47880345-51f6-4ba1-8a2f-f7a94cfc818c","local_time":"20210101091839","is_ascension_mode":false,"campfire_choices":[{"floor":7,"key":"REST"},{"floor":23,"key":"REST"},{"floor":25,"key":"REST"}],"circlet_count":0,"master_deck":["Strike_G","Strike_G","Strike_G","Defend_G","Defend_G","Defend_G","Defend_G","Survivor","Neutralize","Footwork","Hidden Blade+1","Dagger Throw","Sucker Punch","Storm of Steel","Dodge and Roll","ReplayTheSpireMod:Scrap Shanks","Footwork","Poisoned Stab","Prepared","ReplayTheSpireMod:Shiv Toss+1","Outmaneuver","Footwork","Envenom","After Image+1","Dagger Throw+1","lotusMarks:OnTheHunt+1","hubris:SlightOfHand+1","Bandage Up+1","Flying Knee+1","Deflect+1","Blade Dance"],"relics":["Ring of the Snake","infinitespire:Lychee Nut","Chemical X","halation:BlackBeret","aspiration:SneckoTail","Astrolabe","theJungle:BirthdayCakeSlice","Calipers"],"acts_visited":["Exordium","theJungle:Jungle"],"potions_floor_usage":[6,6,16,16,22],"damage_taken":[{"damage":0,"enemies":"Cultist","floor":1,"turns":4},{"damage":0,"enemies":"Jaw Worm","floor":2,"turns":4},{"damage":1,"enemies":"2 Louse","floor":3,"turns":4},{"damage":20,"enemies":"Exordium Wildlife","floor":5,"turns":9},{"damage":0,"enemies":"Gremlin Nob","floor":6,"turns":3},{"damage":4,"enemies":"Blue Slaver","floor":8,"turns":5},{"damage":3,"enemies":"Looter","floor":10,"turns":3},{"damage":6,"enemies":"Exordium Wildlife","floor":11,"turns":5},{"damage":7,"enemies":"2 Fungi Beasts","floor":13,"turns":5},{"damage":2,"enemies":"3 Louse","floor":14,"turns":4},{"damage":35,"enemies":"Slime Boss","floor":16,"turns":8},{"damage":12,"enemies":"theJungle:MUSHROOMGANG","floor":18,"turns":9},{"damage":16,"enemies":"Shell Parasite","floor":20,"turns":11},{"damage":38,"enemies":"theJungle:2_Flameangoes","floor":22,"turns":9},{"damage":23,"enemies":"theJungle:JungleHuntersEncounter","floor":24,"turns":10}],"seed_played":"-5830278008362160352","potions_obtained":[{"floor":3,"key":"SteroidPotion"},{"floor":5,"key":"Swift Potion"},{"floor":8,"key":"Swift Potion"},{"floor":10,"key":"Reflective Coating"},{"floor":13,"key":"Dexterity Potion"},{"floor":20,"key":"EssenceOfSteel"}],"is_trial":false,"path_per_floor":["M","M","M","?","M","E","R","M","T","M","M","?","M","M","R","B",null,"M","?","M","?","M","R","M","R","T"],"character_chosen":"THE_SILENT","items_purchased":["Footwork","Hidden Blade+1","Chemical X","Dagger Throw"],"campfire_rested":3,"item_purchase_floors":[0,0,0,0],"current_hp_per_floor":[52,52,52,52,34,39,52,51,51,49,48,37,36,40,52,17,52,43,43,39,44,18,35,24,41,41,41],"gold":509,"neow_bonus":"","is_daily":false,"chose_seed":false,"campfire_upgraded":0,"win_rate":0.0,"timestamp":1609517919,"path_taken":["M","?","M","?","M","E","R","M","T","M","M","?","M","M","R","BOSS","M","?","M","?","M","R","M","R","T"],"items_purchased_type":["Card","Card","Relic","Card"],"build_version":"2020-12-22","purchased_purges":0,"victory":false,"max_hp_per_floor":[52,52,52,52,52,52,52,52,52,52,52,52,52,52,52,52,52,52,52,52,57,57,57,57,57,57,57],"card_choices":[{"not_picked":["Dagger Throw","Blade Dance"],"picked":"Sucker Punch","floor":1},{"not_picked":["Deadly Poison","Terror"],"picked":"Storm of Steel","floor":2},{"not_picked":["PiercingWail","Underhanded Strike"],"picked":"Dodge and Roll","floor":3},{"not_picked":["Deflect","Distraction"],"picked":"ReplayTheSpireMod:Scrap Shanks","floor":5},{"not_picked":["Accuracy","lotusMarks:OnTheHunt"],"picked":"Footwork","floor":6},{"not_picked":["Dodge and Roll","Well Laid Plans"],"picked":"Poisoned Stab","floor":8},{"not_picked":["Deadly Poison","Poisoned Stab"],"picked":"Prepared","floor":10},{"not_picked":["Draining Mist","Prepared"],"picked":"ReplayTheSpireMod:Shiv Toss","floor":11},{"not_picked":["Blade Dance","Deadly Poison"],"picked":"Outmaneuver","floor":13},{"not_picked":["Underhanded Strike","lotusMarks:LotusStrike"],"picked":"Footwork","floor":14},{"not_picked":["Malaise","Adrenaline"],"picked":"Envenom","floor":16},{"not_picked":["Dagger Throw+1","Bane"],"picked":"hubris:SlightOfHand+1","floor":18},{"not_picked":["ReplayTheSpireMod:The Works","Caltrops"],"picked":"Flying Knee+1","floor":20},{"not_picked":["Dodge and Roll","Bouncing Flask"],"picked":"Deflect+1","floor":22},{"not_picked":["Flying Knee","Slice"],"picked":"Blade Dance","floor":24}],"player_experience":1150518,"relics_obtained":[{"floor":6,"key":"halation:BlackBeret"},{"floor":9,"key":"aspiration:SneckoTail"},{"floor":26,"key":"Calipers"}],"event_choices":[{"damage_healed":0,"gold_gain":75,"player_choice":"Gather Gold","damage_taken":11,"max_hp_gain":0,"max_hp_loss":0,"event_name":"World of Goop","floor":12,"gold_loss":0},{"cards_removed":["After Image"],"damage_healed":0,"gold_gain":0,"player_choice":"Take \u0026 Give","damage_taken":0,"max_hp_gain":0,"max_hp_loss":0,"event_name":"betterNote:BetterNote","floor":19,"gold_loss":0,"cards_obtained":["Bandage Up"]}],"is_beta":false,"boss_relics":[{"not_picked":["aspiration:RunicSpoon","Replay:Grab Bag"],"picked":"Astrolabe"}],"items_purged_floors":[],"is_endless":false,"potions_floor_spawned":[3,5,8,10,13,20],"ascension_level":0}}