{"host":"y6s8mw1hb3jg98nz","time":1609533159,"event":{"mods":["Aspiration","BaseMod","Better Match","Better Note","Better Third Choice","BetterRewards","Colored Map","Colored Powertips","Googly Eyes","Halation","Minty Spire (QoL Compilation)","Quick Restart","Rare Cards Sparkle","Relic Stats","Replay The Spire","Shop Mod","Spicy Shops","StSLib"],"gold_per_floor":[118,133,147,147,164,164,217,252,322,322,339,349,349,365,365,468,468,485,445,33,44,44,44,57,57,57,74,94,94,34,61,61,61,61],"floor_reached":33,"playtime":2987,"items_purged":[],"score":294,"play_id":"ea6302f6-141e-4482-87eb-74022782b307","local_time":"20210102070239","is_ascension_mode":false,"campfire_choices":[{"data":"Twin Strike","floor":6,"key":"SMITH"},{"floor":10,"key":"REST"},{"floor":13,"key":"REST"},{"floor":15,"key":"REST"},{"floor":23,"key":"REST"},{"floor":25,"key":"REST"},{"floor":29,"key":"REST"},{"floor":32,"key":"REST"}],"circlet_count":0,"master_deck":["Strike_R+1","Strike_R","Strike_R","Strike_R","Strike_R","Defend_R","Defend_R","Defend_R","Defend_R","Bash+1","Twin Strike+1","Pommel Strike","Armaments+1","Shrug It Off","Clothesline","Power Through","Cleave","Headbutt","Barricade+1","ReplayTheSpireMod:Strike From Hell","Intimidate","Iron Wave","Flame Barrier","Anger","Headbutt+1","Doubt","Thunderclap"],"relics":["Burning Blood","ReplayFunnel","Counterbalance","Gremlin Horn","SlaversCollar","Vajra","Replay:Ringing Soul","Replay:WaspNest","Blood Vial","Bag of Marbles"],"acts_visited":["Exordium","TheCity"],"potions_floor_usage":[16,16,16,24,28,33],"damage_taken":[{"damage":2,"enemies":"2 Louse","floor":1,"turns":4},{"damage":9,"enemies":"Jaw Worm","floor":2,"turns":4},{"damage":6,"enemies":"Cultist","floor":3,"turns":3},{"damage":14,"enemies":"2 Fungi Beasts","floor":5,"turns":4},{"damage":54,"enemies":"Gremlin Nob","floor":8,"turns":7},{"damage":15,"enemies":"Gremlin Gang","floor":11,"turns":4},{"damage":4,"enemies":"3 Louse","floor":12,"turns":5},{"damage":11,"enemies":"Exordium Thugs","floor":14,"turns":4},{"damage":25,"enemies":"Fading Forest","floor":16,"turns":11},{"damage":12,"enemies":"Shell Parasite","floor":18,"turns":10},{"damage":42,"enemies":"3 Byrds","floor":21,"turns":9},{"damage":24,"enemies":"Snake Plant","floor":24,"turns":6},{"damage":36,"enemies":"Centurion and Healer","floor":27,"turns":11},{"damage":28,"enemies":"Snecko","floor":28,"turns":6},{"damage":34,"enemies":"Slavers","floor":31,"turns":5},{"damage":76,"enemies":"Champ","floor":33,"turns":12}],"seed_played":"870630209028500192","potions_obtained":[{"floor":2,"key":"ElixirPotion"},{"floor":3,"key":"Strength Potion"},{"floor":14,"key":"Toxic Potion"},{"floor":21,"key":"Fire Potion"},{"floor":27,"key":"SkillPotion"},{"floor":28,"key":"SteroidPotion"}],"is_trial":false,"path_per_floor":["M","M","M","?","M","R","T","E","T","R","M","M","R","M","R","B",null,"M","?","$","M","?","R","M","R","T","M","M","R","$","E","R","B"],"character_chosen":"IRONCLAD","items_purchased":["Vajra","Replay:Ringing Soul","Blood Vial"],"campfire_rested":7,"item_purchase_floors":[20,20,30],"current_hp_per_floor":[80,77,77,77,69,69,69,21,21,45,36,38,62,57,80,71,80,74,74,74,41,44,69,54,80,80,53,34,62,65,42,72,0,0],"gold":61,"neow_bonus":"UPGRADE_CARD","is_daily":false,"chose_seed":false,"campfire_upgraded":1,"win_rate":0.0,"timestamp":1609533159,"path_taken":["M","M","M","?","M","R","?","E","T","R","?","M","R","M","R","BOSS","M","?","$","?","?","R","M","R","T","M","M","R","?","E","R","BOSS"],"items_purchased_type":["Relic","Relic","Relic"],"build_version":"2020-12-22","purchased_purges":0,"victory":false,"max_hp_per_floor":[80,80,80,80,80,80,80,80,80,80,80,80,80,80,80,80,80,80,80,80,83,86,86,89,89,89,92,95,95,98,101,101,101,101],"relic_stats":{"Blood Vial":4,"Gremlin Horn":[15,15],"counters":[51,271],"obtain_stats":[{"ReplayFunnel":7,"Tiny House":17,"Gremlin Horn":7,"Vajra":0,"Bag of Preparation":9,"Burning Blood":0,"aspiration:RitualStick":29,"Replay:Rubber Ducky":21,"Blood Vial":30,"Replay:Ringing Soul":20,"Fusion Hammer":16,"Red Mask":20,"aspiration:FutureDiary":34,"Toxic Egg 2":43,"Potion Belt":13,"BargainBundle":21,"Counterbalance":8,"Replay:WaspNest":26,"halation:Thesaurus":0,"War Paint":9,"SlaversCollar":17,"halation:Jellyphish":12,"Bird Faced Urn":14,"halation:PenCase":19,"Simple Rune":26,"Art of War":0,"Bag of Marbles":31,"Membership Card":21,"PureWater":0,"halation:PinkSoulGem":48},{"ReplayFunnel":39,"Tiny House":9,"Gremlin Horn":5,"Vajra":24,"Bag of Preparation":5,"Burning Blood":0,"aspiration:RitualStick":14,"Replay:Rubber Ducky":11,"Blood Vial":49,"Replay:Ringing Soul":45,"Fusion Hammer":34,"Red Mask":11,"aspiration:FutureDiary":17,"Toxic Egg 2":21,"Potion Belt":33,"BargainBundle":11,"Counterbalance":40,"Replay:WaspNest":47,"halation:Thesaurus":24,"War Paint":32,"SlaversCollar":44,"halation:Jellyphish":33,"Bird Faced Urn":33,"halation:PenCase":10,"Simple Rune":13,"Art of War":0,"Bag of Marbles":50,"Membership Card":11,"PureWater":24,"halation:PinkSoulGem":23},{"ReplayFunnel":181,"Tiny House":45,"Gremlin Horn":20,"Vajra":118,"Bag of Preparation":20,"Burning Blood":0,"aspiration:RitualStick":68,"Replay:Rubber Ducky":53,"Blood Vial":254,"Replay:Ringing Soul":222,"Fusion Hammer":157,"Red Mask":53,"aspiration:FutureDiary":86,"Toxic Egg 2":98,"Potion Belt":154,"BargainBundle":53,"Counterbalance":188,"Replay:WaspNest":237,"halation:Thesaurus":118,"War Paint":146,"SlaversCollar":212,"halation:Jellyphish":154,"Bird Faced Urn":154,"halation:PenCase":48,"Simple Rune":63,"Art of War":0,"Bag of Marbles":259,"Membership Card":53,"PureWater":118,"halation:PinkSoulGem":110}],"Burning Blood":127},"card_choices":[{"not_picked":["Replay:Undeath\u0027s Touch","Headbutt"],"picked":"Twin Strike","floor":1},{"not_picked":["Sentinel","Combust"],"picked":"Pommel Strike","floor":2},{"not_picked":["Shrug It Off","Clash"],"picked":"Armaments","floor":3},{"not_picked":["Warcry","Carnage"],"picked":"Shrug It Off","floor":5},{"not_picked":["ReplayTheSpireMod:Limb From Limb","Pommel Strike"],"picked":"Clothesline","floor":8},{"not_picked":["Bludgeon","Carnage"],"picked":"Power Through","floor":11},{"not_picked":["Rage","Shrug It Off"],"picked":"Cleave","floor":12},{"not_picked":["ReplayTheSpireMod:Muscle Training","ReplayTheSpireMod:Limb From Limb"],"picked":"Headbutt","floor":14},{"not_picked":["Demonic Infusion","Juggernaut"],"picked":"Barricade","floor":16},{"not_picked":["Headbutt","Feel No Pain"],"picked":"ReplayTheSpireMod:Strike From Hell","floor":18},{"not_picked":["Whirlwind+1","Armaments"],"picked":"Intimidate","floor":21},{"not_picked":["Blood for Blood","Dual Wield+1"],"picked":"Flame Barrier","floor":24},{"not_picked":["ReplayTheSpireMod:Strike From Hell","Headbutt+1"],"picked":"Anger","floor":27},{"not_picked":["Flex","Havoc"],"picked":"Headbutt+1","floor":28},{"not_picked":["Massacre","Iron Wave"],"picked":"Thunderclap","floor":31}],"player_experience":140010,"relics_obtained":[{"floor":7,"key":"ReplayFunnel"},{"floor":8,"key":"Counterbalance"},{"floor":9,"key":"Gremlin Horn"},{"floor":26,"key":"Replay:WaspNest"},{"floor":31,"key":"Bag of Marbles"}],"event_choices":[{"damage_healed":0,"gold_gain":0,"player_choice":"Grow","damage_taken":0,"max_hp_gain":0,"max_hp_loss":0,"event_name":"Living Wall","floor":4,"gold_loss":0,"cards_upgraded":["Armaments"]},{"damage_healed":0,"gold_gain":0,"player_choice":"Upgraded Two","damage_taken":0,"max_hp_gain":0,"max_hp_loss":0,"event_name":"Designer","floor":19,"gold_loss":40,"cards_upgraded":["Barricade","Strike_R"]},{"cards_removed":["Barricade"],"damage_healed":0,"gold_gain":0,"player_choice":"Take \u0026 Give","damage_taken":0,"max_hp_gain":0,"max_hp_loss":0,"event_name":"betterNote:BetterNote","floor":22,"gold_loss":0,"cards_obtained":["Iron Wave"]}],"is_beta":false,"boss_relics":[{"not_picked":["Snecko Eye","Coffee Dripper"],"picked":"SlaversCollar"}],"items_purged_floors":[],"is_endless":false,"potions_floor_spawned":[2,3,14,21,27,28],"killed_by":"Champ","ascension_level":0}}