{"host":"pivahb1bacxk2eup","time":1609461692,"event":{"mods":["AchievementEnabler","BaseMod","Colored Map","Colored Powertips","Downfall","Hermit","Hero for Fun","Hubris","Jedi Mod","Jorbs\u0027s Wanderer Trilogy","Lobotomy","Marisa????????","Minty Spire (QoL Compilation)","Remilia??????","StSLib","The Alterego","The Animator","The Construct","The Hierophant","The Runesmith","The Servant 0.9.4","TheBandit","TheFirefly","Yuri Mod","thorton"],"gold_per_floor":[125,125,143,143,164,208,208,234,303,324,201,201,219,243,243,373,373,397,436,129,168,206,206,206,258,258,173,268,268,268,330,330,377,377,377],"floor_reached":33,"playtime":2549,"items_purged":["Normality"],"score":303,"play_id":"e7a35772-f89e-4856-b19c-5a0cd159a7a3","local_time":"20201231194132","is_ascension_mode":false,"campfire_choices":[{"floor":7.0,"key":"REST"},{"floor":15.0,"key":"REST"},{"floor":23,"key":"REST"},{"floor":29,"key":"REST"},{"floor":30,"key":"REST"},{"floor":32,"key":"RECALL"}],"circlet_count":0,"master_deck":["thethorton:Strike","thethorton:Strike","thethorton:Strike","thethorton:Strike","thethorton:Defend","thethorton:Defend","thethorton:Defend","thethorton:Defend","thethorton:Heckle","thethorton:CreditCard","thethorton:LongTermPayoff","thethorton:ToxicGreed","thethorton:DodgeAndRollAndRun","thethorton:RunningKick","thethorton:OddChange","thethorton:BusinessBoom","thethorton:BusinessBoom","thethorton:BusinessCard","thethorton:SellShort","thethorton:DodgeAndRollAndRun","BloodyHallows","thethorton:CreditCard","thethorton:Octopus","thethorton:WhirlingBriefcase","thethorton:Octopus","thethorton:CashBash+1","thethorton:PowerUp","thethorton:BusinessCard","thethorton:MomentaryBreak","thethorton:SeeingDouble","thethorton:PennyToss","thethorton:PennyToss","thethorton:BusinessBurst","thethorton:BusinessBurst","thethorton:BusinessBurst+1","thethorton:WhirlingBriefcase"],"relics":["Runic Dome","Golden Idol","Guardian:PocketSentry","Shuriken","Sozu","thethorton:BrokenCalculator","thethorton:BusinessCardPrinter","Bird Faced Urn","alterego_mod:FleetingLove","WingedGreaves","hubris:ToyBattleship","jedi:firstaidkit","Runesmith:Locket"],"acts_visited":["Exordium","TheCity"],"potions_floor_usage":[22],"damage_taken":[{"damage":9.0,"enemies":"Jaw Worm","floor":1.0,"turns":5.0},{"damage":12.0,"enemies":"Cultist","floor":3.0,"turns":5.0},{"damage":4.0,"enemies":"2 Louse","floor":5.0,"turns":4.0},{"damage":0.0,"enemies":"Lagavulin","floor":6.0,"turns":4.0},{"damage":0.0,"enemies":"Blue Slaver","floor":8.0,"turns":4.0},{"damage":3.0,"enemies":"Exordium Wildlife","floor":10.0,"turns":2.0},{"damage":6.0,"enemies":"Lots of Slimes","floor":13.0,"turns":4.0},{"damage":12.0,"enemies":"Exordium Thugs","floor":14.0,"turns":4.0},{"damage":22,"enemies":"Slime Boss","floor":16,"turns":7},{"damage":8,"enemies":"Chosen","floor":18,"turns":4},{"damage":12,"enemies":"3 Byrds","floor":19,"turns":6},{"damage":32,"enemies":"Centurion and Healer","floor":21,"turns":6},{"damage":8,"enemies":"Shelled Parasite and Fungi","floor":22,"turns":4},{"damage":31,"enemies":"Sentry and Sphere","floor":25,"turns":6},{"damage":15,"enemies":"Centurion and Healer","floor":28,"turns":9},{"damage":8,"enemies":"Snake Plant","floor":31,"turns":4},{"damage":82,"enemies":"hubris:MusketHawk","floor":33,"turns":11}],"seed_played":"-5446674672912683498","potions_obtained":[{"floor":6.0,"key":"Block Potion"},{"floor":8.0,"key":"jedi:StrikingPotion"},{"floor":13.0,"key":"SkillPotion"},{"floor":14.0,"key":"Explosive Potion"}],"is_trial":false,"path_per_floor":["M","?","M","?","M","E","R","M","T","M","$","T","M","M","R","B",null,"M","M","$","M","M","R","?","M","T","?","M","R","R","M","R","B"],"character_chosen":"THE_THORT","items_purchased":["thethorton:BusinessCard","thethorton:BrokenCalculator","thethorton:PowerUp","thethorton:BusinessCard","thethorton:MomentaryBreak"],"campfire_rested":5,"item_purchase_floors":[11,20,20,20,20],"current_hp_per_floor":[59,42,30,30,26,26,46,46,46,43,43,43,37,25,45,23,68,60,48,48,19,15,35,35,13,13,13,7,27,47,52,52,0,0,0],"gold":377,"neow_bonus":"BOSS_RELIC","is_daily":false,"chose_seed":false,"campfire_upgraded":0,"win_rate":0.0,"timestamp":1609461692,"path_taken":["M","?","M","?","M","E","R","?","T","M","$","?","M","M","R","BOSS","M","M","$","M","M","R","?","M","T","?","?","R","R","?","R","BOSS"],"items_purchased_type":["Card","Relic","Card","Card","Card"],"build_version":"2020-12-22","purchased_purges":1,"victory":false,"max_hp_per_floor":[68,68,68,68,68,68,68,68,68,68,68,68,68,68,68,68,68,68,68,68,68,68,68,68,68,68,68,68,68,68,68,68,68,68,68],"card_choices":[{"not_picked":["thethorton:TakeAccounts","thethorton:ElbowSmash"],"picked":"thethorton:LongTermPayoff","floor":1.0},{"not_picked":["thethorton:BoardroomBlast","thethorton:ThickSkin"],"picked":"thethorton:ToxicGreed","floor":3.0},{"not_picked":["thethorton:Crash","thethorton:DownPayment"],"picked":"thethorton:RunningKick","floor":5.0},{"not_picked":["thethorton:ElbowSmash","thethorton:StumblingSlap"],"picked":"thethorton:OddChange","floor":6.0},{"not_picked":["thethorton:HitAhead","thethorton:GoldBuffer"],"picked":"thethorton:BusinessBoom","floor":8.0},{"not_picked":["thethorton:CoinShield","thethorton:HitAhead"],"picked":"thethorton:BusinessBoom","floor":10.0},{"not_picked":["thethorton:CashBash","thethorton:SicklyRun"],"picked":"thethorton:SellShort","floor":13.0},{"not_picked":["GoldRush","BloodRain"],"picked":"BloodyHallows","floor":14.0},{"not_picked":["thethorton:BigBreak","thethorton:TemporalBlast"],"picked":"thethorton:Octopus","floor":16},{"not_picked":["thethorton:TakeAccounts","thethorton:SicklyRun"],"picked":"thethorton:WhirlingBriefcase","floor":18},{"not_picked":["thethorton:Distance","thethorton:StumblingSlap"],"picked":"thethorton:CashBash+1","floor":19},{"not_picked":["thethorton:RunningKick","thethorton:DockPay"],"picked":"thethorton:SeeingDouble","floor":21},{"not_picked":["thethorton:HitAhead","thethorton:HedgeFund+1"],"picked":"thethorton:PennyToss","floor":22},{"not_picked":["thethorton:GoldBuffer","thethorton:HitAhead"],"picked":"thethorton:BusinessBurst","floor":25},{"not_picked":["thethorton:ROI","thethorton:PocketChange"],"picked":"thethorton:BusinessBurst+1","floor":28},{"not_picked":["thethorton:StumblingSlap","thethorton:TakeAccounts"],"picked":"thethorton:WhirlingBriefcase","floor":31}],"player_experience":517190,"relics_obtained":[{"floor":6.0,"key":"Guardian:PocketSentry"},{"floor":9.0,"key":"Shuriken"},{"floor":26,"key":"WingedGreaves"}],"event_choices":[{"damage_healed":0.0,"max_hp_gain":0.0,"max_hp_loss":0.0,"gold_gain":0.0,"event_name":"Golden Idol","player_choice":"Take Damage","floor":2.0,"gold_loss":0.0,"damage_taken":17.0,"relics_obtained":["Golden Idol"]},{"damage_healed":0,"gold_gain":0,"player_choice":"Choice 1","damage_taken":0,"relics_obtained":["alterego_mod:FleetingLove"],"max_hp_gain":0,"max_hp_loss":0,"event_name":"Secret Garden","floor":24,"gold_loss":0},{"damage_healed":0,"gold_gain":0,"player_choice":"Obtained Relic","damage_taken":0,"relics_obtained":["hubris:ToyBattleship"],"max_hp_gain":0,"max_hp_loss":0,"event_name":"Addict","floor":27,"gold_loss":85}],"is_beta":false,"boss_relics":[{"not_picked":["Runesmith:UraniumAnvil","hubris:CrackedHourglass"],"picked":"Sozu"}],"items_purged_floors":[11],"is_endless":false,"potions_floor_spawned":[6,8,13,14,19,25,28,31],"killed_by":"hubris:MusketHawk","ascension_level":0}}