{"host":"5dn9v6uqcruncej8","time":1609522546,"event":{"mods":["Act Like it!","BaseMod","Colored Powertips","Gensokyo","Koishi","Lobotomy","LobotomyExtend","Marisa£®ÏF”Í°°ƒß¿Ì…≥£©","Minty Spire (QoL Compilation)","Reimu£®≤©¿ˆ¡È√Œ£©","Remilia£®¿Ÿ√◊¿Ú—«£©","Shop Mod","StSLib"],"gold_per_floor":[112,127,73,25,45,77,77,104,104,124,138,65,78,95,95,197,197,214,234,253,44,62,93,93,93,93,112,141,159,159,159,159,257,257,257,277,277,277,297,313,330,46,93,110,110,110,142,161,161,161],"floor_reached":51,"playtime":7931,"items_purged":[],"score":983,"play_id":"41470e7a-e447-4d28-b2fd-435f37be2eaf","local_time":"20210102013546","is_ascension_mode":false,"campfire_choices":[{"data":"Koishi:HauntingSlash","floor":7.0,"key":"SMITH"},{"data":"Koishi:Untouchable","floor":15.0,"key":"SMITH"},{"floor":25.0,"key":"REST"},{"floor":30.0,"key":"REST"},{"data":"Koishi:ReleaseOfTheId","floor":32.0,"key":"SMITH"},{"data":"Koishi:ReflexRadar","floor":49,"key":"SMITH"}],"circlet_count":0,"master_deck":["Koishi:BasicStrike+1","Koishi:Provoke","Koishi:HauntingSlash+1","UniverseFragment","Koishi:GhostParty","Koishi:Prune","Koishi:Jaunt+1","Murderer","Koishi:ReleaseOfTheId+1","Koishi:FadingMemory","MHz","Koishi:Untouchable+1","SpiderBud","Koishi:Prune","GreedKing","Koishi:GeneticsOfTheUnconscious+1","Koishi:SpiritedAway","Koishi:GeneticsOfTheUnconscious+1","Koishi:SubterraneanRose+1","Gensokyo:AllTheWorldsEvil","Koishi:ReflexRadar+1","Rudolta","Koishi:ImGoingToCallYouNow+1","Koishi:ApparitionsStalkTheNight+1","Koishi:SubterraneanRose+1","Koishi:EmbryosDream+1","Koishi:JumpScare+1","Gensokyo:OverchargedCore","Koishi:SpiritedAway","Koishi:EmbersOfLove+1","Koishi:UnconsciousUprising+1","BigBird","Koishi:ReflexRadar+1"],"relics":["Koishi:ImaginaryFriend","CogitoBucket","LetterFromLob","Ginger","Meat on the Bone","Bird Faced Urn","Koishi:ImperfectMetamorphosis","HellTrain","Black Star","Toolbox","Koishi:LettersToReimu","Whetstone","Smiling Mask","AtMidnight","AspirationHeart","Orichalcum","Strawberry","PreservedInsect","Ancient Tea Set","Astrolabe","Frozen Eye","Toy Ornithopter","Centennial Puzzle","Bottled Lightning","War Paint","Blood Vial","Koishi:EchoesOfADeadGirl"],"acts_visited":["Gensokyo:Gensokyo","Gensokyo:Gensokyoer","Gensokyo:Gensokyoest"],"potions_floor_usage":[],"damage_taken":[{"damage":6.0,"enemies":"Gensokyo:3_Fairies","floor":1.0,"turns":5.0},{"damage":4.0,"enemies":"Gensokyo:2_Kodama","floor":2.0,"turns":7.0},{"damage":1.0,"enemies":"Gensokyo:Gryphon","floor":5.0,"turns":6.0},{"damage":15.0,"enemies":"Gensokyo:Cirno","floor":6.0,"turns":9.0},{"damage":3.0,"enemies":"Gensokyo:Aya","floor":8.0,"turns":11.0},{"damage":4.0,"enemies":"Gensokyo:2_Rabbits","floor":10.0,"turns":4.0},{"damage":10.0,"enemies":"Gensokyo:LivingMonolith","floor":11.0,"turns":5.0},{"damage":0.0,"enemies":"Gensokyo:VengefulSpirit","floor":13.0,"turns":3.0},{"damage":5.0,"enemies":"Gensokyo:2_Rabbits","floor":14.0,"turns":4.0},{"damage":0.0,"enemies":"Gensokyo:Yukari","floor":16.0,"turns":11.0},{"damage":34.0,"enemies":"Gensokyo:CosmicMonolith","floor":18.0,"turns":7.0},{"damage":0.0,"enemies":"Gensokyo:2_Gloops","floor":19.0,"turns":3.0},{"damage":6.0,"enemies":"Gensokyo:Slime_Group","floor":20.0,"turns":5.0},{"damage":0.0,"enemies":"Gensokyo:3_Gloops","floor":22.0,"turns":6.0},{"damage":13.0,"enemies":"Gensokyo:Tenshi","floor":23.0,"turns":3.0},{"damage":23.0,"enemies":"Gensokyo:Chomper_and_Gloop","floor":27.0,"turns":5.0},{"damage":33.0,"enemies":"Gensokyo:Koishi","floor":28.0,"turns":6.0},{"damage":20.0,"enemies":"Gensokyo:Mirror_and_Dog","floor":29.0,"turns":6.0},{"damage":0.0,"enemies":"Gensokyo:Kaguya","floor":33.0,"turns":9.0},{"damage":0.0,"enemies":"Gensokyo:AncientGuardian","floor":36.0,"turns":13.0},{"damage":0.0,"enemies":"Gensokyo:3_Bats","floor":39.0,"turns":6.0},{"damage":0.0,"enemies":"Gensokyo:Sharpion","floor":40.0,"turns":7.0},{"damage":19,"enemies":"Gensokyo:AtlasGolem","floor":41,"turns":7},{"damage":0,"enemies":"Gensokyo:SeedOfUnknown","floor":44,"turns":7},{"damage":0,"enemies":"Gensokyo:Kasen","floor":47,"turns":7},{"damage":0,"enemies":"Gensokyo:Dusk_and_Dawn","floor":48,"turns":8},{"damage":0,"enemies":"Gensokyo:Shinki","floor":50,"turns":19}],"seed_played":"2436843346359442247","potions_obtained":[{"floor":1.0,"key":"SkillPotion"},{"floor":2.0,"key":"SkillPotion"},{"floor":8.0,"key":"SkillPotion"},{"floor":10.0,"key":"LiquidBronze"},{"floor":11.0,"key":"Strength Potion"},{"floor":13.0,"key":"ColorlessPotion"},{"floor":19.0,"key":"SmokeBomb"},{"floor":29.0,"key":"ZuzhouPotion:ReiMu"},{"floor":39.0,"key":"LiquidMemories"},{"floor":44,"key":"SneckoOil"}],"is_trial":false,"path_per_floor":["M","M","$","COS","M","E","R","E","T","M","M","$","M","M","R","B",null,"M","M","M","COS","M","E","?","R","T","M","E","M","R","T","R","B",null,"M","M","?","?","M","M","M","COS","T","M","?","T","E","M","R","B",null],"character_chosen":"KOISHI","items_purchased":["Koishi:Prune","Koishi:Untouchable"],"campfire_rested":2,"item_purchase_floors":[3,12],"current_hp_per_floor":[55,54,54,54,55,40,40,39,39,37,31,31,33,42,42,46,60,40,42,38,38,42,31,31,49,49,50,38,34,57,57,57,63,77,27,50,50,50,77,77,62,62,62,77,77,77,77,77,77,77],"gold":161,"neow_bonus":"","is_daily":false,"chose_seed":false,"campfire_upgraded":4,"win_rate":0.0,"timestamp":1609522546,"path_taken":["M","M","?","COS","M","E","R","E","T","M","M","?","M","M","R","BOSS","M","?","M","COS","M","E","?","R","T","?","E","M","R","?","R","BOSS","M","M","?","?","M","?","M","COS","T","M","?","?","E","M","R","BOSS"],"items_purchased_type":["Card","Card"],"build_version":"2020-12-22","purchased_purges":0,"victory":true,"max_hp_per_floor":[60,60,60,60,60,60,60,60,60,60,60,60,60,60,60,60,60,60,60,60,60,60,60,60,60,60,70,77,77,77,77,77,77,77,77,77,77,77,77,77,77,77,77,77,77,77,77,77,77,77],"card_choices":[{"not_picked":["Bloodbath","Murderer"],"picked":"UniverseFragment","floor":1.0},{"not_picked":["Koishi:Catatonia","Koishi:ParalyzingFear"],"picked":"Koishi:GhostParty","floor":1.0},{"not_picked":["OldLady","Wellcheers","LaLuna"],"picked":"Singing Bowl","floor":2.0},{"not_picked":["Koishi:BloodcurdlingScream","Koishi:JumpScare"],"picked":"Koishi:UnconsciousUprising","floor":2.0},{"not_picked":["WhitesApple","DreamingCurrent","NothingThere"],"picked":"Singing Bowl","floor":5.0},{"not_picked":["Koishi:CatchAndRose","Koishi:EmbryosDream"],"picked":"Koishi:Jaunt","floor":5.0},{"not_picked":["BeautyBeast","SingingMachine"],"picked":"Murderer","floor":6.0},{"not_picked":["Koishi:RollingInRichesHeart","Koishi:HeartfeltFancy","Koishi:VengefulSpirit"],"picked":"SKIP","floor":6.0},{"not_picked":["WhitesApple","VoidDream","OSAHOGD"],"picked":"Singing Bowl","floor":8.0},{"not_picked":["Koishi:Prune","Koishi:TremblingHands"],"picked":"Koishi:ReleaseOfTheId","floor":8.0},{"not_picked":["Koishi:Possession","Koishi:GhostParty","Koishi:RacingHeart"],"picked":"SKIP","floor":10.0},{"not_picked":["CherryBlossoms","Scorched","SingingMachine"],"picked":"Singing Bowl","floor":11.0},{"not_picked":["BeautyBeast","Mercenary"],"picked":"MHz","floor":11.0},{"not_picked":["Koishi:GeneticsOfTheUnconscious","Koishi:PhantomBarrier","Koishi:ReflexRadar"],"picked":"SKIP","floor":11.0},{"not_picked":["Wellcheers","WhiteNight","Woodsman"],"picked":"Singing Bowl","floor":13.0},{"not_picked":["Koishi:SprinkleStarAndHeart","Koishi:JumpScare"],"picked":"Koishi:SubconsciousSweep","floor":13.0},{"not_picked":["WallGazer","GreedKing"],"picked":"SpiderBud","floor":14.0},{"not_picked":["Koishi:UnseenTerror","Koishi:BramblyRoseGarden"],"picked":"Koishi:Prune","floor":14.0},{"not_picked":["NakedNest","HeroicMonk"],"picked":"GreedKing","floor":16.0},{"not_picked":["PunishingBird","OldLady","BeautyBeast"],"picked":"Singing Bowl","floor":18.0},{"not_picked":["Koishi:Vanish+1","Koishi:SubterraneanRose"],"picked":"Koishi:GeneticsOfTheUnconscious+1","floor":18.0},{"not_picked":["CrumblingArmor","BigBadWolf","Scorched"],"picked":"Singing Bowl","floor":19.0},{"not_picked":["Koishi:PredatoryInstincts+1","Koishi:SubconsciousSweep+1","Koishi:HeartAttack"],"picked":"SKIP","floor":19.0},{"not_picked":["MeltingLove","OldLady","Porccubus"],"picked":"Singing Bowl","floor":20.0},{"not_picked":["Koishi:SubconsciousSweep","Koishi:PerfectMindControl"],"picked":"Koishi:SpiritedAway","floor":20.0},{"not_picked":["GalaxyChild","HeroicMonk","BodiesMountain"],"picked":"Singing Bowl","floor":22.0},{"not_picked":["Koishi:ReflexRadar","Koishi:UnconsciousUprising"],"picked":"Koishi:GeneticsOfTheUnconscious","floor":22.0},{"not_picked":["Wellcheers","OldLady","WallGazer"],"picked":"Singing Bowl","floor":23.0},{"not_picked":["Koishi:IdleWhim","Koishi:RacingHeart+1"],"picked":"Koishi:SubterraneanRose+1","floor":23.0},{"not_picked":["Koishi:PhantomBarrier","Koishi:Possession+1"],"picked":"Koishi:ReflexRadar+1","floor":27.0},{"not_picked":["HappyTeddy","Mercenary","SilentOrchestra"],"picked":"Singing Bowl","floor":27.0},{"not_picked":["QueenBee","DespairKnight","Funeral"],"picked":"Singing Bowl","floor":28.0},{"not_picked":["Koishi:SubterraneanRose","Koishi:Prune+1","Koishi:UnansweredLove"],"picked":"SKIP","floor":28.0},{"not_picked":["MeatLantern","VoidDream","BigBadWolf"],"picked":"Singing Bowl","floor":29.0},{"not_picked":["Koishi:PhantomStrike","Koishi:JumpScare","Koishi:RacingHeart"],"picked":"SKIP","floor":29.0},{"not_picked":["BodiesMountain","Woodsman"],"picked":"Rudolta","floor":33.0},{"not_picked":["Koishi:SilentAndRestless","Koishi:MindStellarRelief"],"picked":"Koishi:ImGoingToCallYouNow","floor":33.0},{"not_picked":["BigBird","WhitesApple","Funeral"],"picked":"Singing Bowl","floor":36.0},{"not_picked":["Koishi:Jaunt","Koishi:BramblyRoseGarden"],"picked":"Koishi:JumpScare+1","floor":36.0},{"not_picked":["VoidDream","LittlePrince","WhitesApple"],"picked":"Singing Bowl","floor":39.0},{"not_picked":["Koishi:GhostParty","Koishi:Catatonia"],"picked":"Koishi:SpiritedAway","floor":39.0},{"not_picked":["Scarecrow","NakedNest","LittlePrince"],"picked":"Singing Bowl","floor":40.0},{"not_picked":["Koishi:UnansweredLove+1","Koishi:EmbryosDream","Koishi:Bloodlust"],"picked":"SKIP","floor":40.0},{"not_picked":["CrumblingArmor","BlackSwan"],"picked":"QueenOfHatred","floor":41},{"not_picked":["Koishi:UnseenTerror","Koishi:UnansweredLove"],"picked":"Koishi:EmbersOfLove+1","floor":41},{"not_picked":["Funeral","Woodsman","LittleHelper"],"picked":"Singing Bowl","floor":44},{"not_picked":["Koishi:SubterraneanRose+1","Koishi:StrangeCloudFist"],"picked":"Koishi:UnconsciousUprising+1","floor":44},{"not_picked":["GalaxyChild","SnowQueen","CENSORED"],"picked":"Singing Bowl","floor":47},{"not_picked":["Koishi:PredatoryInstincts+1","Koishi:Jaunt+1","Koishi:ParalyzingFear"],"picked":"SKIP","floor":47},{"not_picked":["Wellcheers","Laetitia","Woodsman"],"picked":"Singing Bowl","floor":48},{"not_picked":["BodiesMountain","Mercenary"],"picked":"BigBird","floor":48},{"not_picked":["Koishi:GrowingPain","Koishi:DreadfulBlow"],"picked":"Koishi:ReflexRadar","floor":48}],"player_experience":137416,"relics_obtained":[{"floor":1.0,"key":"LetterFromLob"},{"floor":6.0,"key":"Ginger"},{"floor":8.0,"key":"Bird Faced Urn"},{"floor":9.0,"key":"Koishi:ImperfectMetamorphosis"},{"floor":23.0,"key":"Koishi:LettersToReimu"},{"floor":23.0,"key":"Whetstone"},{"floor":26.0,"key":"Smiling Mask"},{"floor":27.0,"key":"AtMidnight"},{"floor":28.0,"key":"Orichalcum"},{"floor":28.0,"key":"Strawberry"},{"floor":31.0,"key":"Ancient Tea Set"},{"floor":43,"key":"Toy Ornithopter"},{"floor":46,"key":"Centennial Puzzle"},{"floor":47,"key":"Bottled Lightning"},{"floor":47,"key":"War Paint"}],"event_choices":[],"is_beta":false,"boss_relics":[{"not_picked":["Ectoplasm","Cursed Key"],"picked":"Black Star"},{"not_picked":["SacredBark","RedLine:ReiMu"],"picked":"Astrolabe"}],"items_purged_floors":[],"is_endless":false,"potions_floor_spawned":[1,2,8,10,11,13,19,29,39,44,48],"ascension_level":0}}