{"host":"y76clbnovzmw9ubx","time":1609531049,"event":{"mods":["AchievementEnabler","BaseMod","Minty Spire (QoL Compilation)","Permanent Neow","Relic Stats"],"gold_per_floor":[116,126,140,140,154,185,56,86,162,179,179,210,78,105,105,183,183,202,222,240,255,266,295,295,295,295],"floor_reached":25,"playtime":1657,"items_purged":["Strike_G"],"score":510,"play_id":"ad3d89de-1a6b-4ca4-ae08-d9ab1ed47887","local_time":"20210101145729","is_ascension_mode":true,"campfire_choices":[{"data":"Caltrops","floor":15.0,"key":"SMITH"},{"floor":24,"key":"REST"}],"circlet_count":0,"master_deck":["AscendersBane","Strike_G","Strike_G","Strike_G","Defend_G","Defend_G","Defend_G","Defend_G","Survivor","Neutralize","After Image","Dash","Poisoned Stab","Cloak And Dagger","Flechettes","Caltrops+1","Blur","Deflect","Dagger Spray","Leg Sweep","Dodge and Roll","Well Laid Plans","Deadly Poison","Venomology","Malaise","Cloak And Dagger+1","Leg Sweep","Catalyst","Finisher","Backflip","Cloak And Dagger"],"relics":["Ring of the Snake","Mummified Hand","Lizard Tail","Pantograph","PreservedInsect","Ornamental Fan","SacredBark","Molten Egg 2"],"acts_visited":["Exordium","TheCity"],"potions_floor_usage":[19,19,19,20,21,21,22,23,25],"damage_taken":[{"damage":0.0,"enemies":"2 Louse","floor":1.0,"turns":3.0},{"damage":0.0,"enemies":"Jaw Worm","floor":2.0,"turns":4.0},{"damage":0.0,"enemies":"Cultist","floor":3.0,"turns":4.0},{"damage":8.0,"enemies":"Blue Slaver","floor":5.0,"turns":6.0},{"damage":12.0,"enemies":"Lagavulin","floor":6.0,"turns":9.0},{"damage":32.0,"enemies":"3 Sentries","floor":8.0,"turns":18.0},{"damage":0.0,"enemies":"Gremlin Gang","floor":10.0,"turns":4.0},{"damage":23.0,"enemies":"Lagavulin","floor":12.0,"turns":10.0},{"damage":4.0,"enemies":"3 Sentries","floor":14.0,"turns":7.0},{"damage":18.0,"enemies":"The Guardian","floor":16.0,"turns":11.0},{"damage":17,"enemies":"3 Byrds","floor":18,"turns":6},{"damage":0,"enemies":"2 Thieves","floor":19,"turns":5},{"damage":6,"enemies":"Cultist and Chosen","floor":20,"turns":7},{"damage":15,"enemies":"Sentry and Sphere","floor":21,"turns":7},{"damage":0,"enemies":"Snecko","floor":22,"turns":6},{"damage":18,"enemies":"Slavers","floor":23,"turns":5},{"damage":21,"enemies":"Book of Stabbing","floor":25,"turns":3}],"seed_played":"-8606013146484696026","potions_obtained":[{"floor":1.0,"key":"LiquidMemories"},{"floor":2.0,"key":"SteroidPotion"},{"floor":10.0,"key":"Ancient Potion"},{"floor":14.0,"key":"Energy Potion"},{"floor":20,"key":"Fire Potion"},{"floor":21,"key":"LiquidMemories"}],"is_trial":false,"path_per_floor":["M","M","M","?","M","E","$","E","T","M","?","E","$","E","R","B",null,"M","M","M","M","M","E","R","E"],"character_chosen":"THE_SILENT","items_purchased":["Deflect","Well Laid Plans","Deadly Poison"],"campfire_rested":1,"item_purchase_floors":[7,13,13],"current_hp_per_floor":[44,44,44,66,58,46,46,14,14,14,14,26,26,22,22,29,57,40,40,34,19,19,1,20,0,0],"gold":295,"neow_bonus":"TRANSFORM_TWO_CARDS","is_daily":false,"chose_seed":false,"campfire_upgraded":1,"win_rate":0.0,"timestamp":1609531049,"path_taken":["M","M","M","?","M","E","$","E","T","M","?","E","$","E","R","BOSS","M","M","M","M","?","E","R","E"],"items_purchased_type":["Card","Card","Card"],"build_version":"2020-12-22","purchased_purges":1,"victory":false,"max_hp_per_floor":[66,66,66,66,66,66,66,66,66,66,66,66,66,66,66,66,66,66,66,66,66,66,66,66,66,66],"relic_stats":{"Lizard Tail":33,"counters":[17,115],"Mummified Hand":[39],"Ornamental Fan":[56],"Pantograph":25,"PreservedInsect":116,"obtain_stats":[{"Lizard Tail":8,"Mummified Hand":6,"Ornamental Fan":14,"Pantograph":9,"SacredBark":17,"Molten Egg 2":23,"PreservedInsect":12,"Ring of the Snake":0},{"Lizard Tail":6,"Mummified Hand":5,"Ornamental Fan":9,"Pantograph":6,"SacredBark":10,"Molten Egg 2":16,"PreservedInsect":8,"Ring of the Snake":0},{"Lizard Tail":44,"Mummified Hand":26,"Ornamental Fan":65,"Pantograph":44,"SacredBark":76,"Molten Egg 2":112,"PreservedInsect":58,"Ring of the Snake":0}],"Ring of the Snake":[34]},"card_choices":[{"not_picked":["Skewer","Choke"],"picked":"Poisoned Stab","floor":1.0},{"not_picked":["Sucker Punch","Outmaneuver"],"picked":"Cloak And Dagger","floor":2.0},{"not_picked":["Bouncing Flask","Backflip"],"picked":"Flechettes","floor":3.0},{"not_picked":["Underhanded Strike","Acrobatics"],"picked":"Caltrops","floor":5.0},{"not_picked":["Escape Plan","Backflip"],"picked":"Blur","floor":6.0},{"not_picked":["Deflect","Outmaneuver"],"picked":"Dagger Spray","floor":8.0},{"not_picked":["Sucker Punch","Acrobatics"],"picked":"Leg Sweep","floor":10.0},{"not_picked":["Dagger Spray","Deflect"],"picked":"Dodge and Roll","floor":12.0},{"not_picked":["Endless Agony","Heel Hook"],"picked":"Venomology","floor":14.0},{"not_picked":["Doppelganger","Venomology"],"picked":"Malaise","floor":16.0},{"not_picked":["Accuracy","Outmaneuver"],"picked":"Cloak And Dagger+1","floor":18},{"not_picked":["Dagger Throw","Riddle With Holes"],"picked":"Leg Sweep","floor":19},{"not_picked":["Quick Slash","Reflex"],"picked":"Catalyst","floor":20},{"not_picked":["Eviscerate","Well Laid Plans"],"picked":"Finisher","floor":21},{"not_picked":["Deflect","Poisoned Stab"],"picked":"Backflip","floor":22},{"not_picked":["Quick Slash+1","Riddle With Holes+1"],"picked":"Cloak And Dagger","floor":23}],"player_experience":3027594,"relics_obtained":[{"floor":6.0,"key":"Mummified Hand"},{"floor":8.0,"key":"Lizard Tail"},{"floor":9.0,"key":"Pantograph"},{"floor":12.0,"key":"PreservedInsect"},{"floor":14.0,"key":"Ornamental Fan"},{"floor":23,"key":"Molten Egg 2"}],"event_choices":[{"damage_healed":22.0,"max_hp_gain":0.0,"max_hp_loss":0.0,"gold_gain":0.0,"event_name":"Big Fish","player_choice":"Banana","floor":4.0,"gold_loss":0.0,"damage_taken":0.0},{"damage_healed":0.0,"max_hp_gain":0.0,"max_hp_loss":0.0,"gold_gain":0.0,"event_name":"FaceTrader","player_choice":"Leave","floor":11.0,"gold_loss":0.0,"damage_taken":0.0}],"is_beta":false,"boss_relics":[{"not_picked":["Black Star","Busted Crown"],"picked":"SacredBark"}],"items_purged_floors":[7],"is_endless":false,"potions_floor_spawned":[1,2,10,14,20,21],"killed_by":"Book of Stabbing","ascension_level":20}}