{"host":"u9xtr94typ21duox","time":1609489510,"event":{"mods":["BaseMod","Key Reminder","KinomotoSakuraMod(木之本樱)","LagranYue(拉格朗・月)","Marisa（F雨　魔理沙）","Minty Spire (QoL Compilation)","Reimu（博丽灵梦）","Remilia（蕾米莉亚）","Replay The Spire","StSLib","Td1madao Mod","The Administrix","The Bladedancer","The Bug Knight","The Construct","The Cursed","The Gatherer","The Runesmith","The Servant 0.9.4","WarShipGirlsR/战舰少女R mod","Youmu（魂魄妖梦）","vexMod"],"gold_per_floor":[111,124,124,49,69,94,114,129,129,129,29,58,58,75,75,178,178,196,196,196,212,87,120,50,79,79,79,79],"floor_reached":27,"playtime":1111,"items_purged":["rmod:strick","rmod:strick","rmod:strick"],"score":352,"play_id":"880bcc48-2bd2-44b6-8f9d-118d2fe8930b","local_time":"20210101162510","is_ascension_mode":true,"campfire_choices":[{"data":"rmod:fletcher","floor":10,"key":"SMITH"},{"floor":13,"key":"REST"},{"floor":15,"key":"RECALL"}],"circlet_count":0,"master_deck":["rmod:strick","rmod:defend","rmod:defend","rmod:defend","rmod:defend","rmod:basicallowance","rmod:maingunfire","rmod:abidefaith+1","rmod:fletcherpendant+1","rmod:chargemoney+1","rmod:salvage+1","rmod:fletcherpendant","rmod:guardianhero+1","rmod:fletcherpendant+1","rmod:fletcher+1","rmod:fletcherpendant","rmod:highspeedmaneuver+1","rmod:unsinkable+1","rmod:aviationdawn","rmod:seals","rmod:goodsister"],"relics":["rmod:firstchargereward","LagranYue:RandomDrawCardRelic","Kunai","construct:FoamFinger","rmod:equipmentrecovery","Replay:Grab Bag","Sozu","LagranYue:SoulBurningRelic","vexMod:ImprovementManual","SacredBark","Replay:WaspNest","MealTicket"],"acts_visited":["Exordium","TheCity"],"potions_floor_usage":[6,8],"damage_taken":[{"damage":0,"enemies":"Jaw Worm","floor":1,"turns":4},{"damage":0,"enemies":"Cultist","floor":2,"turns":4},{"damage":2,"enemies":"Small Slimes","floor":5,"turns":4},{"damage":27,"enemies":"3 Sentries","floor":6,"turns":7},{"damage":7,"enemies":"Exordium Wildlife","floor":7,"turns":3},{"damage":0,"enemies":"Exordium Thugs","floor":8,"turns":4},{"damage":0,"enemies":"Lagavulin","floor":12,"turns":7},{"damage":0,"enemies":"3 Louse","floor":14,"turns":2},{"damage":11,"enemies":"Slime Boss","floor":16,"turns":7},{"damage":6,"enemies":"2 Thieves","floor":18,"turns":5},{"damage":0,"enemies":"3 Byrds","floor":21,"turns":2},{"damage":0,"enemies":"HollowMod:Nosk","floor":23,"turns":7},{"damage":13,"enemies":"Book of Stabbing","floor":25,"turns":5},{"damage":15,"enemies":"Snake Plant","floor":27,"turns":4}],"seed_played":"-8945223795572808475","potions_obtained":[{"floor":5,"key":"SteroidPotion"},{"floor":6,"key":"FearPotion"},{"floor":8,"key":"Block Potion"},{"floor":12,"key":"FairyPotion"},{"floor":14,"key":"EntropicBrew"}],"is_trial":false,"path_per_floor":["M","M","?","$","M","E","M","M","T","R","$","E","R","M","R","B",null,"M","?","?","M","$","E","$","E","T","M"],"character_chosen":"PRAEFECT","items_purchased":["rmod:goodsister"],"campfire_rested":1,"item_purchase_floors":[24],"current_hp_per_floor":[54,54,54,54,52,25,18,18,18,18,18,18,40,40,40,29,75,69,69,69,69,69,69,69,56,56,41,41],"gold":79,"neow_bonus":"THREE_RARE_CARDS","is_daily":false,"chose_seed":false,"campfire_upgraded":1,"win_rate":0.0,"timestamp":1609489510,"path_taken":["M","M","?","$","M","E","M","M","T","R","?","E","R","M","R","BOSS","M","?","?","M","$","E","$","E","T","?"],"items_purchased_type":["Card"],"build_version":"2020-12-22","purchased_purges":3,"victory":false,"max_hp_per_floor":[75,75,75,75,75,75,75,75,75,75,75,75,75,75,75,75,75,75,75,75,75,75,75,75,75,75,75,75],"card_choices":[{"not_picked":["rmod:fletcher","rmod:highspeedmaneuver"],"picked":"rmod:abidefaith","floor":0},{"not_picked":["rmod:intelligenceanalysis","rmod:luckystar"],"picked":"rmod:fletcherpendant","floor":1},{"not_picked":["rmod:salvage","rmod:openingtorpedo"],"picked":"rmod:chargemoney","floor":2},{"not_picked":["rmod:diamondstrike","rmod:tearstotiara"],"picked":"rmod:salvage","floor":5},{"not_picked":["rmod:victimresponsibility","rmod:diamondstrike"],"picked":"rmod:guardianhero","floor":6},{"not_picked":["rmod:timeschanged","rmod:firesupport","rmod:ammunitionsupply"],"picked":"SKIP","floor":7},{"not_picked":["rmod:steelsupply","rmod:advancebysurprise","rmod:punchline"],"picked":"SKIP","floor":8},{"not_picked":["rmod:intelligenceanalysis","rmod:aluminumsupply","rmod:selfconfidence"],"picked":"SKIP","floor":12},{"not_picked":["rmod:bulid","rmod:luckystar","rmod:sl"],"picked":"SKIP","floor":14},{"not_picked":["rmod:desperatesituation","rmod:windflower"],"picked":"rmod:highspeedmaneuver","floor":16},{"not_picked":["rmod:fuelsupply+1","rmod:luckystar+1"],"picked":"rmod:unsinkable+1","floor":18},{"not_picked":["rmod:expedition","rmod:luckystar+1","rmod:diamondstrike+1"],"picked":"SKIP","floor":21},{"not_picked":["rmod:firesupport","rmod:expeditionaryescort"],"picked":"rmod:seals","floor":23},{"not_picked":["rmod:expedition+1","rmod:unsinkable","rmod:tearstotiara+1"],"picked":"SKIP","floor":25}],"player_experience":266827,"relics_obtained":[{"floor":6,"key":"Kunai"},{"floor":9,"key":"construct:FoamFinger"},{"floor":12,"key":"rmod:equipmentrecovery"},{"floor":23,"key":"Replay:WaspNest"},{"floor":25,"key":"MealTicket"}],"event_choices":[{"damage_healed":0,"gold_gain":0,"player_choice":"Upgraded","damage_taken":0,"max_hp_gain":0,"max_hp_loss":0,"event_name":"Upgrade Shrine","floor":3,"gold_loss":0,"cards_upgraded":["rmod:abidefaith"]},{"damage_healed":0,"gold_gain":0,"player_choice":"1 cards matched","damage_taken":0,"max_hp_gain":0,"max_hp_loss":0,"event_name":"Match and Keep!","floor":20,"gold_loss":0,"cards_obtained":["rmod:aviationdawn"]}],"is_beta":false,"boss_relics":[{"not_picked":["Astrolabe","Empty Cage"],"picked":"Replay:Grab Bag"},{"not_picked":["vexMod:RockOfEvil","LagranYue:ContractPerformanceRelic"],"picked":"Sozu"},{"not_picked":["Philosopher\u0027s Stone","Fusion Hammer"],"picked":"LagranYue:SoulBurningRelic"},{"not_picked":["Kintsugi","Calling Bell"],"picked":"vexMod:ImprovementManual"},{"not_picked":["Honey Jar","Snecko Eye"],"picked":"SacredBark"}],"items_purged_floors":[4,11,22],"is_endless":false,"potions_floor_spawned":[5,6,8,12,14,18,21],"killed_by":"Snake Plant","ascension_level":1}}