{"host":"54vghy6hfkyy1r39","time":1609499969,"event":{"mods":["AchievementEnabler","BaseMod","Minty Spire (QoL Compilation)","StSLib","SuperFastMode","everything is the same but u backflip on backflip"],"gold_per_floor":[110,110,124,124,299,299,310,310,310,310,325,335,260,274,274,274,274],"floor_reached":16,"playtime":422,"items_purged":["Doubt"],"score":92,"play_id":"9e13632b-e8b4-4b17-a02a-887f6896b07e","local_time":"20210101201929","is_ascension_mode":false,"campfire_choices":[{"floor":6,"key":"REST"},{"data":"Neutralize","floor":8,"key":"SMITH"},{"data":"Well Laid Plans","floor":10,"key":"SMITH"},{"floor":15,"key":"REST"}],"circlet_count":0,"master_deck":["Strike_G+1","Strike_G+1","Strike_G","Defend_G","Defend_G","Defend_G","Defend_G","Defend_G","Survivor","Neutralize+1","Backflip","Well Laid Plans+1","Skewer","Footwork"],"relics":["Ring of the Snake","Ancient Tea Set","Art of War"],"acts_visited":["Exordium"],"potions_floor_usage":[16],"damage_taken":[{"damage":4,"enemies":"Jaw Worm","floor":1,"turns":9},{"damage":0,"enemies":"2 Louse","floor":3,"turns":2},{"damage":2,"enemies":"Small Slimes","floor":7,"turns":4},{"damage":0,"enemies":"3 Louse","floor":11,"turns":6},{"damage":30,"enemies":"Exordium Thugs","floor":12,"turns":9},{"damage":13,"enemies":"Lots of Slimes","floor":14,"turns":4},{"damage":26,"enemies":"Slime Boss","floor":16,"turns":6}],"seed_played":"5804833508365523810","potions_obtained":[{"floor":11,"key":"GamblersBrew"},{"floor":14,"key":"ColorlessPotion"}],"is_trial":false,"path_per_floor":["M","?","M","?","?","R","M","R","T","R","M","M","$","M","R","B"],"character_chosen":"THE_SILENT","items_purchased":[],"campfire_rested":2,"item_purchase_floors":[],"current_hp_per_floor":[59,46,46,34,34,52,50,50,50,50,50,20,20,7,25,0,0],"gold":274,"neow_bonus":"REMOVE_TWO","is_daily":false,"chose_seed":false,"campfire_upgraded":2,"win_rate":0.0,"timestamp":1609499969,"path_taken":["M","?","M","?","?","R","M","R","T","R","M","?","$","M","R","BOSS"],"items_purchased_type":[],"build_version":"2020-12-22","purchased_purges":1,"victory":false,"max_hp_per_floor":[63,63,63,63,63,63,63,63,63,63,63,63,63,63,63,63,63],"card_choices":[{"not_picked":["Flying Knee","Poisoned Stab"],"picked":"Backflip","floor":1},{"not_picked":["Deflect","Flying Knee","Choke"],"picked":"SKIP","floor":3},{"not_picked":["Concentrate","Cloak And Dagger"],"picked":"Well Laid Plans","floor":7},{"not_picked":["Leg Sweep","Outmaneuver"],"picked":"Skewer","floor":11},{"not_picked":["Crippling Poison","Terror"],"picked":"Footwork","floor":12},{"not_picked":["Bane","Distraction","Bouncing Flask"],"picked":"SKIP","floor":14}],"player_experience":171580,"relics_obtained":[{"floor":9,"key":"Art of War"}],"event_choices":[{"damage_healed":0,"gold_gain":0,"player_choice":"Entered Light","damage_taken":13,"max_hp_gain":0,"max_hp_loss":0,"event_name":"Shining Light","floor":2,"gold_loss":0,"cards_upgraded":["Strike_G","Strike_G"]},{"damage_healed":0,"gold_gain":0,"player_choice":"Success","damage_taken":12,"relics_obtained":["Ancient Tea Set"],"max_hp_gain":0,"max_hp_loss":0,"event_name":"Scrap Ooze","floor":4,"gold_loss":0},{"damage_healed":0,"gold_gain":175,"player_choice":"AGREE","damage_taken":0,"max_hp_gain":0,"max_hp_loss":0,"event_name":"Liars Game","floor":5,"gold_loss":0,"cards_obtained":["Doubt"]}],"is_beta":false,"boss_relics":[],"items_purged_floors":[13],"is_endless":false,"potions_floor_spawned":[11,14],"killed_by":"Slime Boss","ascension_level":0}}