{"host":"eocn4tduyrehyy81","time":1609529903,"event":{"mods":["AchievementEnabler","BaseMod","BetterRewards","Custom Start","Minty Spire (QoL Compilation)","Replay The Spire","StSLib"],"gold_per_floor":[110,6,21,21,21,21,36,48,48,58,4,16,16,46,46,147,147,164,164,176,0,71,71,170,180,180,37,57,74,74,89,89,89,89],"floor_reached":33,"playtime":1947,"items_purged":[],"score":339,"play_id":"1e5c0821-d084-4bd2-b435-27f9947443fa","local_time":"20210101133823","is_ascension_mode":false,"campfire_choices":[{"floor":6,"key":"REST"},{"data":"Scrape","floor":13,"key":"SMITH"},{"floor":15,"key":"REST"},{"floor":23,"key":"REST"},{"floor":32,"key":"REST"}],"circlet_count":0,"master_deck":["Strike_B","Strike_B","Strike_B","Strike_B","Defend_B","Defend_B","Defend_B","Defend_B","Zap+1","Dualcast","Pot Of Greed","ReplayGash","Recycle","Pot Of Greed","Reinforced Body","Ball Lightning","Hologram","Go for the Eyes","Conserve Battery","ReplayGash","Scrape+1","Steam","Gash","FIFO Queue","Core Surge","Sunder","Pot Of Greed","Scrape","Streamline","ReplayGash","Sweeping Beam","Lockon+1","Stack+1"],"relics":["Cracked Core","Grinning Jar","Nunchaku","Letter Opener","Philosopher\u0027s Stone","Nloth\u0027s Gift","Centennial Puzzle","Mercury Hourglass","Girya","Medical Kit"],"acts_visited":["Exordium","TheCity"],"potions_floor_usage":[14,16,28,28,33],"damage_taken":[{"damage":6,"enemies":"Jaw Worm","floor":1,"turns":3},{"damage":0,"enemies":"Small Slimes","floor":3,"turns":2},{"damage":1,"enemies":"Cultist","floor":7,"turns":3},{"damage":5,"enemies":"Exordium Wildlife","floor":8,"turns":4},{"damage":1,"enemies":"3 Louse","floor":10,"turns":3},{"damage":0,"enemies":"Exordium Thugs","floor":12,"turns":3},{"damage":10,"enemies":"The Mushroom Lair","floor":14,"turns":5},{"damage":18,"enemies":"Fading Forest","floor":16,"turns":11},{"damage":10,"enemies":"3 Byrds","floor":18,"turns":3},{"damage":13,"enemies":"Shell Parasite","floor":20,"turns":4},{"damage":16,"enemies":"Shelled Parasite and Fungi","floor":25,"turns":4},{"damage":11,"enemies":"Snecko","floor":28,"turns":3},{"damage":9,"enemies":"3 Cultists","floor":29,"turns":3},{"damage":11,"enemies":"Snake Plant","floor":31,"turns":4},{"damage":62,"enemies":"Champ","floor":33,"turns":7}],"seed_played":"-3526482176565988802","potions_obtained":[{"floor":8,"key":"SneckoOil"},{"floor":14,"key":"CultistPotion"},{"floor":18,"key":"Elixir"},{"floor":25,"key":"ColorlessPotion"},{"floor":31,"key":"Strength Potion"}],"is_trial":false,"path_per_floor":["M","$","M","?","?","R","M","M","T","M","$","M","R","?","R","B",null,"M","?","M","$","T","R","?","M","T","$","M","M","?","M","R","B"],"character_chosen":"DEFECT","items_purchased":["Grinning Jar","ReplayGash","Recycle","Ball Lightning","Hologram","Steam","Centennial Puzzle","Streamline","Medical Kit"],"campfire_rested":4,"item_purchase_floors":[0,0,0,2,2,11,21,21,27],"current_hp_per_floor":[69,69,69,57,57,75,74,69,69,68,68,68,68,58,75,57,75,65,65,52,52,52,74,74,58,58,58,47,38,38,27,49,0,0],"gold":89,"neow_bonus":"","is_daily":false,"chose_seed":false,"campfire_upgraded":1,"win_rate":0.0,"timestamp":1609529903,"path_taken":["M","$","M","?","?","R","?","M","T","M","$","M","R","?","R","BOSS","M","?","M","$","?","R","?","M","T","?","?","M","?","M","R","BOSS"],"items_purchased_type":["Relic","Card","Card","Card","Card","Card","Relic","Card","Relic"],"build_version":"2020-12-22","purchased_purges":0,"victory":false,"max_hp_per_floor":[75,75,75,75,75,75,75,75,75,75,75,75,75,75,75,75,75,75,75,75,75,75,75,75,75,75,75,75,75,75,75,75,75,75],"card_choices":[{"not_picked":["Turbo","Hologram"],"picked":"Reinforced Body","floor":1},{"not_picked":["Beam Cell","Cold Snap"],"picked":"Go for the Eyes","floor":3},{"not_picked":["Hologram","Panic Button"],"picked":"Conserve Battery","floor":7},{"not_picked":["Turbo","Chaos"],"picked":"ReplayGash","floor":8},{"not_picked":["Barrage","Static Discharge"],"picked":"Scrape","floor":10},{"not_picked":["Scrape","Rebound"],"picked":"Gash","floor":12},{"not_picked":["ReplayTheSpireMod:GoodbyeWorld","Echo Form"],"picked":"FIFO Queue","floor":14},{"not_picked":["Echo Form","Hyperbeam"],"picked":"Core Surge","floor":16},{"not_picked":["Coolheaded","Blizzard"],"picked":"Sunder","floor":18},{"not_picked":["Cold Snap","Compile Driver"],"picked":"Scrape","floor":20},{"not_picked":["Streamline","Chill"],"picked":"ReplayGash","floor":25},{"not_picked":["Heatsinks","Cold Snap+1"],"picked":"Sweeping Beam","floor":28},{"not_picked":["Coolheaded","ReplaySolidLightProjector"],"picked":"Lockon+1","floor":29},{"not_picked":["Reprogram","Rebound"],"picked":"Stack+1","floor":31}],"player_experience":59202,"relics_obtained":[{"floor":9,"key":"Letter Opener"},{"floor":14,"key":"Odd Mushroom"},{"floor":22,"key":"Mercury Hourglass"},{"floor":26,"key":"Girya"}],"event_choices":[{"damage_healed":0,"gold_gain":0,"player_choice":"Success","damage_taken":12,"relics_obtained":["Nunchaku"],"max_hp_gain":0,"max_hp_loss":0,"event_name":"Scrap Ooze","floor":4,"gold_loss":0},{"damage_healed":0,"gold_gain":0,"player_choice":"Upgraded","damage_taken":0,"max_hp_gain":0,"max_hp_loss":0,"event_name":"Upgrade Shrine","floor":5,"gold_loss":0,"cards_upgraded":["Zap"]},{"damage_healed":0,"gold_gain":0,"player_choice":"Fought Mushrooms","damage_taken":0,"max_hp_gain":0,"max_hp_loss":0,"event_name":"Mushrooms","floor":14,"gold_loss":0},{"damage_healed":0,"gold_gain":0,"player_choice":"Traded Relic","damage_taken":0,"relics_obtained":["Nloth\u0027s Gift"],"max_hp_gain":0,"max_hp_loss":0,"event_name":"N\u0027loth","floor":19,"relics_lost":["Odd Mushroom"],"gold_loss":0},{"damage_healed":0,"gold_gain":99,"player_choice":"Stole From Cult","damage_taken":0,"max_hp_gain":0,"max_hp_loss":0,"event_name":"Nest","floor":24,"gold_loss":0},{"damage_healed":0,"gold_gain":0,"player_choice":"Ignored","damage_taken":0,"max_hp_gain":0,"max_hp_loss":0,"event_name":"Ghosts","floor":30,"gold_loss":0}],"is_beta":false,"boss_relics":[{"not_picked":["Kintsugi","Ring of Chaos"],"picked":"Philosopher\u0027s Stone"}],"items_purged_floors":[],"is_endless":false,"potions_floor_spawned":[8,14,18,25,31],"killed_by":"Champ","ascension_level":0}}