{"host":"usrgk25etjl0nf5i","time":1609542315,"event":{"mods":["2.2 Compatiblity","BaseMod","Downfall","Hubris","Minty Spire (QoL Compilation)","StSLib","SuperFastMode"],"gold_per_floor":[119,133,145,145,145,179,208,254,290,302,344,382,404,451,463,475,475],"floor_reached":16,"playtime":608,"items_purged":[],"score":208,"play_id":"17ec9787-265b-4c20-9df9-243f4edc98e2","local_time":"20210101150515","is_ascension_mode":true,"campfire_choices":[{"floor":10,"key":"REST"},{"floor":15,"key":"REST"}],"circlet_count":0,"master_deck":["AscendersBane","Strike_R","Strike_R","Strike_R","Strike_R","Strike_R","Defend_R","Defend_R","Defend_R","Defend_R","Bash","Headbutt","Combust","Rupture","Headbutt","Rupture","Reaper","Reaper","Clothesline","Entrench"],"relics":["Burning Blood","hubris:Icosahedron","Lantern","MawBank","hubris:CrystalStatue","Bag of Marbles","Pantograph","Eternal Feather","Anchor"],"acts_visited":["Exordium"],"potions_floor_usage":[6,7,12,14],"damage_taken":[{"damage":1,"enemies":"Cultist","floor":1,"turns":4},{"damage":7,"enemies":"Jaw Worm","floor":2,"turns":3},{"damage":5,"enemies":"2 Louse","floor":3,"turns":3},{"damage":19,"enemies":"3 Sentries","floor":6,"turns":6},{"damage":4,"enemies":"Looter","floor":7,"turns":4},{"damage":49,"enemies":"Lagavulin","floor":8,"turns":9},{"damage":27,"enemies":"3 Sentries","floor":12,"turns":7},{"damage":11,"enemies":"Blue Slaver","floor":13,"turns":3},{"damage":29,"enemies":"Lagavulin","floor":14,"turns":8},{"damage":102,"enemies":"Slime Boss","floor":16,"turns":10}],"seed_played":"-5982712313853427809","potions_obtained":[{"floor":3,"key":"Explosive Potion"},{"floor":6,"key":"Block Potion"},{"floor":8,"key":"EssenceOfSteel"},{"floor":12,"key":"AttackPotion"}],"is_trial":false,"path_per_floor":["M","M","M","?","?","E","M","E","T","R","?","E","M","E","R","B"],"character_chosen":"IRONCLAD","items_purchased":[],"campfire_rested":2,"item_purchase_floors":[],"current_hp_per_floor":[85,84,85,85,73,60,62,19,19,45,45,38,39,16,54,0,0],"gold":475,"neow_bonus":"TEN_PERCENT_HP_BONUS","is_daily":false,"chose_seed":false,"campfire_upgraded":0,"win_rate":0.0,"timestamp":1609542315,"path_taken":["M","M","?","?","?","E","M","E","T","R","?","E","M","E","R","BOSS"],"items_purchased_type":[],"build_version":"2020-12-22","purchased_purges":0,"victory":false,"max_hp_per_floor":[88,88,88,88,88,88,88,88,88,88,88,88,88,88,88,88,88],"card_choices":[{"not_picked":["Clash","hubris:SharpeningStone"],"picked":"Headbutt","floor":1},{"not_picked":["Clothesline","Wild Strike"],"picked":"Combust","floor":2},{"not_picked":["Body Slam","Shrug It Off"],"picked":"Rupture","floor":3},{"not_picked":["Twin Strike","Perfected Strike"],"picked":"Headbutt","floor":6},{"not_picked":["Pummel","Iron Wave"],"picked":"Rupture","floor":7},{"not_picked":["Cleave","Iron Wave"],"picked":"Reaper","floor":8},{"not_picked":["hubris:ReadiedAction","Rage"],"picked":"Reaper","floor":12},{"not_picked":["hubris:ReadiedAction","Uppercut"],"picked":"Clothesline","floor":13},{"not_picked":["hubris:ReadiedAction","Sword Boomerang"],"picked":"Entrench","floor":14}],"player_experience":604552,"relics_obtained":[{"floor":6,"key":"MawBank"},{"floor":8,"key":"hubris:CrystalStatue"},{"floor":9,"key":"Bag of Marbles"},{"floor":12,"key":"Eternal Feather"},{"floor":14,"key":"Anchor"}],"event_choices":[{"damage_healed":0,"gold_gain":0,"player_choice":"Success","damage_taken":12,"relics_obtained":["Lantern"],"max_hp_gain":0,"max_hp_loss":0,"event_name":"Scrap Ooze","floor":5,"gold_loss":0},{"damage_healed":0,"gold_gain":30,"player_choice":"Searched \u00272\u0027 times","damage_taken":0,"relics_obtained":["Pantograph"],"max_hp_gain":0,"max_hp_loss":0,"event_name":"Dead Adventurer","floor":11,"gold_loss":0}],"is_beta":false,"boss_relics":[],"items_purged_floors":[],"is_endless":false,"potions_floor_spawned":[3,6,8,12],"killed_by":"Slime Boss","ascension_level":12}}