{"host":"lkyw40t68mxhwfjf","time":1609530874,"event":{"mods":["2.2 Compatiblity","Act Like it!","Arknights The Spire","BaseMod","Better Note","Hallownest","HololiveMod","Hubris","Koishi","Lobotomy","Marisa¡]Ãú«B¡@Å]²z¨F¡^","Minty Spire (QoL Compilation)","Prisma Mod","Reimu¡]³Õ???¡^","Remilia¡]Á¢¦Ì²ú?¡^","Replay The Spire","RumiaBox-ÅS¦Ì?ªº¯«¯µ²°¤l","StSLib","The Animator","The Servant 0.9.4","WarShipGirlsR/??¤Ö¤kR mod","Youmu¡]»î¾z§¯?¡^","Yuyuko"],"gold_per_floor":[114,114,46,57,74,74,91,91,91,91,91,123,134,160,160,259,259,278,278,295,311,88,115,115,144,144,154,169,169,204,223,223,325,325,339,239,250,261,171,88,88,107,133,168,142,142,157,167,167,167,167,167,18,47,47],"floor_reached":56,"playtime":2776,"items_purged":["ats:Strike V+1","ats:Strike C+1"],"score":1160,"play_id":"95ea5d9e-0295-45d2-b077-2fcf06082837","local_time":"20210102035434","is_ascension_mode":false,"campfire_choices":[{"data":"ats:Emotion Absorption","floor":6,"key":"SMITH"},{"data":"ats:Healing Strengthening","floor":8,"key":"SMITH"},{"floor":11,"key":"REST"},{"floor":15,"key":"RECALL"},{"data":"ats:Composite Medical Shells","floor":24,"key":"SMITH"},{"data":"ats:Revitalization","floor":32,"key":"SMITH"},{"data":"ats:Revitalization","floor":49,"key":"SMITH"},{"data":"ats:Apocalypse","floor":52,"key":"SMITH"}],"circlet_count":0,"master_deck":["ats:Strike G+1","ats:Strike S+1","ats:Armor Crushing Shot","ats:Defend+1","ats:Defend+1","ats:Defend+1","ats:Defend+1","ats:Emotion Absorption+1","ats:Thermite Blade","ats:Shell Defense","ats:Healing Strengthening+1","ats:Charging Defense","ats:Consecutive Shot Auto+1","ats:Support Order","ats:Shell Defense+1","ats:Apocalypse","ats:Volcano","ats:Flexible Camouflage+1","ats:Blood Oath","ats:Flexible Camouflage","ats:Composite Medical Shells+1","ats:Echo Reverb","ats:Revitalization+1","ats:Assault Order","ats:Overload","ats:Apocalypse","ats:Apocalypse","ats:Calcification","ats:Blood Oath+1","ats:Shell Defense","ats:Apocalypse+1","ats:Sword Rain+1","ats:Apocalypse+1","ats:Revitalization+1","ats:Flexible Camouflage+1","ats:Apocalypse","ats:Flexible Camouflage"],"relics":["ats:Sanity","AddBug","SecretRecord","SecretRecord","SecretRecord","SecretRecord","SecretRecord","Baka2","SecretRecord","SecretRecord","SecretRecord"],"acts_visited":["Exordium","TheCity","TheBeyond","TheEnding"],"potions_floor_usage":[7,14,16,25,30,55,55,55],"damage_taken":[{"damage":11,"enemies":"Jaw Worm","floor":1,"turns":3},{"damage":0,"enemies":"2 Louse","floor":4,"turns":2},{"damage":0,"enemies":"Cultist","floor":5,"turns":4},{"damage":21,"enemies":"3 Louse","floor":7,"turns":8},{"damage":35,"enemies":"Gremlin Nob","floor":12,"turns":5},{"damage":0,"enemies":"Large Slime","floor":13,"turns":6},{"damage":2,"enemies":"3 Sentries","floor":14,"turns":5},{"damage":16,"enemies":"Hexaghost","floor":16,"turns":8},{"damage":25,"enemies":"Chosen","floor":18,"turns":6},{"damage":0,"enemies":"2 Thieves","floor":20,"turns":1},{"damage":98,"enemies":"Snecko","floor":21,"turns":9},{"damage":20,"enemies":"Slavers","floor":23,"turns":2},{"damage":70,"enemies":"Book of Stabbing","floor":25,"turns":6},{"damage":16,"enemies":"Snake Plant","floor":27,"turns":3},{"damage":28,"enemies":"Cultist and Chosen","floor":28,"turns":5},{"damage":31,"enemies":"Slavers","floor":30,"turns":3},{"damage":44,"enemies":"Centurion and Healer","floor":31,"turns":3},{"damage":75,"enemies":"Champ","floor":33,"turns":7},{"damage":2,"enemies":"3 Shapes","floor":35,"turns":3},{"damage":12,"enemies":"Orb Walker","floor":37,"turns":3},{"damage":32,"enemies":"4 Shapes","floor":38,"turns":5},{"damage":83,"enemies":"Nemesis","floor":40,"turns":7},{"damage":15,"enemies":"Transient","floor":41,"turns":5},{"damage":25,"enemies":"3 Darklings","floor":42,"turns":3},{"damage":180,"enemies":"Giant Head","floor":44,"turns":10},{"damage":0,"enemies":"Sphere and 2 Shapes","floor":45,"turns":5},{"damage":73,"enemies":"Spire Growth","floor":46,"turns":5},{"damage":41,"enemies":"Jaw Worm Horde","floor":47,"turns":3},{"damage":23,"enemies":"3 Darklings","floor":48,"turns":4},{"damage":15,"enemies":"Replay:Hell Engine","floor":50,"turns":6},{"damage":123,"enemies":"Shield and Spear","floor":54,"turns":6},{"damage":186,"enemies":"The Heart","floor":55,"turns":5}],"seed_played":"-7172956670538834639","potions_obtained":[{"floor":0,"key":"Energy Potion"},{"floor":0,"key":"Ancient Potion"},{"floor":0,"key":"AttackPotion"},{"floor":4,"key":"AttackPotion"},{"floor":13,"key":"Explosive Potion"},{"floor":20,"key":"ColorlessPotion"},{"floor":21,"key":"Dexterity Potion"},{"floor":33,"key":"Explosive Potion"},{"floor":37,"key":"LiquidBronze"},{"floor":40,"key":"Explosive Potion"},{"floor":42,"key":"DistilledChaos"},{"floor":48,"key":"Adrenaline Potion"}],"is_trial":false,"path_per_floor":["M","?","$","M","M","R","M","R","T","?","R","E","M","E","R","B",null,"M","?","M","M","$","E","R","E","T","M","M","?","E","M","R","B",null,"M","$","M","M","?","E","M","M","T","E","M","M","M","M","R","B",null,"R","$","E","B",null],"character_chosen":"DOCTOR_CLASS","items_purchased":["ats:Healing Strengthening","ats:Composite Medical Shells","DollysMirror","ats:Shell Defense","ats:Apocalypse"],"campfire_rested":1,"item_purchase_floors":[3,22,22,36,53],"current_hp_per_floor":[61,61,61,61,64,64,43,43,43,43,73,29,29,42,42,76,113,113,113,113,62,62,50,50,33,33,77,80,80,95,71,71,90,113,113,113,113,98,98,113,112,113,113,98,113,97,97,113,113,113,113,113,113,113,84],"gold":47,"neow_bonus":"THREE_SMALL_POTIONS","is_daily":false,"chose_seed":false,"campfire_upgraded":6,"win_rate":0.0,"timestamp":1609530874,"path_taken":["M","?","$","M","M","R","M","R","T","?","R","E","M","E","R","BOSS","M","?","M","M","$","E","R","E","T","M","?","?","E","M","R","BOSS","M","$","M","M","?","E","M","M","T","E","M","M","M","M","R","BOSS","R","$","E","BOSS"],"items_purchased_type":["Card","Card","Relic","Card","Card"],"build_version":"2020-12-22","purchased_purges":2,"victory":true,"max_hp_per_floor":[72,72,72,102,102,102,102,102,102,102,102,113,113,113,113,113,113,113,113,113,113,113,113,113,113,113,113,113,113,113,113,113,113,113,113,113,113,113,113,113,113,113,113,113,113,113,113,113,113,113,113,113,113,113,84],"card_choices":[{"not_picked":["ats:Hammer On","ats:Neurotoxin"],"picked":"ats:Thermite Blade","floor":1},{"not_picked":["ats:Consecutive Shot Auto","ats:Explosion Area Strengthen"],"picked":"ats:Charging Defense","floor":4},{"not_picked":["ats:Curse Doll","ats:Ignite","ats:Mental Burst"],"picked":"SKIP","floor":5},{"not_picked":["ats:Shadow Assault","ats:Ignite"],"picked":"ats:Consecutive Shot Auto","floor":7},{"not_picked":["ats:Volcano","ats:Mental Burst"],"picked":"ats:Support Order","floor":12},{"not_picked":["ats:Part Time Job","ats:Encircling Forest"],"picked":"ats:Shell Defense","floor":13},{"not_picked":["ats:Hammer On","ats:Consecutive Shot Auto"],"picked":"ats:Apocalypse","floor":14},{"not_picked":["ats:Fractured Body","ats:Wolf Pack"],"picked":"ats:Volcano","floor":16},{"not_picked":["ats:Consecutive Shot Auto+1","ats:Thermite Blade"],"picked":"ats:Flexible Camouflage+1","floor":18},{"not_picked":["ats:Flame Of Heaven","ats:Hammer On"],"picked":"ats:Blood Oath","floor":20},{"not_picked":["ats:Collapsing Strike","ats:Neurotoxin"],"picked":"ats:Flexible Camouflage","floor":21},{"not_picked":["ats:Cat Scratch","ats:Curse Doll"],"picked":"ats:Echo Reverb","floor":23},{"not_picked":["ats:Assault Order","ats:Curse Doll"],"picked":"ats:Revitalization","floor":25},{"not_picked":["ats:Counter Healing Mode","ats:Consecutive Shot Auto"],"picked":"ats:Assault Order","floor":27},{"not_picked":["ats:Composite Medical Shells","ats:Collapsing Strike"],"picked":"ats:Overload","floor":28},{"not_picked":["ats:Cat Scratch+1","ats:Assault Order+1"],"picked":"ats:Apocalypse","floor":30},{"not_picked":["ats:Part Time Job","ats:Consecutive Shot Auto"],"picked":"ats:Apocalypse","floor":31},{"not_picked":["ats:Volcano","ats:Roar Of Ursus"],"picked":"ats:Calcification","floor":33},{"not_picked":["ats:Ignite","ats:Consecutive Shot Auto"],"picked":"ats:Blood Oath+1","floor":35},{"not_picked":["ats:Powerful Strike","ats:Shell Defense"],"picked":"ats:Apocalypse+1","floor":37},{"not_picked":["ats:Assault Order+1","ats:True Silver Slash","ats:Chain Hook+1"],"picked":"SKIP","floor":38},{"not_picked":["ats:Neurotoxin+1","ats:Soul Absorption"],"picked":"ats:Sword Rain+1","floor":40},{"not_picked":["ats:Sword Rain+1","ats:Hammer On"],"picked":"ats:Apocalypse","floor":41},{"not_picked":["ats:Poison Spread","ats:Powerful Strike+1","ats:Steam Pump"],"picked":"SKIP","floor":42},{"not_picked":["ats:Shadow Assault","ats:LN2 Cannon+1","ats:Assault Order+1"],"picked":"SKIP","floor":44},{"not_picked":["ats:Neurotoxin","ats:Demon Strength","ats:Poison Spread+1"],"picked":"SKIP","floor":45},{"not_picked":["ats:Childhood Dance","ats:Magnetic Hammer"],"picked":"ats:Revitalization","floor":46},{"not_picked":["ats:Support Order","ats:Neurotoxin"],"picked":"ats:Flexible Camouflage+1","floor":47},{"not_picked":["ats:Curse Doll+1","ats:Encircling Forest+1","ats:Hammer On+1"],"picked":"SKIP","floor":48},{"not_picked":["ats:Ambush","ats:Ignite"],"picked":"ats:Flexible Camouflage","floor":54}],"player_experience":406977,"relics_obtained":[{"floor":1,"key":"AddBug"},{"floor":1,"key":"Baka"},{"floor":7,"key":"SecretRecord"},{"floor":9,"key":"Ornamental Fan"},{"floor":12,"key":"SecretRecord"},{"floor":12,"key":"ats:Originium"},{"floor":12,"key":"Calipers"},{"floor":13,"key":"ats:Sanity"},{"floor":14,"key":"ats:Originium"},{"floor":14,"key":"hubris:DisguiseKit"},{"floor":21,"key":"SecretRecord"},{"floor":23,"key":"ats:Originium"},{"floor":23,"key":"GodSword7"},{"floor":25,"key":"SecretRecord"},{"floor":25,"key":"ats:Originium"},{"floor":25,"key":"HornCleat"},{"floor":30,"key":"Replay:Baseball"},{"floor":30,"key":"Baka2"},{"floor":30,"key":"ats:Originium"},{"floor":30,"key":"Replay:Bandana"},{"floor":33,"key":"SecretRecord"},{"floor":40,"key":"ats:Originium"},{"floor":40,"key":"hubris:MedicalManual"},{"floor":42,"key":"SecretRecord"},{"floor":43,"key":"Vajra"},{"floor":44,"key":"ats:Originium"},{"floor":44,"key":"Replay:Wax Seal"},{"floor":48,"key":"SecretRecord"},{"floor":54,"key":"ats:Originium"},{"floor":54,"key":"RuthlessExorcism:ReiMu"}],"event_choices":[{"damage_healed":0,"gold_gain":0,"player_choice":"Grow","damage_taken":0,"max_hp_gain":0,"max_hp_loss":0,"event_name":"Living Wall","floor":10,"gold_loss":0,"cards_upgraded":["ats:Consecutive Shot Auto"]},{"cards_removed":["ats:Healing Strengthening"],"damage_healed":0,"gold_gain":0,"player_choice":"Give","damage_taken":0,"max_hp_gain":0,"max_hp_loss":0,"event_name":"betterNote:BetterNote","floor":19,"gold_loss":0,"cards_obtained":["None"]},{"damage_healed":0,"gold_gain":0,"player_choice":"Simplicity","damage_taken":0,"max_hp_gain":0,"max_hp_loss":0,"event_name":"Back to Basics","floor":29,"gold_loss":0,"cards_upgraded":["ats:Strike C","ats:Strike G","ats:Strike S","ats:Strike V","ats:Defend","ats:Defend","ats:Defend","ats:Defend"]},{"cards_removed":["Decay"],"damage_healed":0,"gold_gain":0,"player_choice":"Upgrade and Remove","damage_taken":0,"max_hp_gain":0,"max_hp_loss":0,"event_name":"Designer","floor":39,"gold_loss":90,"cards_upgraded":["ats:Shell Defense"]}],"is_beta":false,"boss_relics":[{"not_picked":["Painkiller Herb","Astrolabe"],"picked":"Calling Bell"},{"not_picked":["ReplayTheSpireMod:DimensionalGlitch","hubris:RunicObelisk"],"picked":"Ring of Chaos"}],"items_purged_floors":[36,53],"is_endless":false,"potions_floor_spawned":[4,5,13,20,21,33,37,40,42,44,48,54],"ascension_level":0}}