{"host":"q79spna8ofw6hj3r","time":1609482789,"event":{"mods":["Aspiration","Bard","BaseMod","Beaked The Cultist","Bestiary","Better Altar","Better Match","Better Note","Better Sensory Stone","Better Skull","Better Third Choice","Better Vampires","BetterRewards","Block Reminder","Challenge The Spire","Colored Map","Colored Powertips","Conspire","Custom Start","Energized Spire","Friendly Minions","Hubris","Infinite Spire","Jedi Mod","Mimic Mod","Minty Spire (QoL Compilation)","Permanent Neow","Quick Restart","Relic Filter","Relic Sorter","Replay The Spire","Shop Mod","StSLib","SuperFastMode","Synergy Search","The Cursed","The Hierophant","The Runesmith","slay the spire mod where everything is the same but ironclad has a cowboy hat","vexMod"],"gold_per_floor":[117,135,60,60,74,103,116,116,116],"floor_reached":8,"playtime":373,"items_purged":["beaked:Strike_Y"],"score":64,"play_id":"39ca8264-7e38-403c-b6f6-7284e6b8a01f","local_time":"20210101083309","is_ascension_mode":true,"campfire_choices":[],"circlet_count":0,"master_deck":["beaked:Strike_Y","beaked:Strike_Y","beaked:Strike_Y","beaked:Strike_Y","beaked:Strike_Y","beaked:Defend_Y","beaked:Defend_Y","beaked:Defend_Y","beaked:Defend_Y","beaked:Ceremony+1","beaked:Ceremony","beaked:Ceremony","Finesse","beaked:MachineSpirit","beaked:RitualOfBody","beaked:MachineSpirit","beaked:BraceForImpact"],"relics":["beaked:MendingPlumage","beaked:ThroatLozenge"],"acts_visited":["Exordium"],"potions_floor_usage":[7],"damage_taken":[{"damage":13,"enemies":"Jaw Worm","floor":1,"turns":6},{"damage":12,"enemies":"2 Louse","floor":2,"turns":6},{"damage":34,"enemies":"Cultist","floor":5,"turns":7},{"damage":70,"enemies":"Lagavulin","floor":6,"turns":13},{"damage":46,"enemies":"Exordium Thugs","floor":7,"turns":8},{"damage":32,"enemies":"Gremlin Nob","floor":8,"turns":4}],"seed_played":"-1509723855299021458","potions_obtained":[{"floor":5,"key":"Toxic Potion"},{"floor":6,"key":"Weak Potion"},{"floor":7,"key":"SteroidPotion"}],"is_trial":false,"path_per_floor":["M","M","$","?","M","E","M","E"],"character_chosen":"BEAKED_THE_CULTIST","items_purchased":[],"campfire_rested":0,"item_purchase_floors":[],"current_hp_per_floor":[50,50,50,50,36,21,6,0,0],"gold":116,"neow_bonus":"RANDOM_COLORLESS","is_daily":false,"chose_seed":false,"campfire_upgraded":0,"win_rate":0.0,"timestamp":1609482789,"path_taken":["M","M","$","?","M","E","M","E"],"items_purchased_type":[],"build_version":"2020-12-22","purchased_purges":1,"victory":false,"max_hp_per_floor":[50,50,50,50,50,50,50,50,50],"card_choices":[{"not_picked":["Mind Blast","ReplayTheSpireMod:Trickstab"],"picked":"Finesse","floor":0},{"not_picked":["beaked:CrazyRituals","beaked:MimicHuntress"],"picked":"beaked:MachineSpirit","floor":1},{"not_picked":["beaked:Foresight","beaked:WarriorEssence"],"picked":"beaked:RitualOfBody","floor":2},{"not_picked":["beaked:CursingBlood","beaked:SurvivalInstinct"],"picked":"beaked:MachineSpirit","floor":5},{"not_picked":["beaked:MimicWarrior","ReplayTheSpireMod:RavenHex","beaked:Flinch"],"picked":"SKIP","floor":6},{"not_picked":["beaked:WarriorEssence","beaked:Evade"],"picked":"beaked:BraceForImpact","floor":7}],"player_experience":253153,"relics_obtained":[{"floor":6,"key":"beaked:ThroatLozenge"}],"event_choices":[{"damage_healed":0,"gold_gain":0,"player_choice":"Grow","damage_taken":0,"max_hp_gain":0,"max_hp_loss":0,"event_name":"Living Wall","floor":4,"gold_loss":0,"cards_upgraded":["beaked:Ceremony"]}],"is_beta":false,"boss_relics":[],"items_purged_floors":[3],"is_endless":false,"potions_floor_spawned":[5,6,7],"killed_by":"Gremlin Nob","ascension_level":2}}