{"host":"873t0y8ybyo38pfq","time":1609536397,"event":{"mods":["BaseMod","Bestiary","Colored Map","Colored Powertips","Highlight Path","Minty Spire (QoL Compilation)","Quick Restart","RNG Fix","Rare Cards Sparkle","Relic Stats","StSLib"],"gold_per_floor":[110,110,35,50,69,69,111,111,136,171,330,354,39,48,48,134,134,154,169,44,65,65,65,87,124,150,150,200,239,261,288,288,288,288],"floor_reached":33,"playtime":1315,"items_purged":["Pain","Doubt","Decay"],"score":676,"play_id":"feb40946-e6cc-40db-90cb-e33a77896f11","local_time":"20210101162637","is_ascension_mode":true,"campfire_choices":[{"floor":6,"key":"REST"},{"data":"Biased Cognition","floor":8,"key":"SMITH"},{"floor":15,"key":"REST"},{"data":"Biased Cognition","floor":23,"key":"SMITH"},{"floor":27,"key":"REST"},{"floor":32,"key":"REST"}],"circlet_count":0,"master_deck":["AscendersBane","Strike_B+1","Strike_B+1","Strike_B+1","Strike_B+1","Defend_B+1","Defend_B+1","Defend_B+1","Defend_B+1","Zap","Dualcast","Rebound","Redo","Cold Snap","Biased Cognition+1","Undo","Coolheaded","Ball Lightning","Biased Cognition+1","Hologram","White Noise","Conserve Battery","Skim","Buffer","Force Field+1"],"relics":["FrozenCore","StoneCalendar","WarpedTongs","CeramicFish","Strawberry","Emotion Chip","ClockworkSouvenir","Blood Vial","PreservedInsect","Tiny Chest","Shovel"],"acts_visited":["Exordium","TheCity"],"potions_floor_usage":[10,10,21,25,25,31,33],"damage_taken":[{"damage":5,"enemies":"2 Louse","floor":1,"turns":2},{"damage":2,"enemies":"Small Slimes","floor":4,"turns":4},{"damage":4,"enemies":"Jaw Worm","floor":5,"turns":2},{"damage":17,"enemies":"Lagavulin","floor":7,"turns":7},{"damage":3,"enemies":"Gremlin Nob","floor":10,"turns":3},{"damage":0,"enemies":"Exordium Wildlife","floor":12,"turns":1},{"damage":16,"enemies":"Hexaghost","floor":16,"turns":7},{"damage":10,"enemies":"3 Byrds","floor":18,"turns":5},{"damage":10,"enemies":"2 Thieves","floor":19,"turns":4},{"damage":0,"enemies":"Cultist and Chosen","floor":21,"turns":7},{"damage":0,"enemies":"Centurion and Healer","floor":24,"turns":7},{"damage":13,"enemies":"Slavers","floor":25,"turns":7},{"damage":25,"enemies":"Book of Stabbing","floor":29,"turns":6},{"damage":7,"enemies":"Snake Plant","floor":30,"turns":5},{"damage":0,"enemies":"Gremlin Leader","floor":31,"turns":7},{"damage":59,"enemies":"Champ","floor":33,"turns":18}],"seed_played":"1616879887041351517","potions_obtained":[{"floor":5,"key":"PowerPotion"},{"floor":7,"key":"Energy Potion"},{"floor":10,"key":"SteroidPotion"},{"floor":12,"key":"Block Potion"},{"floor":19,"key":"CultistPotion"},{"floor":21,"key":"FocusPotion"},{"floor":29,"key":"SpeedPotion"},{"floor":31,"key":"PotionOfCapacity"}],"is_trial":false,"path_per_floor":["M","?","$","M","M","R","E","R","T","E","?","M","$","?","R","B",null,"M","M","$","M","?","R","M","E","T","R","?","E","M","E","R","B"],"character_chosen":"DEFECT","items_purchased":["ClockworkSouvenir","Coolheaded","Ball Lightning"],"campfire_rested":4,"item_purchase_floors":[13,13,13],"current_hp_per_floor":[41,41,41,39,35,56,39,39,46,43,43,43,43,43,66,50,71,61,51,51,51,51,51,51,38,38,61,54,31,26,28,51,0,0],"gold":288,"neow_bonus":"ONE_RARE_RELIC","is_daily":false,"chose_seed":false,"campfire_upgraded":2,"win_rate":0.0,"timestamp":1609536397,"path_taken":["M","?","$","M","?","R","E","R","T","E","?","M","$","?","R","BOSS","M","M","$","M","?","R","M","E","T","R","?","E","M","E","R","BOSS"],"items_purchased_type":["Relic","Card","Card"],"build_version":"2020-12-22","purchased_purges":3,"victory":false,"max_hp_per_floor":[71,71,71,71,71,71,71,71,78,78,78,78,78,78,78,78,78,78,78,78,78,78,78,78,78,78,78,78,78,78,78,78,78,78],"relic_stats":{"Blood Vial":8,"Emotion Chip":[26,10,16,0,0],"Shovel":0,"counters":[16,92],"CeramicFish":117,"StoneCalendar":[207],"Tiny Chest":0,"PreservedInsect":88,"obtain_stats":[{"Blood Vial":25,"Emotion Chip":10,"Shovel":31,"CeramicFish":7,"Strawberry":9,"StoneCalendar":0,"Tiny Chest":29,"PreservedInsect":26,"Cracked Core":0,"WarpedTongs":2,"ClockworkSouvenir":13,"FrozenCore":17},{"Blood Vial":12,"Emotion Chip":5,"Shovel":15,"CeramicFish":4,"Strawberry":4,"StoneCalendar":0,"Tiny Chest":13,"PreservedInsect":12,"Cracked Core":0,"WarpedTongs":1,"ClockworkSouvenir":6,"FrozenCore":7},{"Blood Vial":56,"Emotion Chip":18,"Shovel":74,"CeramicFish":15,"Strawberry":15,"StoneCalendar":0,"Tiny Chest":62,"PreservedInsect":56,"Cracked Core":0,"WarpedTongs":2,"ClockworkSouvenir":19,"FrozenCore":26}],"FrozenCore":[19],"WarpedTongs":[88]},"card_choices":[{"not_picked":["Double Energy","Melter"],"picked":"Rebound","floor":1},{"not_picked":["Go for the Eyes","Barrage"],"picked":"Redo","floor":4},{"not_picked":["Stack","Rip and Tear"],"picked":"Cold Snap","floor":5},{"not_picked":["Ball Lightning","Redo"],"picked":"Biased Cognition","floor":7},{"not_picked":["Static Discharge","Streamline","Sweeping Beam"],"picked":"SKIP","floor":10},{"not_picked":["Gash","Sweeping Beam"],"picked":"Undo","floor":12},{"not_picked":["Buffer","Hyperbeam"],"picked":"Biased Cognition","floor":16},{"not_picked":["Sweeping Beam","Turbo"],"picked":"Hologram","floor":18},{"not_picked":["Beam Cell","Static Discharge","Compile Driver"],"picked":"SKIP","floor":19},{"not_picked":["Barrage","Cold Snap"],"picked":"White Noise","floor":21},{"not_picked":["Barrage+1","Rip and Tear"],"picked":"Conserve Battery","floor":24},{"not_picked":["Storm","Conserve Battery"],"picked":"Skim","floor":25},{"not_picked":["Coolheaded","Ball Lightning"],"picked":"Buffer","floor":29},{"not_picked":["Go for the Eyes","Gash"],"picked":"Force Field+1","floor":30},{"not_picked":["Barrage","Cold Snap","Streamline"],"picked":"SKIP","floor":31}],"player_experience":1468496,"relics_obtained":[{"floor":7,"key":"CeramicFish"},{"floor":9,"key":"Strawberry"},{"floor":10,"key":"Emotion Chip"},{"floor":25,"key":"Blood Vial"},{"floor":26,"key":"PreservedInsect"},{"floor":29,"key":"Tiny Chest"},{"floor":31,"key":"Shovel"}],"event_choices":[{"damage_healed":0,"gold_gain":0,"player_choice":"Rummage","damage_taken":0,"relics_obtained":["WarpedTongs"],"max_hp_gain":0,"max_hp_loss":0,"event_name":"Accursed Blacksmith","floor":2,"gold_loss":0,"cards_obtained":["Pain"]},{"damage_healed":0,"gold_gain":150,"player_choice":"AGREE","damage_taken":0,"max_hp_gain":0,"max_hp_loss":0,"event_name":"Liars Game","floor":11,"gold_loss":0,"cards_obtained":["Doubt"]},{"damage_healed":0,"gold_gain":0,"player_choice":"Cursed","damage_taken":0,"max_hp_gain":0,"max_hp_loss":0,"event_name":"Wheel of Change","floor":14,"gold_loss":0,"cards_obtained":["Decay"]},{"damage_healed":0,"gold_gain":0,"player_choice":"Simplicity","damage_taken":0,"max_hp_gain":0,"max_hp_loss":0,"event_name":"Back to Basics","floor":22,"gold_loss":0,"cards_upgraded":["Strike_B","Strike_B","Strike_B","Strike_B","Defend_B","Defend_B","Defend_B","Defend_B"]},{"damage_healed":0,"gold_gain":50,"player_choice":"Touch","damage_taken":7,"max_hp_gain":0,"max_hp_loss":0,"event_name":"FaceTrader","floor":28,"gold_loss":0}],"is_beta":false,"boss_relics":[{"not_picked":["Black Star","Empty Cage"],"picked":"FrozenCore"}],"items_purged_floors":[3,13,20],"is_endless":false,"potions_floor_spawned":[5,7,10,12,19,21,29,31],"killed_by":"Champ","ascension_level":20}}