{"host":"g3bty4prdobmknyh","time":1609479558,"event":{"mods":["Act Like it!","Aspiration","BaseMod","Hermit","Minty Spire (QoL Compilation)","Pale of the Ancients","Replay The Spire","StSLib","The Blackbeard","The Hierophant","The Jungle"],"gold_per_floor":[114,129,144,144,180,180,210,225,225,57,87,87,117,117,117,217,217,232,232,247,247,247,247,277,277,277,277,292,322,322,337,337,437,437,452,467,427,442,363,363,213,243,243,273,288,288,303,333,333,333,348,363,363,363,363,363,363,163,163,163],"floor_reached":61,"playtime":3709,"items_purged":[],"score":1617,"play_id":"0ff73f48-fed3-4f24-8d3f-113fc54a31b7","local_time":"20210101003918","daily_mods":["Shiny","ControlledChaos","Elite Swarm"],"is_ascension_mode":false,"campfire_choices":[{"floor":6.0,"key":"REST"},{"data":"Amplify","floor":12.0,"key":"SMITH"},{"floor":15.0,"key":"REST"},{"data":"Seek","floor":23,"key":"SMITH"},{"floor":27,"key":"REST"},{"floor":32,"key":"DIG"},{"floor":40,"key":"REST"},{"floor":46,"key":"DIG"},{"floor":49,"key":"REST"},{"floor":55,"key":"DIG"},{"floor":57,"key":"DIG"}],"circlet_count":0,"master_deck":["Hyperbeam","Machine Learning","Buffer+1","Mirror Shield","Seek+1","Echo Form","All For One+1","Reboot","Fission","Core Surge","Multi-Cast","Thunder Strike+1","Biased Cognition","Electrodynamics+1","ReplayRNGCard","ReplayTheSpireMod:Omega Cannon","Rainbow","Amplify+1","Creative AI","ReplayTheSpireMod:Calculation Training+1","BootSequence","Turbo","Apotheosis","Seek+1","Capacitor","Hologram+1","Pain","Aggregate+1","Double Energy+1","Static Discharge+1"],"relics":["Cracked Core","Frozen Eye","Pocketwatch","Prayer Wheel","Pet Ghost","Whetstone","Potion Belt","Replay:WaspNest","Replay:Fungal Core","Gremlin Food","Shovel","Blue Candle","Mercury Hourglass","WarpedTongs","Quantum Egg","SacredBark","ClockworkSouvenir","Pen Nib","aspiration:HatOfInfinitePower","HornCleat","The Courier","Vajra","paleoftheancients:Timepiece","Meat on the Bone","paleoftheancients:SoulOfTheGuardian","Replay:Wax Seal","Nunchaku","Bottled Flame"],"acts_visited":["Exordium","theJungle:Jungle","TheBeyond","TheBeyond"],"potions_floor_usage":[44],"damage_taken":[{"damage":0.0,"enemies":"Cultist","floor":1.0,"turns":2.0},{"damage":5.0,"enemies":"Small Slimes","floor":2.0,"turns":2.0},{"damage":0.0,"enemies":"2 Louse","floor":3.0,"turns":2.0},{"damage":0.0,"enemies":"Lagavulin","floor":7.0,"turns":7.0},{"damage":0.0,"enemies":"Blue Slaver","floor":8.0,"turns":3.0},{"damage":10.0,"enemies":"Gremlin Nob","floor":11.0,"turns":4.0},{"damage":18.0,"enemies":"Replay:BlueRogue","floor":13.0,"turns":4.0},{"damage":0.0,"enemies":"Fading Forest","floor":16.0,"turns":11.0},{"damage":9,"enemies":"theJungle:Flameango_and_Byrd","floor":18,"turns":3},{"damage":13,"enemies":"theJungle:5_Spyders","floor":20,"turns":4},{"damage":3,"enemies":"theJungle:MamaSnecko","floor":24,"turns":3},{"damage":0,"enemies":"theJungle:Snecko_Cultist_And_Trap","floor":28,"turns":4},{"damage":0,"enemies":"theJungle:2_Phrogs","floor":29,"turns":4},{"damage":2,"enemies":"theJungle:Lyon","floor":31,"turns":3},{"damage":5,"enemies":"theJungle:FunGuy","floor":33,"turns":6},{"damage":2,"enemies":"3 Darklings","floor":35,"turns":3},{"damage":39,"enemies":"3 Shapes","floor":36,"turns":3},{"damage":0,"enemies":"Transient","floor":38,"turns":5},{"damage":3,"enemies":"Nemesis","floor":42,"turns":7},{"damage":0,"enemies":"R_Hoarder","floor":44,"turns":3},{"damage":1,"enemies":"Writhing Mass","floor":45,"turns":5},{"damage":3,"enemies":"Spire Growth","floor":47,"turns":3},{"damage":3,"enemies":"Giant Head","floor":48,"turns":6},{"damage":30,"enemies":"Donu and Deca","floor":50,"turns":4},{"damage":54,"enemies":"Donu and Deca","floor":51,"turns":8},{"damage":13,"enemies":"Donu and Deca","floor":52,"turns":6},{"damage":81,"enemies":"Donu and Deca","floor":56,"turns":6},{"damage":51,"enemies":"paleoftheancients:N","floor":60,"turns":5}],"seed_played":"-2495295926900846280","potions_obtained":[{"floor":1.0,"key":"DuplicationPotion"},{"floor":3.0,"key":"Elixir"},{"floor":7.0,"key":"SteroidPotion"},{"floor":16.0,"key":"Doom Potion"},{"floor":18,"key":"SmokeBomb"},{"floor":24,"key":"Death Potion"},{"floor":35,"key":"Adrenaline Potion"},{"floor":36,"key":"FearPotion"},{"floor":51,"key":"BlessingOfTheForge"}],"is_trial":false,"path_per_floor":["M","M","M","?","?","R","E","M","T","$","E","R","E","$","R","B",null,"M","?","M","?","?","R","E","?","T","R","M","E","?","M","R","B",null,"M","M","?","M","$","R","$","E","T","E","M","R","M","E","R","B","M","M","?","$","R","M","R","$","?","B",null],"character_chosen":"DEFECT","items_purchased":["Apotheosis","Static Discharge","ClockworkSouvenir","Bottled Flame"],"campfire_rested":5,"item_purchase_floors":[10,39,41,58],"current_hp_per_floor":[75,70,70,70,40,62,62,62,62,62,52,52,34,34,56,56,75,66,66,53,53,53,53,50,30,30,52,52,52,52,50,50,45,75,73,34,34,34,34,56,56,53,53,53,52,52,49,46,68,75,54,58,66,66,66,75,75,75,75,56],"gold":163,"neow_bonus":"","is_daily":true,"chose_seed":false,"campfire_upgraded":2,"win_rate":0.0,"timestamp":1609479558,"path_taken":["M","M","?","?","?","R","E","M","T","?","E","R","E","$","R","BOSS","M","?","?","?","?","R","E","?","T","R","M","E","?","M","R","BOSS","M","?","?","M","$","R","$","E","T","E","?","R","M","E","R","BOSS","M","M","?","$","R","M","R","$","?","BOSS"],"items_purchased_type":["Card","Card","Relic","Relic"],"build_version":"2020-12-22","purchased_purges":0,"victory":true,"max_hp_per_floor":[75,75,75,75,75,75,75,75,75,75,75,75,75,75,75,75,75,75,75,75,75,75,75,75,75,75,75,75,75,75,75,75,75,75,75,75,75,75,75,75,75,75,75,75,75,75,75,75,75,75,75,75,75,75,75,75,75,75,75,75],"card_choices":[{"not_picked":["Auto Shields","Ball Lightning","Panic Button"],"picked":"SKIP","floor":1.0},{"not_picked":["Rebound","Beam Cell"],"picked":"ReplayTheSpireMod:Calculation Training","floor":2.0},{"not_picked":["Rip and Tear","Beam Cell"],"picked":"BootSequence","floor":3.0},{"not_picked":["Hyperbeam","Buffer","Multi-Cast"],"picked":"SKIP","floor":7.0},{"not_picked":["Biased Cognition","Barrage"],"picked":"Turbo","floor":8.0},{"not_picked":["Go for the Eyes","Leap","Stack"],"picked":"SKIP","floor":8.0},{"not_picked":["Reboot","Core Surge","Thunder Strike"],"picked":"SKIP","floor":11.0},{"not_picked":["Core Surge","ReplayTheSpireMod:Fabricate Wheel"],"picked":"Seek","floor":13.0},{"not_picked":["Cold Snap","Ball Lightning"],"picked":"Capacitor","floor":18},{"not_picked":["Leap","ReplayTheSpireMod:Calculation Training","ReplayGash"],"picked":"SKIP","floor":18},{"not_picked":["Rebound","Turbo"],"picked":"Hologram+1","floor":20},{"not_picked":["Redo","Stack+1","Doom and Gloom"],"picked":"SKIP","floor":20},{"not_picked":["Meteor Strike","Buffer","Mirror Shield"],"picked":"SKIP","floor":24},{"not_picked":["Sweeping Beam+1","BasicCrystalCard","Blizzard"],"picked":"SKIP","floor":28},{"not_picked":["Hologram","Rebound","Auto Shields"],"picked":"SKIP","floor":28},{"not_picked":["Biased Cognition","ReplayTheSpireMod:Fabricate Wheel","Rainbow"],"picked":"SKIP","floor":29},{"not_picked":["Skim","Turbo","Steam"],"picked":"SKIP","floor":31},{"not_picked":["Streamline","BasicCrystalCard","Lockon"],"picked":"SKIP","floor":31},{"not_picked":["Hologram+1","Rebound","ReplayTheSpireMod:Calculation Training+1"],"picked":"SKIP","floor":35},{"not_picked":["Coolheaded+1","Streamline+1","Beam Cell"],"picked":"SKIP","floor":35},{"not_picked":["Conserve Battery+1","Panic Button","Compile Driver"],"picked":"SKIP","floor":36},{"not_picked":["Gash","Steam","Chill+1"],"picked":"SKIP","floor":36},{"not_picked":["Leap","Conserve Battery+1"],"picked":"Aggregate+1","floor":38},{"not_picked":["Gash+1","Go for the Eyes"],"picked":"Double Energy+1","floor":38},{"not_picked":["Meteor Strike","All For One","Creative AI"],"picked":"SKIP","floor":42},{"not_picked":["Electrodynamics","Seek","ReplayTheSpireMod:Fabricate Wheel"],"picked":"SKIP","floor":44},{"not_picked":["Coolheaded","Darkness+1","Melter+1"],"picked":"SKIP","floor":45},{"not_picked":["ReplayTheSpireMod:GoodbyeWorld","Go for the Eyes","Beam Cell+1"],"picked":"SKIP","floor":45},{"not_picked":["Streamline+1","Reprogram+1","Redo"],"picked":"SKIP","floor":47},{"not_picked":["Leap","Machine Learning","Turbo+1"],"picked":"SKIP","floor":47},{"not_picked":["Buffer","Reboot","Amplify"],"picked":"SKIP","floor":48},{"not_picked":["ReplaySort+1","Barrage","Rebound"],"picked":"SKIP","floor":51},{"not_picked":["Static Discharge+1","Compile Driver","Blizzard+1"],"picked":"SKIP","floor":51},{"not_picked":["Steam","Chaos","Conserve Battery+1"],"picked":"SKIP","floor":52},{"not_picked":["Ball Lightning","Go for the Eyes","Beam Cell+1"],"picked":"SKIP","floor":52}],"player_experience":926178,"relics_obtained":[{"floor":5.0,"key":"Pocketwatch"},{"floor":7.0,"key":"Pet Ghost"},{"floor":9.0,"key":"Whetstone"},{"floor":11.0,"key":"Potion Belt"},{"floor":13.0,"key":"Replay:WaspNest"},{"floor":24,"key":"Gremlin Food"},{"floor":26,"key":"Blue Candle"},{"floor":29,"key":"Mercury Hourglass"},{"floor":32,"key":"Quantum Egg"},{"floor":42,"key":"Pen Nib"},{"floor":43,"key":"aspiration:HatOfInfinitePower"},{"floor":44,"key":"HornCleat"},{"floor":46,"key":"The Courier"},{"floor":48,"key":"Vajra"},{"floor":52,"key":"paleoftheancients:SoulOfTheGuardian"},{"floor":55,"key":"Replay:Wax Seal"},{"floor":57,"key":"Nunchaku"}],"event_choices":[{"damage_healed":0.0,"max_hp_gain":0.0,"max_hp_loss":0.0,"gold_gain":0.0,"event_name":"Living Wall","player_choice":"Grow","floor":4.0,"gold_loss":0.0,"damage_taken":0.0,"cards_upgraded":["Buffer"]},{"cards_removed":["Meteor Strike"],"damage_healed":0,"gold_gain":0,"player_choice":"Purged","damage_taken":0,"max_hp_gain":0,"max_hp_loss":0,"event_name":"Purifier","floor":19,"gold_loss":0},{"damage_healed":0,"gold_gain":0,"player_choice":"Rummage","damage_taken":0,"relics_obtained":["WarpedTongs"],"max_hp_gain":0,"max_hp_loss":0,"event_name":"Accursed Blacksmith","floor":30,"gold_loss":0,"cards_obtained":["Pain"]},{"damage_healed":0,"gold_gain":0,"player_choice":"Upgrade","damage_taken":0,"max_hp_gain":0,"max_hp_loss":0,"event_name":"Designer","floor":37,"gold_loss":40,"cards_upgraded":["Electrodynamics"]}],"is_beta":false,"boss_relics":[{"not_picked":["aspiration:PoetsPen_weak","FrozenCore"],"picked":"Replay:Fungal Core"},{"not_picked":["Calling Bell","aspiration:RitualDagger"],"picked":"SacredBark"}],"items_purged_floors":[],"is_endless":false,"potions_floor_spawned":[1,3,7,16,18,24,28,35,36,38,51],"ascension_level":0}}