{"host":"t5h83eruwt5lxl3o","time":1609471987,"event":{"mods":["AchievementEnabler","Act Like it!","BaseMod","CapriCore","Colored Map","DeckTracker","Hermit","Highlight Path","Koishi","Marisa£¨Ùöéë¡¡Øª×âÞÞ£©","Minty Spire (QoL Compilation)","Permanent Neow","Quick Restart","StSLib","SuperFastMode","The Cursed","The Immortal","everything is the same but u backflip on backflip"],"gold_per_floor":[113,113,188,207,54,86,86,112,112,122,137,137,166,178,178,250,250,267,267,17,31,48,48,48],"floor_reached":23,"playtime":1129,"items_purged":["Strike_R","Strike_R"],"score":380,"play_id":"d7b509ee-9895-41b7-b586-be593d7aad61","local_time":"20210101123307","is_ascension_mode":true,"campfire_choices":[{"data":"Evolve","floor":7.0,"key":"SMITH"},{"data":"Rampage","floor":12.0,"key":"SMITH"},{"data":"Shrug It Off","floor":15.0,"key":"SMITH"}],"circlet_count":0,"master_deck":["AscendersBane","Strike_R","Strike_R","Defend_R","Defend_R","Defend_R","Defend_R","Bash","Dramatic Entrance","Cleave","Wild Strike","Headbutt","Evolve+1","Rampage+1","Second Wind","Ghostly Armor","Shrug It Off+1","Demon Form","Warcry+1","Trip","Dropkick","Wild Strike"],"relics":["Burning Blood","Ice Cream","Pen Nib","Bottled Flame","Bird Faced Urn","Philosopher\u0027s Stone"],"acts_visited":["Exordium","TheCity"],"potions_floor_usage":[],"damage_taken":[{"damage":3.0,"enemies":"Small Slimes","floor":1.0,"turns":4.0},{"damage":6.0,"enemies":"2 Louse","floor":4.0,"turns":2.0},{"damage":30.0,"enemies":"Lagavulin","floor":6.0,"turns":6.0},{"damage":8.0,"enemies":"Gremlin Nob","floor":8.0,"turns":3.0},{"damage":1.0,"enemies":"Cultist","floor":10.0,"turns":3.0},{"damage":0.0,"enemies":"Exordium Thugs","floor":11.0,"turns":2.0},{"damage":15.0,"enemies":"Lagavulin","floor":13.0,"turns":3.0},{"damage":0.0,"enemies":"Gremlin Gang","floor":14.0,"turns":2.0},{"damage":40.0,"enemies":"The Guardian","floor":16.0,"turns":10.0},{"damage":17.0,"enemies":"Chosen","floor":18.0,"turns":4.0},{"damage":25,"enemies":"2 Thieves","floor":21,"turns":3},{"damage":15,"enemies":"3 Cultists","floor":22,"turns":5},{"damage":41,"enemies":"Book of Stabbing","floor":23,"turns":2}],"seed_played":"230060022660798081","potions_obtained":[{"floor":4.0,"key":"GamblersBrew"},{"floor":6.0,"key":"Explosive Potion"},{"floor":10.0,"key":"ColorlessPotion"},{"floor":14.0,"key":"Swift Potion"},{"floor":21,"key":"Ancient Potion"}],"is_trial":false,"path_per_floor":["M","?","?","M","$","E","R","E","T","M","M","R","E","M","R","B",null,"M","?","$","M","M","E"],"character_chosen":"IRONCLAD","items_purchased":["Evolve","Trip","Dropkick"],"campfire_rested":0,"item_purchase_floors":[5,20,20],"current_hp_per_floor":[71,71,60,60,60,36,36,34,34,39,45,45,36,42,42,10,59,52,52,52,35,28,0,0],"gold":48,"neow_bonus":"RANDOM_COLORLESS","is_daily":false,"chose_seed":false,"campfire_upgraded":3,"win_rate":0.0,"timestamp":1609471987,"path_taken":["M","?","?","M","$","E","R","E","T","M","M","R","E","M","R","BOSS","M","?","$","M","M","E"],"items_purchased_type":["Card","Card","Card"],"build_version":"2020-12-22","purchased_purges":2,"victory":false,"max_hp_per_floor":[75,75,75,75,75,75,75,75,75,75,75,75,75,75,75,75,75,75,75,75,75,75,75,75],"card_choices":[{"not_picked":["Blind","Trip"],"picked":"Dramatic Entrance","floor":0.0},{"not_picked":["Havoc","Armaments"],"picked":"Cleave","floor":1.0},{"not_picked":["Rupture","Iron Wave"],"picked":"Headbutt","floor":4.0},{"not_picked":["Twin Strike","Headbutt"],"picked":"Rampage","floor":6.0},{"not_picked":["Pummel","Twin Strike","Metallicize"],"picked":"SKIP","floor":8.0},{"not_picked":["Clothesline","Infernal Blade"],"picked":"Second Wind","floor":10.0},{"not_picked":["Perfected Strike","True Grit","Anger"],"picked":"SKIP","floor":11.0},{"not_picked":["Perfected Strike","True Grit","Anger"],"picked":"SKIP","floor":11.0},{"not_picked":["Perfected Strike","Corruption"],"picked":"Ghostly Armor","floor":13.0},{"not_picked":["Blood for Blood","Headbutt"],"picked":"Shrug It Off","floor":14.0},{"not_picked":["Brutality","Barricade"],"picked":"Demon Form","floor":16.0},{"not_picked":["Spot Weakness","Armaments"],"picked":"Warcry","floor":18.0},{"not_picked":["Cleave","Headbutt"],"picked":"Wild Strike","floor":21},{"not_picked":["Inflame","Ghostly Armor","Perfected Strike+1"],"picked":"SKIP","floor":22}],"player_experience":631205,"relics_obtained":[{"floor":6.0,"key":"Ice Cream"},{"floor":8.0,"key":"Pen Nib"},{"floor":9.0,"key":"Bottled Flame"},{"floor":13.0,"key":"Bird Faced Urn"}],"event_choices":[{"damage_healed":0.0,"max_hp_gain":0.0,"max_hp_loss":0.0,"gold_gain":0.0,"cards_transformed":["Strike_R"],"event_name":"Living Wall","player_choice":"Change","floor":2.0,"gold_loss":0.0,"damage_taken":0.0,"cards_obtained":["Wild Strike"]},{"damage_healed":0.0,"max_hp_gain":0.0,"max_hp_loss":0.0,"gold_gain":75.0,"event_name":"World of Goop","player_choice":"Gather Gold","floor":3.0,"gold_loss":0.0,"damage_taken":11.0},{"damage_healed":0,"gold_gain":0,"player_choice":"Forge","damage_taken":0,"max_hp_gain":0,"max_hp_loss":0,"event_name":"Accursed Blacksmith","floor":19,"gold_loss":0,"cards_upgraded":["Warcry"]}],"is_beta":false,"boss_relics":[{"not_picked":["Cursed Key","Ectoplasm"],"picked":"Philosopher\u0027s Stone"}],"items_purged_floors":[5,20],"is_endless":false,"potions_floor_spawned":[4,6,10,14,21],"killed_by":"Book of Stabbing","ascension_level":16}}