{"host":"go40pf3rni4bwp4u","time":1609471843,"event":{"mods":["AchievementEnabler","BaseMod","Colored Map","Minty Spire (QoL Compilation)","Quick Restart","Rare Cards Sparkle","SuperFastMode","everything is the same but u backflip on backflip"],"gold_per_floor":[116,66,145,155,11,44,56,97,134,164,176,217,249,288,300,411,423,447,459,489,533,545,587,599,639,651,686,494,508,522,534,534,636,636,654,671,671,545,555,581,581,599,599,614,265,265,276,276,276,276],"floor_reached":51,"playtime":5014,"items_purged":["Strike_G","Strike_G"],"score":924,"play_id":"eb7283d3-aecf-4a65-8ab7-c5cd66826597","local_time":"20210101123043","is_ascension_mode":true,"campfire_choices":[{"data":"Armaments","floor":7.0,"key":"SMITH"},{"data":"Blade Dance","floor":11.0,"key":"SMITH"},{"floor":15.0,"key":"REST"},{"data":"Secret Weapon","floor":24.0,"key":"SMITH"},{"data":"Leg Sweep","floor":32.0,"key":"SMITH"},{"floor":41.0,"key":"REST"},{"floor":46.0,"key":"REST"},{"data":"Skim","floor":49.0,"key":"SMITH"}],"circlet_count":0,"master_deck":["Strike_G","Strike_G","Strike_G","Defend_G","Defend_G","Defend_G","Defend_G","Survivor","Neutralize","Leg Sweep+1","Backflip","Armaments+1","Shrug It Off","Blade Dance+1","Grand Finale","Escape Plan","Secret Weapon+1","Skim+1","Sweeping Beam+1","Forethought","Finesse+1","Skim+1"],"relics":["Ring of the Snake","NeowsBlessing","Sundial","PrismaticShard","MawBank","Smiling Mask","Anchor","Lantern","Odd Mushroom","Philosopher\u0027s Stone","MutagenicStrength","Red Mask","Centennial Puzzle","Boot","White Beast Statue","PreservedInsect","Frozen Eye","Blue Candle","Dream Catcher","Shuriken","Potion Belt"],"acts_visited":[],"potions_floor_usage":[50,50,50,50],"damage_taken":[{"damage":0.0,"enemies":"2 Louse","floor":1.0,"turns":1.0},{"damage":0.0,"enemies":"Jaw Worm","floor":4.0,"turns":1.0},{"damage":0.0,"enemies":"3 Sentries","floor":6.0,"turns":1.0},{"damage":19.0,"enemies":"Lagavulin","floor":8.0,"turns":10.0},{"damage":0.0,"enemies":"Cultist","floor":10.0,"turns":3.0},{"damage":39.0,"enemies":"Gremlin Nob","floor":12.0,"turns":7.0},{"damage":0.0,"enemies":"Large Slime","floor":13.0,"turns":3.0},{"damage":14.0,"enemies":"The Mushroom Lair","floor":14.0,"turns":5.0},{"damage":10.0,"enemies":"Slime Boss","floor":16.0,"turns":5.0},{"damage":1.0,"enemies":"3 Byrds","floor":18.0,"turns":3.0},{"damage":12.0,"enemies":"Chosen","floor":20.0,"turns":5.0},{"damage":19.0,"enemies":"Masked Bandits","floor":21.0,"turns":5.0},{"damage":0.0,"enemies":"Book of Stabbing","floor":23.0,"turns":5.0},{"damage":0.0,"enemies":"Gremlin Leader","floor":25.0,"turns":5.0},{"damage":0.0,"enemies":"Centurion and Healer","floor":29.0,"turns":5.0},{"damage":4.0,"enemies":"Sentry and Sphere","floor":30.0,"turns":3.0},{"damage":0.0,"enemies":"3 Cultists","floor":31.0,"turns":3.0},{"damage":20.0,"enemies":"Champ","floor":33.0,"turns":17.0},{"damage":9.0,"enemies":"3 Shapes","floor":35.0,"turns":3.0},{"damage":18.0,"enemies":"Orb Walker","floor":36.0,"turns":6.0},{"damage":5.0,"enemies":"3 Darklings","floor":39.0,"turns":2.0},{"damage":9.0,"enemies":"Giant Head","floor":40.0,"turns":6.0},{"damage":43.0,"enemies":"Writhing Mass","floor":42.0,"turns":7.0},{"damage":7.0,"enemies":"Spire Growth","floor":44.0,"turns":5.0},{"damage":0.0,"enemies":"Sphere and 2 Shapes","floor":47.0,"turns":2.0},{"damage":78,"enemies":"Awakened One","floor":50,"turns":16}],"seed_played":"-5223727561011953676","potions_obtained":[{"floor":1.0,"key":"Fruit Juice"},{"floor":4.0,"key":"FairyPotion"},{"floor":8.0,"key":"GamblersBrew"},{"floor":20.0,"key":"Strength Potion"},{"floor":21.0,"key":"Explosive Potion"},{"floor":23.0,"key":"DuplicationPotion"},{"floor":29.0,"key":"PowerPotion"},{"floor":30.0,"key":"ColorlessPotion"},{"floor":31.0,"key":"Ancient Potion"},{"floor":33.0,"key":"SteroidPotion"},{"floor":36.0,"key":"Dexterity Potion"},{"floor":44.0,"key":"Explosive Potion"}],"is_trial":false,"path_per_floor":["M","?","T","M","$","E","R","E","T","M","R","E","M","?","R","B",null,"M","?","M","?","?","E","R","E","T","T","$","M","M","M","R","B",null,"M","M","?","?","M","E","R","M","T","M","$","R","M","?","R","B",null],"character_chosen":"THE_SILENT","items_purchased":["PrismaticShard","Frozen Eye","Potion Belt","Regen Potion","Regen Potion"],"campfire_rested":3,"item_purchase_floors":[5,28,45,45,45],"current_hp_per_floor":[70,70,70,70,70,70,70,51,51,51,51,17,17,3,25,15,75,74,74,62,43,43,43,43,43,43,43,43,43,39,39,39,19,75,66,48,48,48,43,34,56,13,13,6,6,28,28,66,66,38],"gold":276,"neow_bonus":"THREE_ENEMY_KILL","is_daily":false,"chose_seed":false,"campfire_upgraded":5,"win_rate":0.0,"timestamp":1609471843,"path_taken":["M","?","?","M","$","E","R","E","T","?","R","E","M","?","R","BOSS","M","?","M","?","?","E","R","E","T","?","?","M","?","M","R","BOSS","M","M","?","?","M","E","R","M","T","?","$","R","?","?","R","BOSS"],"items_purchased_type":["Relic","Relic","Relic","Potion","Potion"],"build_version":"2020-12-22","purchased_purges":2,"victory":true,"max_hp_per_floor":[70,70,70,70,70,70,70,70,70,70,70,75,75,75,75,75,75,75,75,75,75,75,75,75,75,75,75,75,75,75,75,75,75,75,75,75,75,75,75,75,75,75,75,75,75,75,75,66,66,66],"card_choices":[{"not_picked":["Finisher","Dagger Throw"],"picked":"Leg Sweep","floor":1.0},{"not_picked":["Distraction","Dagger Spray"],"picked":"Backflip","floor":4.0},{"not_picked":["Rebound","Blur"],"picked":"Armaments","floor":6.0},{"not_picked":["Hemokinesis","Doom and Gloom"],"picked":"Shrug It Off","floor":8.0},{"not_picked":["EmptyFist","Headbutt"],"picked":"Blade Dance","floor":10.0},{"not_picked":["Poisoned Stab","Acrobatics"],"picked":"Grand Finale","floor":12.0},{"not_picked":["Jack Of All Trades","Cleave","Leg Sweep"],"picked":"SKIP","floor":13.0},{"not_picked":["SashWhip+1","Defragment","Fire Breathing"],"picked":"SKIP","floor":18.0},{"not_picked":["Cold Snap+1","Compile Driver+1","Blizzard+1"],"picked":"SKIP","floor":20.0},{"not_picked":["Defragment+1","Warcry"],"picked":"Escape Plan","floor":21.0},{"not_picked":["Leap+1","Ball Lightning"],"picked":"Secret Weapon","floor":23.0},{"not_picked":["Force Field+1","Good Instincts","Protect+1"],"picked":"SKIP","floor":25.0},{"not_picked":["Compile Driver+1","Vengeance"],"picked":"Skim+1","floor":29.0},{"not_picked":["Blade Dance","Genetic Algorithm","Outmaneuver"],"picked":"SKIP","floor":30.0},{"not_picked":["Predator","Underhanded Strike","FlyingSleeves"],"picked":"SKIP","floor":31.0},{"not_picked":["Chaos","Sweeping Beam+1","Blade Dance"],"picked":"SKIP","floor":35.0},{"not_picked":["Chaos","Blade Dance"],"picked":"Sweeping Beam+1","floor":35.0},{"not_picked":["Pummel","Perfected Strike+1","Conserve Battery+1"],"picked":"SKIP","floor":36.0},{"not_picked":["HandOfGreed","Madness"],"picked":"Forethought","floor":37.0},{"not_picked":["Dark Embrace+1","Barrage+1","Cold Snap"],"picked":"SKIP","floor":39.0},{"not_picked":["Protect","Brutality","Dropkick"],"picked":"SKIP","floor":40.0},{"not_picked":["Stack","Underhanded Strike+1"],"picked":"Finesse+1","floor":42.0},{"not_picked":["Dodge and Roll+1","Tactician+1","Reckless Charge"],"picked":"SKIP","floor":44.0},{"not_picked":["All Out Attack+1","Warcry"],"picked":"Skim","floor":46.0},{"not_picked":["Scrape","EmptyBody+1","Flying Knee+1"],"picked":"SKIP","floor":47.0}],"player_experience":118555,"relics_obtained":[{"floor":3.0,"key":"Sundial"},{"floor":6.0,"key":"MawBank"},{"floor":8.0,"key":"Smiling Mask"},{"floor":9.0,"key":"Anchor"},{"floor":12.0,"key":"Lantern"},{"floor":14.0,"key":"Odd Mushroom"},{"floor":21.0,"key":"Red Mask"},{"floor":23.0,"key":"Centennial Puzzle"},{"floor":25.0,"key":"Boot"},{"floor":26.0,"key":"White Beast Statue"},{"floor":27.0,"key":"PreservedInsect"},{"floor":40.0,"key":"Dream Catcher"},{"floor":43.0,"key":"Shuriken"}],"event_choices":[{"cards_removed":["Defend_G"],"damage_healed":0.0,"max_hp_gain":0.0,"max_hp_loss":0.0,"gold_gain":0.0,"event_name":"The Cleric","player_choice":"Card Removal","floor":2.0,"gold_loss":50.0,"damage_taken":0.0},{"damage_healed":0.0,"max_hp_gain":0.0,"max_hp_loss":0.0,"gold_gain":0.0,"event_name":"Mushrooms","player_choice":"Fought Mushrooms","floor":14.0,"gold_loss":0.0,"damage_taken":0.0},{"damage_healed":0.0,"max_hp_gain":0.0,"max_hp_loss":0.0,"gold_gain":0.0,"event_name":"Drug Dealer","player_choice":"Inject Mutagens","floor":19.0,"gold_loss":0.0,"damage_taken":0.0,"relics_obtained":["MutagenicStrength"]},{"damage_healed":0.0,"max_hp_gain":0.0,"max_hp_loss":0.0,"gold_gain":0.0,"event_name":"Masked Bandits","player_choice":"Fought Bandits","floor":21.0,"gold_loss":0.0,"damage_taken":0.0},{"damage_healed":0.0,"max_hp_gain":0.0,"max_hp_loss":0.0,"gold_gain":0.0,"event_name":"Vampires","player_choice":"Ignored","floor":22.0,"gold_loss":0.0,"damage_taken":0.0},{"damage_healed":0.0,"max_hp_gain":0.0,"max_hp_loss":0.0,"gold_gain":0.0,"event_name":"SensoryStone","player_choice":"Memory 1","floor":37.0,"gold_loss":0.0,"damage_taken":0.0},{"damage_healed":0.0,"max_hp_gain":0.0,"max_hp_loss":0.0,"gold_gain":0.0,"event_name":"WeMeetAgain","player_choice":"Paid Gold","floor":38.0,"gold_loss":126.0,"damage_taken":0.0,"relics_obtained":["Blue Candle"]},{"damage_healed":66.0,"max_hp_gain":0.0,"max_hp_loss":9.0,"gold_gain":0.0,"event_name":"The Moai Head","player_choice":"Heal","floor":48.0,"gold_loss":0.0,"damage_taken":0.0}],"is_beta":false,"boss_relics":[{"not_picked":["WristBlade","SacredBark"],"picked":"Philosopher\u0027s Stone"},{"not_picked":["Runic Dome","Velvet Choker","Coffee Dripper"]}],"items_purged_floors":[28,45],"is_endless":false,"potions_floor_spawned":[1,4,8,10,20,21,23,29,30,31,33,35,36,39,40,42,44,47],"ascension_level":3}}