{"host":"2se5dq1do2gp0x9k","time":1609473493,"event":{"mods":["AchievementEnabler","BaseMod","Block Reminder","Colored Map","Colored Powertips","Minty Spire (QoL Compilation)","Relic Stats","StSLib","SuperFastMode"],"gold_per_floor":[111,126,136,22,22,47,47,47,47],"floor_reached":8,"playtime":269,"items_purged":[],"score":112,"play_id":"1dcd7c5a-d3ed-40f6-9dd0-57770134af39","local_time":"20201231195813","is_ascension_mode":true,"campfire_choices":[{"data":"Defragment","floor":7,"key":"SMITH"}],"circlet_count":0,"master_deck":["AscendersBane","Strike_B","Strike_B","Strike_B","Strike_B","Defend_B","Defend_B","Defend_B","Defend_B","Zap","Dualcast","Finesse","Defragment+1","Conserve Battery","Rip and Tear","Loop","Sweeping Beam","Beam Cell"],"relics":["Cracked Core","Pen Nib"],"acts_visited":["Exordium"],"potions_floor_usage":[6,6,8],"damage_taken":[{"damage":5,"enemies":"Jaw Worm","floor":1,"turns":3},{"damage":20,"enemies":"Small Slimes","floor":2,"turns":5},{"damage":1,"enemies":"2 Louse","floor":3,"turns":2},{"damage":34,"enemies":"Gremlin Nob","floor":6,"turns":4},{"damage":33,"enemies":"3 Sentries","floor":8,"turns":4}],"seed_played":"54572780767504657","potions_obtained":[{"floor":2,"key":"PotionOfCapacity"},{"floor":3,"key":"EntropicBrew"},{"floor":6,"key":"SteroidPotion"}],"is_trial":false,"path_per_floor":["M","M","M","$","?","E","R","E"],"character_chosen":"DEFECT","items_purchased":["Loop","Sweeping Beam"],"campfire_rested":0,"item_purchase_floors":[4,4],"current_hp_per_floor":[59,39,38,38,61,27,27,0,0],"gold":47,"neow_bonus":"RANDOM_COLORLESS","is_daily":false,"chose_seed":false,"campfire_upgraded":1,"win_rate":0.0,"timestamp":1609473493,"path_taken":["M","M","M","$","?","E","R","E"],"items_purchased_type":["Card","Card"],"build_version":"2020-12-22","purchased_purges":0,"victory":false,"max_hp_per_floor":[71,71,71,71,71,71,71,71,71],"relic_stats":{"counters":[5,18],"Pen Nib":[0],"obtain_stats":[{"Pen Nib":6,"Cracked Core":0},{"Pen Nib":4,"Cracked Core":0},{"Pen Nib":14,"Cracked Core":0}]},"card_choices":[{"not_picked":["Impatience","Bandage Up"],"picked":"Finesse","floor":0},{"not_picked":["Reinforced Body","Undo"],"picked":"Defragment","floor":1},{"not_picked":["Fusion","Steam"],"picked":"Conserve Battery","floor":2},{"not_picked":["Loop","Hologram"],"picked":"Rip and Tear","floor":3},{"not_picked":["Barrage","Leap"],"picked":"Beam Cell","floor":6}],"player_experience":3682185,"relics_obtained":[{"floor":6,"key":"Pen Nib"}],"event_choices":[{"damage_healed":23,"gold_gain":0,"player_choice":"Banana","damage_taken":0,"max_hp_gain":0,"max_hp_loss":0,"event_name":"Big Fish","floor":5,"gold_loss":0}],"is_beta":false,"boss_relics":[],"items_purged_floors":[],"is_endless":false,"potions_floor_spawned":[2,3,6],"killed_by":"3 Sentries","ascension_level":20}}