{"host":"n4oa921u88t6jog9","time":1609510386,"event":{"mods":["AchievementEnabler","BaseMod","DeckTracker","Keyboard Shortcuts","Minty Spire (QoL Compilation)","Quick Restart","StSLib","SuperFastMode"],"gold_per_floor":[369,20,30,50,50,50,64,64,64,76,76,76,92,103,103,177,177,187,53,71,8,25,59,77,77,77,77,77,97,97,111,111,188,188,205,205,220,102,112,137,55,89,115,167,167,79,79,79,79,79],"floor_reached":51,"playtime":3080,"items_purged":["Regret","Strike_G","Strike_G","Defend_G","Strike_G+1"],"score":1451,"play_id":"f116b9d0-a73d-4b37-a462-a882c79ed468","local_time":"20210101231306","is_ascension_mode":true,"campfire_choices":[{"data":"Acrobatics","floor":6.0,"key":"SMITH"},{"data":"Dagger Throw","floor":12.0,"key":"SMITH"},{"floor":15.0,"key":"REST"},{"data":"Burst","floor":25,"key":"SMITH"},{"data":"Prepared","floor":28,"key":"SMITH"},{"data":"Prepared","floor":30,"key":"SMITH"},{"data":"Footwork","floor":32,"key":"SMITH"},{"data":"Calculated Gamble","floor":45,"key":"SMITH"},{"data":"Calculated Gamble","floor":47,"key":"SMITH"},{"data":"Reflex","floor":49,"key":"SMITH"}],"circlet_count":0,"master_deck":["AscendersBane","Defend_G","Defend_G","Survivor","Neutralize+1","Acrobatics+1","Flash of Steel","Footwork+1","Dagger Throw+1","Backflip","Backstab","Dagger Throw","Burst+1","Prepared+1","Acrobatics","Reflex+1","Prepared+1","Well Laid Plans","Flechettes+1","All Out Attack+1","Night Terror+1","Calculated Gamble+1","Calculated Gamble+1"],"relics":["Ring of the Snake","Membership Card","Oddly Smooth Stone","Tingsha","FaceOfCleric","Sozu","TheAbacus","Tough Bandages","Ornamental Fan","Astrolabe","DollysMirror","Torii","Orichalcum","Calipers"],"acts_visited":["Exordium","TheCity","TheBeyond"],"potions_floor_usage":[16,16],"damage_taken":[{"damage":6.0,"enemies":"Small Slimes","floor":1.0,"turns":5.0},{"damage":0.0,"enemies":"2 Louse","floor":3.0,"turns":4.0},{"damage":0.0,"enemies":"Jaw Worm","floor":4.0,"turns":4.0},{"damage":5.0,"enemies":"Blue Slaver","floor":7.0,"turns":4.0},{"damage":0.0,"enemies":"Red Slaver","floor":10.0,"turns":4.0},{"damage":1.0,"enemies":"2 Fungi Beasts","floor":13.0,"turns":2.0},{"damage":8.0,"enemies":"Exordium Thugs","floor":14.0,"turns":6.0},{"damage":7,"enemies":"Slime Boss","floor":16,"turns":8},{"damage":16,"enemies":"3 Byrds","floor":18,"turns":6},{"damage":3,"enemies":"2 Thieves","floor":20,"turns":4},{"damage":10,"enemies":"Snake Plant","floor":22,"turns":5},{"damage":3,"enemies":"Book of Stabbing","floor":23,"turns":7},{"damage":0,"enemies":"3 Cultists","floor":24,"turns":5},{"damage":0,"enemies":"Shelled Parasite and Fungi","floor":29,"turns":5},{"damage":0,"enemies":"Snake Plant","floor":31,"turns":3},{"damage":0,"enemies":"Collector","floor":33,"turns":8},{"damage":0,"enemies":"Orb Walker","floor":35,"turns":3},{"damage":16,"enemies":"3 Darklings","floor":37,"turns":4},{"damage":0,"enemies":"4 Shapes","floor":39,"turns":3},{"damage":0,"enemies":"Nemesis","floor":40,"turns":6},{"damage":0,"enemies":"Giant Head","floor":42,"turns":8},{"damage":1,"enemies":"2 Orb Walkers","floor":44,"turns":4},{"damage":8,"enemies":"Time Eater","floor":50,"turns":6}],"seed_played":"4489154417112889292","potions_obtained":[{"floor":4.0,"key":"SmokeBomb"},{"floor":7.0,"key":"Strength Potion"},{"floor":14.0,"key":"CunningPotion"}],"is_trial":false,"path_per_floor":["M","$","M","M","?","R","M","?","T","M","?","R","M","M","R","B",null,"M","$","M","$","M","E","M","R","T","?","R","M","R","M","R","B",null,"M","?","M","$","M","E","$","E","T","?","R","$","R","$","R","B",null],"character_chosen":"THE_SILENT","items_purchased":["Membership Card","Flash of Steel","Oddly Smooth Stone","Footwork","TheAbacus","Calculated Gamble","DollysMirror"],"campfire_rested":1,"item_purchase_floors":[2,2,2,2,19,38,41],"current_hp_per_floor":[53,53,53,53,53,53,48,28,28,28,28,28,28,21,41,35,61,46,46,44,44,35,33,34,34,34,34,34,35,35,36,36,37,67,68,68,53,53,54,55,55,56,56,56,56,56,56,56,56,49],"gold":79,"neow_bonus":"TWO_FIFTY_GOLD","is_daily":false,"chose_seed":false,"campfire_upgraded":9,"win_rate":0.0,"timestamp":1609510386,"path_taken":["M","$","M","M","?","R","M","?","T","?","?","R","M","M","R","BOSS","M","$","M","?","M","E","M","R","T","?","R","M","R","M","R","BOSS","M","?","M","$","M","E","?","E","T","?","R","$","R","$","R","BOSS"],"items_purchased_type":["Relic","Card","Relic","Card","Relic","Card","Relic"],"build_version":"2020-12-22","purchased_purges":5,"victory":true,"max_hp_per_floor":[66,66,66,66,66,66,66,66,66,66,66,66,67,68,68,69,69,70,70,71,71,72,73,74,74,74,74,74,75,75,76,76,77,77,78,78,79,79,80,81,81,82,82,83,83,83,83,83,83,84],"card_choices":[{"not_picked":["Riddle With Holes","Sucker Punch"],"picked":"Acrobatics","floor":1.0},{"not_picked":["Dodge and Roll","Deadly Poison"],"picked":"Dagger Throw","floor":3.0},{"not_picked":["Slice","Concentrate"],"picked":"Backflip","floor":4.0},{"not_picked":["Setup","Prepared"],"picked":"Backstab","floor":7.0},{"not_picked":["Acrobatics","Concentrate"],"picked":"Dagger Throw","floor":10.0},{"not_picked":["Underhanded Strike","Blur"],"picked":"Burst","floor":13.0},{"not_picked":["Quick Slash","Underhanded Strike","Poisoned Stab"],"picked":"SKIP","floor":14.0},{"not_picked":["Quick Slash","Blade Dance"],"picked":"Prepared","floor":18},{"not_picked":["Footwork","Riddle With Holes"],"picked":"Acrobatics","floor":20},{"not_picked":["Calculated Gamble","Bane"],"picked":"Reflex","floor":22},{"not_picked":["Heel Hook+1","Masterful Stab","Sucker Punch+1"],"picked":"SKIP","floor":23},{"not_picked":["Dodge and Roll","Sucker Punch+1","PiercingWail"],"picked":"SKIP","floor":24},{"not_picked":["Quick Slash","Deadly Poison"],"picked":"Well Laid Plans","floor":29},{"not_picked":["Dagger Throw","Deadly Poison+1","Poisoned Stab"],"picked":"SKIP","floor":31},{"not_picked":["Prepared","Heel Hook+1","Distraction"],"picked":"SKIP","floor":35},{"not_picked":["Deflect","Blade Dance","Distraction+1"],"picked":"SKIP","floor":37},{"not_picked":["Underhanded Strike","Bane","Dagger Spray"],"picked":"SKIP","floor":39},{"not_picked":["Heel Hook","PiercingWail","Night Terror"],"picked":"SKIP","floor":40},{"not_picked":["PiercingWail","Dagger Throw","Outmaneuver"],"picked":"SKIP","floor":42}],"player_experience":370475,"relics_obtained":[{"floor":9.0,"key":"Tingsha"},{"floor":23,"key":"Tough Bandages"},{"floor":26,"key":"Ornamental Fan"},{"floor":42,"key":"Torii"},{"floor":43,"key":"Orichalcum"},{"floor":44,"key":"Calipers"}],"event_choices":[{"damage_healed":0.0,"max_hp_gain":0.0,"max_hp_loss":0.0,"gold_gain":0.0,"event_name":"The Cleric","player_choice":"Leave","floor":5.0,"gold_loss":0.0,"damage_taken":0.0},{"damage_healed":0.0,"max_hp_gain":0.0,"max_hp_loss":0.0,"gold_gain":0.0,"event_name":"Shining Light","player_choice":"Entered Light","floor":8.0,"gold_loss":0.0,"damage_taken":20.0,"cards_upgraded":["Neutralize","Strike_G"]},{"damage_healed":0.0,"max_hp_gain":0.0,"max_hp_loss":0.0,"gold_gain":0.0,"event_name":"FaceTrader","player_choice":"Trade","floor":11.0,"gold_loss":0.0,"damage_taken":0.0,"relics_obtained":["FaceOfCleric"]},{"damage_healed":0,"gold_gain":0,"player_choice":"Read","damage_taken":0,"max_hp_gain":0,"max_hp_loss":0,"event_name":"The Library","floor":27,"gold_loss":0,"cards_obtained":["Prepared"]},{"cards_removed":["Strike_G"],"damage_healed":0,"gold_gain":0,"player_choice":"Purged","damage_taken":0,"max_hp_gain":0,"max_hp_loss":0,"event_name":"Purifier","floor":36,"gold_loss":0},{"damage_healed":0,"gold_gain":0,"player_choice":"Fight","damage_taken":0,"max_hp_gain":0,"max_hp_loss":0,"event_name":"Mysterious Sphere","floor":44,"gold_loss":0}],"is_beta":false,"boss_relics":[{"not_picked":["Philosopher\u0027s Stone","Cursed Key"],"picked":"Sozu"},{"not_picked":["Velvet Choker","WristBlade"],"picked":"Astrolabe"}],"items_purged_floors":[2,19,21,38,46],"is_endless":false,"potions_floor_spawned":[4,7,14,22,23,29,39,42],"ascension_level":16}}