{"host":"z9grmtg2w0nmz8n1","time":1609516009,"event":{"mods":["Aspiration","Bard","BaseMod","Beaked The Cultist","Better Altar","Better Match","Better Note","Better Sensory Stone","Better Skull","Better Third Choice","BetterRewards","CCEM","Colored Map","Conspire","Downfall","GifTheSpireLib","Googly Eyes","Halation","Hermit","Highlight Path","Hubris","Hunter ??","Jedi Mod","Jorbs\u0027s Wanderer Trilogy","Mad Scientist","Marisa????????","Minty Spire (QoL Compilation)","Permanent Neow","Replay The Spire","Shade Mod","Shop Mod","Spicy Shops","StSLib","Stuff the Spire","The Bug Knight","The Construct","The Necromancer","The Runesmith","The Witch"],"gold_per_floor":[110,124,49,61,61,95,95,170,193,93,108,136,146,157,157,157,157],"floor_reached":16,"playtime":1079,"items_purged":["Strike_G","Strike_G"],"score":118,"play_id":"6d509792-5521-437d-b066-001ced2a9cbf","local_time":"20210101134649","is_ascension_mode":true,"campfire_choices":[{"floor":7,"key":"RECALL"},{"floor":15,"key":"REST"}],"circlet_count":0,"master_deck":["Strike_G","Strike_G","Strike_G","Defend_G","Defend_G","Defend_G","Defend_G","Defend_G","Survivor","Neutralize","Poisoned Stab","Deadly Poison","Deadly Poison","jedi:collectorvenom","Toxin Wave"],"relics":["Ring of the Snake","Snake Skull","CCEMRelics:SpiritsEdge","Lantern"],"acts_visited":["Exordium"],"potions_floor_usage":[14,16],"damage_taken":[{"damage":0,"enemies":"Small Slimes","floor":1,"turns":4},{"damage":0,"enemies":"2 Louse","floor":2,"turns":3},{"damage":0,"enemies":"Cultist","floor":4,"turns":3},{"damage":28,"enemies":"Gremlin Nob","floor":6,"turns":4},{"damage":0,"enemies":"Large Slime","floor":11,"turns":5},{"damage":28,"enemies":"3 Sentries","floor":12,"turns":10},{"damage":0,"enemies":"Looter","floor":13,"turns":3},{"damage":6,"enemies":"Gremlin Gang","floor":14,"turns":6},{"damage":39,"enemies":"Fading Forest","floor":16,"turns":10}],"seed_played":"-524245029424447734","potions_obtained":[{"floor":2,"key":"Swift Potion"},{"floor":6,"key":"sneckomod:MuddlingPotion"},{"floor":12,"key":"CultistPotion"}],"is_trial":false,"path_per_floor":["M","M","$","M","?","E","R","?","T","$","M","E","M","M","R","B"],"character_chosen":"THE_SILENT","items_purchased":[],"campfire_rested":1,"item_purchase_floors":[],"current_hp_per_floor":[70,70,70,70,70,42,42,35,35,35,35,7,7,1,22,0,0],"gold":157,"neow_bonus":"RANDOM_COMMON_RELIC","is_daily":false,"chose_seed":false,"campfire_upgraded":0,"win_rate":0.0,"timestamp":1609516009,"path_taken":["M","M","$","M","?","E","R","?","T","$","M","E","?","M","R","BOSS"],"items_purchased_type":[],"build_version":"2020-12-22","purchased_purges":2,"victory":false,"max_hp_per_floor":[70,70,70,70,70,70,70,70,70,70,70,70,70,70,70,70,70],"card_choices":[{"not_picked":["Bane","All Out Attack"],"picked":"Poisoned Stab","floor":1},{"not_picked":["Quick Slash","Cloak And Dagger","Backflip"],"picked":"SKIP","floor":2},{"not_picked":["Backflip","Terror","Outmaneuver"],"picked":"SKIP","floor":4},{"not_picked":["hubris:SlightOfHand","Prepared"],"picked":"Deadly Poison","floor":6},{"not_picked":["Hidden Blade","Masterful Stab"],"picked":"jedi:collectorvenom","floor":11},{"not_picked":["Wraith Form v2","PiercingWail","Crippling Poison"],"picked":"SKIP","floor":12},{"not_picked":["PiercingWail","Outmaneuver"],"picked":"jedi:collectorvenom","floor":13},{"not_picked":["hubris:SlightOfHand","Sucker Punch"],"picked":"Toxin Wave","floor":14}],"player_experience":753162,"relics_obtained":[{"floor":6,"key":"CCEMRelics:SpiritsEdge"},{"floor":12,"key":"Lantern"}],"event_choices":[{"damage_healed":0,"gold_gain":75,"player_choice":"Touch","damage_taken":7,"max_hp_gain":0,"max_hp_loss":0,"event_name":"FaceTrader","floor":8,"gold_loss":0}],"is_beta":false,"boss_relics":[],"items_purged_floors":[3,10],"is_endless":false,"potions_floor_spawned":[2,6,12],"killed_by":"Fading Forest","ascension_level":1}}