{"host":"icrrc9b69c1a6188","time":1609488747,"event":{"mods":["Act Like it!","BaseMod","Bestiary","Better Altar","Better Match","Better Note","Better Sensory Stone","Better Skull","Better Third Choice","Block Reminder","Colored Map","Colored Powertips","Curses Come First","Displayed Cursed Tome","Faster Ascension Climbing","HexUI Lib","Jorbs\u0027s Wanderer Trilogy","Minty Spire (QoL Compilation)","Quick Restart","RNG Fix","Random Character Mod","Rare Cards Sparkle","Spicy Shops","StSLib","Unceasing Turn Reminder"],"gold_per_floor":[119,130,55,55,73,73,92,92,166,176,193,79,79,22,22,101,101,112,130,150,150,33,33,33,33],"floor_reached":24,"playtime":956,"items_purged":["Strike_R"],"score":376,"play_id":"94efad2c-a40f-4101-9314-2182d06a7b29","local_time":"20210101021227","is_ascension_mode":true,"campfire_choices":[{"data":"Bash","floor":6,"key":"SMITH"},{"data":"Intimidate","floor":8,"key":"SMITH"},{"data":"Inflame","floor":13,"key":"SMITH"},{"data":"Heavy Blade","floor":15,"key":"SMITH"},{"data":"Limit Break","floor":23,"key":"SMITH"}],"circlet_count":0,"master_deck":["AscendersBane","Strike_R","Strike_R","Defend_R","Defend_R","Defend_R","Defend_R","Bash+1","Anger","Clothesline","Heavy Blade+1","Intimidate+1","Metallicize","Inflame+1","Shrug It Off","Limit Break+1","Shrug It Off","Armaments+1","Sword Boomerang"],"relics":["Runic Dome","Sozu","Chemical X"],"acts_visited":["Exordium","TheCity"],"potions_floor_usage":[10,16,18],"damage_taken":[{"damage":9,"enemies":"Jaw Worm","floor":1,"turns":3},{"damage":1,"enemies":"Cultist","floor":2,"turns":3},{"damage":4,"enemies":"Small Slimes","floor":5,"turns":3},{"damage":3,"enemies":"Looter","floor":7,"turns":3},{"damage":1,"enemies":"Red Slaver","floor":10,"turns":3},{"damage":16,"enemies":"Large Slime","floor":11,"turns":5},{"damage":4,"enemies":"The Guardian","floor":16,"turns":11},{"damage":0,"enemies":"3 Byrds","floor":18,"turns":4},{"damage":19,"enemies":"2 Thieves","floor":19,"turns":4},{"damage":16,"enemies":"Sentry and Sphere","floor":20,"turns":4},{"damage":30,"enemies":"Slavers","floor":24,"turns":2}],"seed_played":"6442232708745395706","potions_obtained":[{"floor":1,"key":"GamblersBrew"},{"floor":2,"key":"SkillPotion"},{"floor":11,"key":"PowerPotion"}],"is_trial":false,"path_per_floor":["M","M","?","?","M","R","M","R","T","M","M","$","R","$","R","B",null,"M","M","M","?","$","R","E"],"character_chosen":"IRONCLAD","items_purchased":["Inflame","Shrug It Off","Chemical X","Sword Boomerang"],"campfire_rested":0,"item_purchase_floors":[12,14,22,22],"current_hp_per_floor":[59,58,58,58,54,54,51,51,51,50,34,34,34,34,34,30,64,64,45,29,29,29,29,0,0],"gold":33,"neow_bonus":"BOSS_RELIC","is_daily":false,"chose_seed":false,"campfire_upgraded":5,"win_rate":0.0,"timestamp":1609488747,"path_taken":["M","M","?","?","M","R","M","R","T","M","M","$","R","?","R","BOSS","M","M","M","?","$","R","E"],"items_purchased_type":["Card","Card","Relic","Card"],"build_version":"2020-12-22","purchased_purges":1,"victory":false,"max_hp_per_floor":[75,75,75,75,75,75,75,75,75,75,75,75,75,75,75,75,75,75,75,75,75,75,75,75,75],"card_choices":[{"not_picked":["Body Slam","Sever Soul"],"picked":"Anger","floor":1},{"not_picked":["Pommel Strike","Body Slam"],"picked":"Clothesline","floor":2},{"not_picked":["Warcry","Perfected Strike"],"picked":"Heavy Blade","floor":5},{"not_picked":["Ghostly Armor","Twin Strike"],"picked":"Intimidate","floor":7},{"not_picked":["Burning Pact","Cleave","Sever Soul"],"picked":"SKIP","floor":10},{"not_picked":["Clothesline","Reaper"],"picked":"Metallicize","floor":11},{"not_picked":["Brutality","Offering"],"picked":"Limit Break","floor":16},{"not_picked":["Combust","Uppercut"],"picked":"Shrug It Off","floor":18},{"not_picked":["Armaments","Perfected Strike","Flex"],"picked":"SKIP","floor":19},{"not_picked":["Feel No Pain+1","Havoc","Twin Strike"],"picked":"SKIP","floor":20}],"player_experience":716575,"relics_obtained":[],"event_choices":[{"cards_removed":["Strike_R"],"damage_healed":0,"gold_gain":0,"player_choice":"Card Removal","damage_taken":0,"max_hp_gain":0,"max_hp_loss":0,"event_name":"The Cleric","floor":3,"gold_loss":75},{"cards_removed":["Strike_R"],"damage_healed":0,"gold_gain":0,"player_choice":"Purged","damage_taken":0,"max_hp_gain":0,"max_hp_loss":0,"event_name":"Purifier","floor":4,"gold_loss":0},{"cards_removed":["Inflame"],"damage_healed":0,"gold_gain":0,"player_choice":"Take \u0026 Give","damage_taken":0,"max_hp_gain":0,"max_hp_loss":0,"event_name":"betterNote:BetterNote","floor":21,"gold_loss":0,"cards_obtained":["Armaments"]}],"is_beta":false,"boss_relics":[{"not_picked":["Calling Bell","Coffee Dripper"],"picked":"Sozu"}],"items_purged_floors":[12],"is_endless":false,"potions_floor_spawned":[1,2,11,18,20],"killed_by":"Slavers","ascension_level":20}}