{"host":"3qkmyeoym75lj4wn","time":1609511012,"event":{"mods":["2.2 Compatiblity","BaseMod","Block Reminder","Colored Powertips","Highlight Path","Minty Spire (QoL Compilation)","Permanent Neow","Potion Indicator Mod","Rare Cards Sparkle","Relic Stats","StSLib"],"gold_per_floor":[109,129,129,229,248,248,283,283,283,283,0,18,18,36,36,110,110,127,139,149,17,29,56,56,70,70,80,80,98,98,129,129,203,203,221,5,5,24,36,36,52,62,62,62,79,79,79],"floor_reached":46,"playtime":1534,"items_purged":[],"score":957,"play_id":"930a6191-cf70-45bf-977a-4ff0f3b7b0be","local_time":"20210101142332","is_ascension_mode":true,"campfire_choices":[{"data":"Bouncing Flask","floor":6,"key":"SMITH"},{"floor":10,"key":"REST"},{"data":"Dagger Spray","floor":15,"key":"SMITH"},{"floor":24,"key":"REST"},{"floor":28,"key":"REST"},{"data":"Blade Dance","floor":30,"key":"SMITH"},{"data":"Envenom","floor":32,"key":"SMITH"},{"floor":40,"key":"REST"},{"floor":44,"key":"RECALL"}],"circlet_count":0,"master_deck":["AscendersBane","Strike_G","Strike_G","Strike_G","Strike_G","Strike_G","Defend_G","Defend_G","Defend_G","Defend_G","Defend_G","Survivor","Neutralize+1","Blade Dance+1","Bouncing Flask+1","Dagger Spray+1","PiercingWail","Dash","Envenom+1","PiercingWail","Accuracy","Blade Dance","Backflip+1","Sadistic Nature","Crippling Poison"],"relics":["Ring of the Snake","NeowsBlessing","Bottled Flame","Ninja Scroll","Bag of Marbles","WristBlade","Tiny Chest","Singing Bowl","Pear","Busted Crown","Blue Candle"],"acts_visited":["Exordium","TheCity","TheBeyond"],"potions_floor_usage":[14,16,16,22,31,33,46,46],"damage_taken":[{"damage":0,"enemies":"Small Slimes","floor":1,"turns":1},{"damage":0,"enemies":"Jaw Worm","floor":2,"turns":1},{"damage":0,"enemies":"Cultist","floor":5,"turns":1},{"damage":39,"enemies":"Gremlin Nob","floor":7,"turns":4},{"damage":0,"enemies":"Looter","floor":12,"turns":1},{"damage":0,"enemies":"Gremlin Gang","floor":14,"turns":2},{"damage":8,"enemies":"Slime Boss","floor":16,"turns":8},{"damage":0,"enemies":"Chosen","floor":18,"turns":1},{"damage":0,"enemies":"Spheric Guardian","floor":19,"turns":1},{"damage":31,"enemies":"Shelled Parasite and Fungi","floor":20,"turns":4},{"damage":10,"enemies":"Snake Plant","floor":22,"turns":2},{"damage":9,"enemies":"Gremlin Leader","floor":23,"turns":6},{"damage":0,"enemies":"Centurion and Healer","floor":25,"turns":4},{"damage":0,"enemies":"3 Cultists","floor":27,"turns":2},{"damage":0,"enemies":"Sentry and Sphere","floor":29,"turns":2},{"damage":9,"enemies":"Slavers","floor":31,"turns":4},{"damage":44,"enemies":"Collector","floor":33,"turns":7},{"damage":0,"enemies":"3 Shapes","floor":35,"turns":1},{"damage":0,"enemies":"3 Darklings","floor":38,"turns":1},{"damage":53,"enemies":"Transient","floor":39,"turns":6},{"damage":6,"enemies":"Jaw Worm Horde","floor":41,"turns":3},{"damage":0,"enemies":"4 Shapes","floor":42,"turns":7},{"damage":15,"enemies":"Writhing Mass","floor":45,"turns":5},{"damage":34,"enemies":"Giant Head","floor":46,"turns":4}],"seed_played":"5444336997564541155","potions_obtained":[{"floor":12,"key":"SpeedPotion"},{"floor":14,"key":"DuplicationPotion"},{"floor":22,"key":"FearPotion"},{"floor":23,"key":"DistilledChaos"},{"floor":39,"key":"Explosive Potion"},{"floor":42,"key":"Poison Potion"}],"is_trial":false,"path_per_floor":["M","M","?","?","M","R","E","?","T","R","$","M","$","M","R","B",null,"M","M","M","$","M","E","R","M","T","M","R","M","R","E","R","B",null,"M","$","T","M","M","R","M","M","T","R","M","E"],"character_chosen":"THE_SILENT","items_purchased":["Bag of Marbles","Fruit Juice","Accuracy","PowerPotion","Sadistic Nature"],"campfire_rested":4,"item_purchase_floors":[11,11,21,21,36],"current_hp_per_floor":[59,59,59,59,59,59,20,20,20,39,39,39,39,44,44,36,62,62,62,31,31,21,12,33,33,33,33,54,56,56,59,59,17,70,72,72,72,74,23,50,46,46,46,46,33,0,0],"gold":79,"neow_bonus":"THREE_ENEMY_KILL","is_daily":false,"chose_seed":false,"campfire_upgraded":4,"win_rate":0.0,"timestamp":1609511012,"path_taken":["M","M","?","?","?","R","E","?","T","R","$","M","$","M","R","BOSS","M","?","M","$","M","E","R","M","T","M","R","M","R","E","R","BOSS","M","$","?","M","M","R","?","?","T","R","M","E"],"items_purchased_type":["Relic","Potion","Card","Potion","Card"],"build_version":"2020-12-22","purchased_purges":0,"victory":false,"max_hp_per_floor":[66,66,66,66,66,66,66,66,66,66,66,66,66,71,71,71,71,71,71,71,71,71,71,71,71,71,71,71,73,73,85,85,87,87,89,89,89,91,93,93,95,95,95,95,97,97,97],"relic_stats":{"Busted Crown":12,"Singing Bowl":16,"counters":[24,78],"Blue Candle":[0],"Tiny Chest":0,"obtain_stats":[{"Bottled Flame":7,"Pear":31,"Busted Crown":34,"NeowsBlessing":0,"WristBlade":17,"Singing Bowl":26,"Ninja Scroll":9,"Blue Candle":43,"Tiny Chest":23,"Bag of Marbles":11,"Ring of the Snake":0},{"Bottled Flame":4,"Pear":16,"Busted Crown":17,"NeowsBlessing":0,"WristBlade":7,"Singing Bowl":13,"Ninja Scroll":4,"Blue Candle":22,"Tiny Chest":12,"Bag of Marbles":4,"Ring of the Snake":0},{"Bottled Flame":7,"Pear":44,"Busted Crown":51,"NeowsBlessing":0,"WristBlade":18,"Singing Bowl":36,"Ninja Scroll":7,"Blue Candle":69,"Tiny Chest":32,"Bag of Marbles":7,"Ring of the Snake":0}],"Ring of the Snake":[48]},"card_choices":[{"not_picked":["Bane","Prepared"],"picked":"Blade Dance","floor":1},{"not_picked":["Outmaneuver","Infinite Blades"],"picked":"Bouncing Flask","floor":2},{"not_picked":["Riddle With Holes","Quick Slash"],"picked":"Dagger Spray","floor":5},{"not_picked":["Bullet Time","Sucker Punch"],"picked":"PiercingWail","floor":7},{"not_picked":["Predator","Cloak And Dagger"],"picked":"Dash","floor":12},{"not_picked":["Bane","Dodge and Roll","Prepared"],"picked":"SKIP","floor":14},{"not_picked":["Unload","Bullet Time"],"picked":"Envenom","floor":16},{"not_picked":["Poisoned Stab","Tactician","All Out Attack"],"picked":"SKIP","floor":18},{"not_picked":["Finisher","Endless Agony","Quick Slash"],"picked":"SKIP","floor":19},{"not_picked":["All Out Attack","Backflip"],"picked":"PiercingWail","floor":20},{"not_picked":["Bouncing Flask","Poisoned Stab","Cloak And Dagger"],"picked":"SKIP","floor":22},{"not_picked":["Acrobatics","Backflip"],"picked":"Blade Dance","floor":23},{"not_picked":["Heel Hook","Backflip","Flying Knee"],"picked":"SKIP","floor":25},{"not_picked":["Sucker Punch","Blur"],"picked":"Backflip+1","floor":27},{"not_picked":["Tactician","Night Terror","Backflip+1"],"picked":"Singing Bowl","floor":29},{"not_picked":["Dodge and Roll+1","Quick Slash","Masterful Stab"],"picked":"Singing Bowl","floor":31},{"not_picked":["Wraith Form v2","Tools of the Trade","Corpse Explosion"],"picked":"Singing Bowl","floor":33},{"not_picked":["Dodge and Roll+1"],"picked":"Singing Bowl","floor":35},{"not_picked":["Concentrate"],"picked":"Singing Bowl","floor":38},{"not_picked":["Slice"],"picked":"Singing Bowl","floor":39},{"not_picked":["Expertise+1"],"picked":"Singing Bowl","floor":41},{"not_picked":[],"picked":"Crippling Poison","floor":42},{"not_picked":["Backflip"],"picked":"Singing Bowl","floor":45}],"player_experience":1634734,"relics_obtained":[{"floor":7,"key":"Bottled Flame"},{"floor":9,"key":"Ninja Scroll"},{"floor":23,"key":"Tiny Chest"},{"floor":26,"key":"Singing Bowl"},{"floor":31,"key":"Pear"},{"floor":43,"key":"Blue Candle"}],"event_choices":[{"damage_healed":0,"gold_gain":0,"player_choice":"Leave","damage_taken":0,"max_hp_gain":0,"max_hp_loss":0,"event_name":"The Cleric","floor":3,"gold_loss":0},{"damage_healed":0,"gold_gain":100,"player_choice":"Gold","damage_taken":0,"max_hp_gain":0,"max_hp_loss":0,"event_name":"Wheel of Change","floor":4,"gold_loss":0},{"damage_healed":0,"gold_gain":0,"player_choice":"Upgraded","damage_taken":0,"max_hp_gain":0,"max_hp_loss":0,"event_name":"Upgrade Shrine","floor":8,"gold_loss":0,"cards_upgraded":["Neutralize"]}],"is_beta":false,"boss_relics":[{"not_picked":["Empty Cage","Ectoplasm"],"picked":"WristBlade"},{"not_picked":["SlaversCollar","Calling Bell"],"picked":"Busted Crown"}],"items_purged_floors":[],"is_endless":false,"potions_floor_spawned":[12,14,22,23,27,29,39,42],"killed_by":"Giant Head","ascension_level":20}}