{"host":"52m1o8iwwagurbjs","time":1609519267,"event":{"mods":["AchievementEnabler","BaseMod","Bestiary","Colored Powertips","GifTheSpireLib","Minty Spire (QoL Compilation)","Quick Restart","RNG Fix","Relic Stats","StSLib"],"gold_per_floor":[114,128,141,35,46,46,72,90,115,115,126,89,89,102,102,175,225,239,75,75,0,18,18,18,18],"floor_reached":24,"playtime":836,"items_purged":["Strike_R"],"score":327,"play_id":"8aa2addc-3afd-44ae-9c57-b43e5dd451c2","local_time":"20210101114107","is_ascension_mode":true,"campfire_choices":[{"data":"Limit Break","floor":6,"key":"SMITH"},{"data":"Inflame","floor":10,"key":"SMITH"},{"data":"Dual Wield","floor":13,"key":"SMITH"},{"data":"Flame Barrier","floor":15,"key":"SMITH"},{"floor":23,"key":"REST"}],"circlet_count":0,"master_deck":["AscendersBane","Strike_R","Strike_R","Strike_R","Defend_R","Defend_R","Defend_R","Defend_R","Bash","Inflame","Hemokinesis","Twin Strike","Feel No Pain","Disarm+1","Limit Break+1","Flame Barrier+1","Inflame+1","Dual Wield+1","Shrug It Off","Corruption","Power Through","Ghostly Armor","True Grit"],"relics":["Burning Blood","Orichalcum","Pen Nib","Nunchaku","Tiny House"],"acts_visited":["Exordium","TheCity"],"potions_floor_usage":[7,11,11,16,18,21,24],"damage_taken":[{"damage":0.0,"enemies":"Cultist","floor":1.0,"turns":3.0},{"damage":6,"enemies":"Jaw Worm","floor":2,"turns":3},{"damage":9,"enemies":"2 Louse","floor":3,"turns":3},{"damage":2,"enemies":"2 Fungi Beasts","floor":5,"turns":3},{"damage":29,"enemies":"3 Sentries","floor":7,"turns":7},{"damage":19,"enemies":"Exordium Wildlife","floor":8,"turns":5},{"damage":32,"enemies":"Gremlin Gang","floor":11,"turns":5},{"damage":8,"enemies":"Blue Slaver","floor":14,"turns":4},{"damage":37,"enemies":"Slime Boss","floor":16,"turns":7},{"damage":18,"enemies":"3 Byrds","floor":18,"turns":4},{"damage":32,"enemies":"2 Thieves","floor":21,"turns":5},{"damage":29,"enemies":"Snake Plant","floor":22,"turns":4},{"damage":36,"enemies":"Slavers","floor":24,"turns":3}],"seed_played":"2193101970744251892","potions_obtained":[{"floor":3,"key":"Regen Potion"},{"floor":5,"key":"BloodPotion"},{"floor":8,"key":"Swift Potion"},{"floor":11,"key":"BlessingOfTheForge"},{"floor":17,"key":"Energy Potion"},{"floor":22,"key":"EssenceOfSteel"}],"is_trial":false,"path_per_floor":["M","M","M","$","M","R","E","M","T","R","M","?","R","M","R","B",null,"M","$","?","M","M","R","E"],"character_chosen":"IRONCLAD","items_purchased":["Feel No Pain","Disarm","Ghostly Armor","Energy Potion"],"campfire_rested":1,"item_purchase_floors":[4,4,19,19],"current_hp_per_floor":[78,78,75,75,79,79,71,58,58,58,48,48,48,46,46,15,69,57,57,57,31,8,33,0,0],"gold":18,"neow_bonus":"RANDOM_COMMON_RELIC","is_daily":false,"chose_seed":false,"campfire_upgraded":4,"win_rate":0.0,"timestamp":1609519267,"path_taken":["M","M","M","$","M","R","E","M","T","R","M","?","R","M","R","BOSS","M","$","?","M","M","R","E"],"items_purchased_type":["Card","Card","Card","Potion"],"build_version":"2020-12-22","purchased_purges":1,"victory":false,"max_hp_per_floor":[80,80,80,80,80,80,80,80,80,80,80,80,80,80,80,80,85,85,85,85,85,85,85,85,85],"relic_stats":{"Nunchaku":[3],"counters":[13,56],"Pen Nib":[4],"Orichalcum":[162],"obtain_stats":[{"Nunchaku":9,"Tiny House":17,"Pen Nib":7,"Orichalcum":0,"Burning Blood":0},{"Nunchaku":6,"Tiny House":9,"Pen Nib":5,"Orichalcum":0,"Burning Blood":0},{"Nunchaku":24,"Tiny House":40,"Pen Nib":19,"Orichalcum":0,"Burning Blood":0}],"Burning Blood":72},"card_choices":[{"not_picked":["Shrug It Off","Perfected Strike"],"picked":"Inflame","floor":1.0},{"not_picked":["Seeing Red","Pommel Strike"],"picked":"Hemokinesis","floor":2},{"not_picked":["True Grit","Thunderclap"],"picked":"Twin Strike","floor":3},{"not_picked":["Heavy Blade","Spot Weakness"],"picked":"Limit Break","floor":5},{"not_picked":["Warcry","Havoc"],"picked":"Flame Barrier","floor":7},{"not_picked":["Pommel Strike","Flex"],"picked":"Inflame","floor":8},{"not_picked":["Reckless Charge","Barricade"],"picked":"Dual Wield","floor":11},{"not_picked":["Feel No Pain","Pommel Strike"],"picked":"Shrug It Off","floor":14},{"not_picked":["Demon Form","Bludgeon"],"picked":"Corruption","floor":16},{"not_picked":["Perfected Strike","Whirlwind"],"picked":"Power Through","floor":17},{"not_picked":["Perfected Strike","Armaments","Pummel"],"picked":"SKIP","floor":18},{"not_picked":["Clothesline","Limit Break","Iron Wave"],"picked":"SKIP","floor":21},{"not_picked":["Headbutt","Shrug It Off"],"picked":"True Grit","floor":22}],"player_experience":1084262,"relics_obtained":[{"floor":7,"key":"Pen Nib"},{"floor":9,"key":"Nunchaku"}],"event_choices":[{"damage_healed":0,"gold_gain":0,"player_choice":"Left Gold","damage_taken":0,"max_hp_gain":0,"max_hp_loss":0,"event_name":"World of Goop","floor":12,"gold_loss":37},{"cards_removed":["Strike_R"],"damage_healed":0,"gold_gain":0,"player_choice":"Offered Basic","damage_taken":0,"max_hp_gain":0,"max_hp_loss":0,"event_name":"Bonfire Elementals","floor":20,"gold_loss":0}],"is_beta":false,"boss_relics":[{"not_picked":["SacredBark","Black Star"],"picked":"Tiny House"}],"items_purged_floors":[19],"is_endless":false,"potions_floor_spawned":[3,5,8,11,22],"killed_by":"Slavers","ascension_level":13}}