{"host":"pfy6u49v5s5r680p","time":1609492838,"event":{"mods":["BaseMod","Colored Map","DeckTracker","Highlight Path","Keyboard Shortcuts","Minty Spire (QoL Compilation)","Permanent Neow","Quick Restart","StSLib","SuperFastMode","everything is the same but u backflip on backflip"],"gold_per_floor":[111,121,46,63,63,63,81,81,81,101,133,149,149,166,166,269,269,284,284,299,13,26,26,26,37,60,60,60,60,60,60],"floor_reached":30,"playtime":2661,"items_purged":["Strike_R"],"score":338,"play_id":"6916e4d1-e5b8-45c4-ac7f-edfbbb3d8884","local_time":"20210101182038","is_ascension_mode":true,"campfire_choices":[{"data":"Enlightenment","floor":6.0,"key":"SMITH"},{"data":"Sever Soul","floor":8.0,"key":"SMITH"},{"data":"Searing Blow","floor":13.0,"key":"SMITH"},{"data":"Searing Blow+1","floor":15.0,"key":"SMITH"},{"data":"Searing Blow+2","floor":23.0,"key":"SMITH"},{"data":"Searing Blow+3","floor":28.0,"key":"SMITH"}],"circlet_count":0,"master_deck":["Defend_R","Defend_R","Defend_R","Defend_R","Bash","Enlightenment+1","Clothesline","Sever Soul+1","Wild Strike","Headbutt","Anger","Searing Blow+4","Offering","Double Tap","Wild Strike+1","Sentinel","Corruption","Clash+1","Sever Soul","Decay","Bite","Bite","Bite","Bite","Bite"],"relics":["Burning Blood","Self Forming Clay","SlaversCollar","Nloth\u0027s Gift","Strange Spoon","Bag of Marbles"],"acts_visited":["Exordium","TheCity"],"potions_floor_usage":[30],"damage_taken":[{"damage":6.0,"enemies":"Cultist","floor":1.0,"turns":3.0},{"damage":14.0,"enemies":"2 Louse","floor":2.0,"turns":3.0},{"damage":0.0,"enemies":"Jaw Worm","floor":4.0,"turns":3.0},{"damage":20.0,"enemies":"3 Louse","floor":7.0,"turns":3.0},{"damage":11.0,"enemies":"Large Slime","floor":10.0,"turns":6.0},{"damage":25.0,"enemies":"Gremlin Nob","floor":11.0,"turns":4.0},{"damage":8.0,"enemies":"Blue Slaver","floor":12.0,"turns":2.0},{"damage":9.0,"enemies":"Exordium Wildlife","floor":14.0,"turns":2.0},{"damage":28.0,"enemies":"The Guardian","floor":16.0,"turns":7.0},{"damage":15.0,"enemies":"Shell Parasite","floor":18.0,"turns":4.0},{"damage":12.0,"enemies":"Chosen","floor":20.0,"turns":4.0},{"damage":36.0,"enemies":"Snake Plant","floor":22.0,"turns":4.0},{"damage":31.0,"enemies":"Chosen and Byrds","floor":25.0,"turns":5.0},{"damage":6,"enemies":"Slavers","floor":30,"turns":1}],"seed_played":"4151914024297787716","potions_obtained":[{"floor":4.0,"key":"SteroidPotion"},{"floor":7.0,"key":"Weak Potion"},{"floor":11.0,"key":"AttackPotion"},{"floor":14.0,"key":"PowerPotion"},{"floor":16.0,"key":"BloodPotion"},{"floor":20.0,"key":"Regen Potion"},{"floor":22.0,"key":"PowerPotion"},{"floor":25.0,"key":"EssenceOfSteel"}],"is_trial":false,"path_per_floor":["M","M","$","M","?","R","M","R","T","M","E","M","R","M","R","B",null,"M","?","M","$","M","R","$","M","T","?","R","?","E"],"character_chosen":"IRONCLAD","items_purchased":["Strange Spoon","Corruption"],"campfire_rested":0,"item_purchase_floors":[21,21],"current_hp_per_floor":[72,64,64,70,75,75,61,61,61,56,37,35,35,32,32,27,71,62,62,56,56,35,35,35,10,10,10,10,10,6,6],"gold":60,"neow_bonus":"RANDOM_COLORLESS","is_daily":false,"chose_seed":false,"campfire_upgraded":6,"win_rate":0.0,"timestamp":1609492838,"path_taken":["M","M","$","M","?","R","M","R","T","M","E","M","R","M","R","BOSS","M","?","?","$","M","R","$","M","T","?","R","?","E"],"items_purchased_type":["Relic","Card"],"build_version":"2020-12-22","purchased_purges":1,"victory":false,"max_hp_per_floor":[80,80,80,80,85,85,85,85,85,85,85,85,85,85,85,85,85,85,85,85,85,85,85,85,85,85,85,85,59,59,59],"card_choices":[{"not_picked":["Finesse","Discovery"],"picked":"Enlightenment","floor":0.0},{"not_picked":["Havoc","True Grit"],"picked":"Clothesline","floor":1.0},{"not_picked":["Clothesline","Entrench"],"picked":"Sever Soul","floor":2.0},{"not_picked":["Rupture","Reckless Charge"],"picked":"Wild Strike","floor":4.0},{"not_picked":["Dual Wield","Perfected Strike"],"picked":"Headbutt","floor":7.0},{"not_picked":["Combust","Cleave"],"picked":"Anger","floor":10.0},{"not_picked":["Havoc","Cleave"],"picked":"Searing Blow","floor":11.0},{"not_picked":["Perfected Strike","Twin Strike","Whirlwind"],"picked":"SKIP","floor":12.0},{"not_picked":["Armaments","True Grit"],"picked":"Offering","floor":14.0},{"not_picked":["Bludgeon","Exhume"],"picked":"Double Tap","floor":16.0},{"not_picked":["Clash","Shrug It Off+1"],"picked":"Wild Strike+1","floor":18.0},{"not_picked":["Carnage","Pommel Strike"],"picked":"Sentinel","floor":20.0},{"not_picked":["Dark Embrace","Wild Strike"],"picked":"Clash+1","floor":22.0},{"not_picked":["Anger+1","Flex"],"picked":"Sever Soul","floor":25.0}],"player_experience":86630,"relics_obtained":[{"floor":9.0,"key":"Self Forming Clay"},{"floor":11.0,"key":"Frozen Egg 2"},{"floor":26.0,"key":"Bag of Marbles"}],"event_choices":[{"damage_healed":0.0,"max_hp_gain":5.0,"max_hp_loss":0.0,"gold_gain":0.0,"event_name":"Big Fish","player_choice":"Donut","floor":5.0,"gold_loss":0.0,"damage_taken":0.0},{"damage_healed":0.0,"max_hp_gain":0.0,"max_hp_loss":0.0,"gold_gain":0.0,"event_name":"N\u0027loth","player_choice":"Traded Relic","floor":19.0,"relics_lost":["Frozen Egg 2"],"gold_loss":0.0,"damage_taken":0.0,"relics_obtained":["Nloth\u0027s Gift"]},{"damage_healed":0.0,"max_hp_gain":0.0,"max_hp_loss":0.0,"gold_gain":0.0,"event_name":"Forgotten Altar","player_choice":"Smashed Altar","floor":27.0,"gold_loss":0.0,"damage_taken":0.0,"cards_obtained":["Decay"]},{"damage_healed":0.0,"max_hp_gain":0.0,"max_hp_loss":26.0,"gold_gain":0.0,"event_name":"Vampires","player_choice":"Became a vampire","floor":29.0,"gold_loss":0.0,"damage_taken":0.0,"cards_obtained":["Bite","Bite","Bite","Bite","Bite"]}],"is_beta":false,"boss_relics":[{"not_picked":["Fusion Hammer","Tiny House"],"picked":"SlaversCollar"}],"items_purged_floors":[3],"is_endless":false,"potions_floor_spawned":[4,7,11,14,16,20,22,25],"killed_by":"Slavers","ascension_level":7}}