{"host":"44cj7v9849ev3ii0","time":1609468514,"event":{"mods":["BaseMod","Colored Powertips","Googly Eyes","Marisa£®ÏF”Í°°ƒß¿Ì…≥£©","Minty Spire (QoL Compilation)","Shop Mod","StSLib"],"gold_per_floor":[119,119,119,133,143,143,171,171,197,214,242,258,269,269,269,367,367,379,379,398,398,398,398],"floor_reached":22,"playtime":1278,"items_purged":[],"score":296,"play_id":"837a157a-f218-4edc-8816-e3627f9e8bad","local_time":"20210101103514","is_ascension_mode":false,"campfire_choices":[{"floor":6,"key":"RECALL"},{"floor":8,"key":"DIG"},{"floor":15,"key":"REST"}],"circlet_count":0,"master_deck":["Strike_P","Strike_P","Strike_P","Strike_P","Defend_P","Defend_P","Defend_P","Defend_P","Eruption","Vigilance","BowlingBash","WindmillStrike","ClearTheMind","FollowUp","Evaluate","Evaluate","Consecrate","FollowUp","DeusExMachina","Evaluate","MasterReality","Crescendo","FollowUp","Writhe"],"relics":["PureWater","NeowsBlessing","Boot","Shovel","Anchor","Strawberry","VioletLotus","Question Card","Damaru"],"acts_visited":["Exordium","TheCity"],"potions_floor_usage":[],"damage_taken":[{"damage":0,"enemies":"Small Slimes","floor":1,"turns":1},{"damage":0,"enemies":"Cultist","floor":4,"turns":1},{"damage":0,"enemies":"2 Louse","floor":5,"turns":1},{"damage":43,"enemies":"3 Sentries","floor":7,"turns":4},{"damage":0,"enemies":"Red Slaver","floor":10,"turns":3},{"damage":15,"enemies":"Lagavulin","floor":11,"turns":5},{"damage":0,"enemies":"Gremlin Gang","floor":12,"turns":2},{"damage":9,"enemies":"Large Slime","floor":13,"turns":4},{"damage":31,"enemies":"Slime Boss","floor":16,"turns":10},{"damage":38,"enemies":"Spheric Guardian","floor":18,"turns":4},{"damage":38,"enemies":"2 Thieves","floor":20,"turns":4},{"damage":31,"enemies":"Chosen and Byrds","floor":22,"turns":4}],"seed_played":"4888856189327162903","potions_obtained":[{"floor":4,"key":"Weak Potion"},{"floor":5,"key":"SmokeBomb"},{"floor":10,"key":"Block Potion"},{"floor":13,"key":"BottledMiracle"}],"is_trial":false,"path_per_floor":["M","?","?","M","M","R","E","R","T","M","E","M","M","?","R","B",null,"M","T","M","?","M"],"character_chosen":"WATCHER","items_purchased":[],"campfire_rested":1,"item_purchase_floors":[],"current_hp_per_floor":[72,69,69,69,69,69,26,26,26,26,18,18,9,9,32,1,79,41,41,3,3,0,0],"gold":398,"neow_bonus":"THREE_ENEMY_KILL","is_daily":false,"chose_seed":false,"campfire_upgraded":0,"win_rate":0.0,"timestamp":1609468514,"path_taken":["M","?","?","M","M","R","E","R","T","?","E","M","M","?","R","BOSS","M","?","?","?","M"],"items_purchased_type":[],"build_version":"2020-12-22","purchased_purges":0,"victory":false,"max_hp_per_floor":[72,72,72,72,72,72,72,72,72,72,79,79,79,79,79,79,79,79,79,79,79,79,79],"card_choices":[{"not_picked":["Swivel","PathToVictory"],"picked":"BowlingBash","floor":1},{"not_picked":["EmptyBody","Crescendo"],"picked":"FollowUp","floor":4},{"not_picked":["CarveReality","Consecrate"],"picked":"Evaluate","floor":5},{"not_picked":["Protect","Weave"],"picked":"Evaluate","floor":7},{"not_picked":["SashWhip","DeceiveReality"],"picked":"Consecrate","floor":10},{"not_picked":["EmptyBody","PathToVictory"],"picked":"FollowUp","floor":11},{"not_picked":["FlyingSleeves","InnerPeace"],"picked":"DeusExMachina","floor":12},{"not_picked":["Crescendo","ThirdEye"],"picked":"Evaluate","floor":13},{"not_picked":["LessonLearned","DevaForm"],"picked":"MasterReality","floor":16},{"not_picked":["Indignation","Wallop"],"picked":"Crescendo","floor":18},{"not_picked":["BowlingBash","CutThroughFate","Sanctity+1"],"picked":"FollowUp","floor":20}],"player_experience":16615,"relics_obtained":[{"floor":7,"key":"Shovel"},{"floor":8,"key":"Anchor"},{"floor":11,"key":"Strawberry"},{"floor":19,"key":"Question Card"}],"event_choices":[{"damage_healed":0,"gold_gain":0,"player_choice":"Success","damage_taken":3,"relics_obtained":["Boot"],"max_hp_gain":0,"max_hp_loss":0,"event_name":"Scrap Ooze","floor":2,"gold_loss":0},{"damage_healed":0,"gold_gain":0,"player_choice":"2 cards matched","damage_taken":0,"max_hp_gain":0,"max_hp_loss":0,"event_name":"Match and Keep!","floor":3,"gold_loss":0,"cards_obtained":["WindmillStrike","ClearTheMind"]},{"damage_healed":0,"gold_gain":0,"player_choice":"Ignored","damage_taken":0,"max_hp_gain":0,"max_hp_loss":0,"event_name":"NoteForYourself","floor":14,"gold_loss":0},{"damage_healed":0,"gold_gain":0,"player_choice":"Opened","damage_taken":0,"relics_obtained":["Damaru"],"max_hp_gain":0,"max_hp_loss":0,"event_name":"The Mausoleum","floor":21,"gold_loss":0,"cards_obtained":["Writhe"]}],"is_beta":false,"boss_relics":[{"not_picked":["Tiny House","Runic Dome"],"picked":"VioletLotus"}],"items_purged_floors":[],"is_endless":false,"potions_floor_spawned":[4,5,10,13,18,20],"killed_by":"Chosen and Byrds","ascension_level":0}}