{"host":"52m1o8iwwagurbjs","time":1609507129,"event":{"mods":["AchievementEnabler","BaseMod","Bestiary","Colored Powertips","GifTheSpireLib","Minty Spire (QoL Compilation)","Quick Restart","RNG Fix","Relic Stats","StSLib"],"gold_per_floor":[110,110,129,129,51,51,63,92,92,92,156,156,176,193,193,193,193],"floor_reached":16,"playtime":387,"items_purged":[],"score":168,"play_id":"5d4231eb-cc88-4adc-bb39-61973c02d27a","local_time":"20210101081849","is_ascension_mode":true,"campfire_choices":[{"data":"Carnage","floor":6.0,"key":"SMITH"},{"floor":10.0,"key":"REST"},{"data":"True Grit","floor":15,"key":"SMITH"}],"circlet_count":0,"master_deck":["AscendersBane","Strike_R+1","Strike_R","Strike_R","Strike_R","Defend_R+1","Defend_R","Defend_R","Defend_R","Bash","Carnage+1","Headbutt","Feed","Pommel Strike","Impervious","True Grit+1"],"relics":["Burning Blood","Tiny Chest","Mummified Hand","Unceasing Top","Ornamental Fan","PreservedInsect"],"acts_visited":["Exordium"],"potions_floor_usage":[],"damage_taken":[{"damage":1.0,"enemies":"2 Louse","floor":1.0,"turns":4.0},{"damage":0.0,"enemies":"Small Slimes","floor":3.0,"turns":3.0},{"damage":0.0,"enemies":"Jaw Worm","floor":7.0,"turns":2.0},{"damage":47.0,"enemies":"Lagavulin","floor":8.0,"turns":6.0},{"damage":21.0,"enemies":"Gremlin Gang","floor":11.0,"turns":4.0},{"damage":13,"enemies":"Gremlin Gang","floor":13,"turns":5},{"damage":0,"enemies":"2 Fungi Beasts","floor":14,"turns":2},{"damage":49,"enemies":"The Guardian","floor":16,"turns":6}],"seed_played":"349876937672088690","potions_obtained":[{"floor":3.0,"key":"Explosive Potion"},{"floor":8.0,"key":"SmokeBomb"}],"is_trial":false,"path_per_floor":["M","?","M","?","$","R","M","E","T","R","M","?","M","M","R","B"],"character_chosen":"IRONCLAD","items_purchased":["DistilledChaos"],"campfire_rested":1,"item_purchase_floors":[5],"current_hp_per_floor":[77,61,67,64,64,64,70,32,32,56,44,44,40,46,46,0,0],"gold":193,"neow_bonus":"RANDOM_COMMON_RELIC","is_daily":false,"chose_seed":false,"campfire_upgraded":2,"win_rate":0.0,"timestamp":1609507129,"path_taken":["M","?","M","?","$","R","M","E","T","R","?","?","M","M","R","BOSS"],"items_purchased_type":["Potion"],"build_version":"2020-12-22","purchased_purges":0,"victory":false,"max_hp_per_floor":[80,80,80,80,80,80,80,83,83,83,86,86,89,89,89,89,89],"relic_stats":{"counters":[8,32],"Mummified Hand":[0],"Ornamental Fan":[8],"Tiny Chest":1,"PreservedInsect":0,"obtain_stats":[{"Mummified Hand":4,"Ornamental Fan":9,"Tiny Chest":0,"PreservedInsect":11,"Burning Blood":0,"Unceasing Top":8},{"Mummified Hand":2,"Ornamental Fan":4,"Tiny Chest":0,"PreservedInsect":5,"Burning Blood":0,"Unceasing Top":4},{"Mummified Hand":7,"Ornamental Fan":15,"Tiny Chest":0,"PreservedInsect":19,"Burning Blood":0,"Unceasing Top":15}],"Burning Blood":42,"Unceasing Top":[0]},"card_choices":[{"not_picked":["Sever Soul","Flex"],"picked":"Carnage","floor":1.0},{"not_picked":["Heavy Blade","Perfected Strike"],"picked":"Headbutt","floor":3.0},{"not_picked":["Clothesline","Blood for Blood"],"picked":"Feed","floor":7.0},{"not_picked":["Clash","Body Slam"],"picked":"Pommel Strike","floor":8.0},{"not_picked":["Thunderclap","Cleave"],"picked":"Impervious","floor":13},{"not_picked":["Carnage","Clothesline"],"picked":"True Grit","floor":14}],"player_experience":1076671,"relics_obtained":[{"floor":8.0,"key":"Unceasing Top"},{"floor":9.0,"key":"Ornamental Fan"},{"floor":11,"key":"PreservedInsect"}],"event_choices":[{"damage_healed":0.0,"max_hp_gain":0.0,"max_hp_loss":0.0,"gold_gain":0.0,"event_name":"Shining Light","player_choice":"Entered Light","floor":2.0,"gold_loss":0.0,"damage_taken":16.0,"cards_upgraded":["Strike_R","Defend_R"]},{"damage_healed":0.0,"max_hp_gain":0.0,"max_hp_loss":0.0,"gold_gain":0.0,"event_name":"Scrap Ooze","player_choice":"Success","floor":4.0,"gold_loss":0.0,"damage_taken":3.0,"relics_obtained":["Mummified Hand"]},{"cards_removed":["Strike_R"],"damage_healed":0,"gold_gain":0,"player_choice":"Forget","damage_taken":0,"max_hp_gain":0,"max_hp_loss":0,"event_name":"Living Wall","floor":12,"gold_loss":0}],"is_beta":false,"boss_relics":[],"items_purged_floors":[],"is_endless":false,"potions_floor_spawned":[3,7,8],"killed_by":"The Guardian","ascension_level":13}}