{"host":"klzxa3457b6fcx00","time":1609491920,"event":{"mods":["AchievementEnabler","BaseMod","Downfall","Minty Spire (QoL Compilation)","Replay The Spire","StSLib"],"gold_per_floor":[115,132,307,324,324,324,355,355,355,355,355,382,396,409,409,512,512,512],"floor_reached":17,"playtime":556,"items_purged":[],"score":165,"play_id":"ae9f3fb9-1a69-4cfd-847e-1a5208cac365","local_time":"20210101160520","is_ascension_mode":false,"campfire_choices":[{"data":"Rampage","floor":6,"key":"SMITH"},{"floor":8,"key":"REST"},{"floor":11,"key":"REST"},{"floor":15,"key":"REST"}],"circlet_count":0,"master_deck":["Strike_R","Strike_R","Strike_R","Defend_R","Defend_R+1","Defend_R","Defend_R","Bash","Rampage+1","Doubt","Cleave","Reaper","Flex"],"relics":["Burning Blood","Replay:Bottled Snecko","Replay:Baseball","Counterbalance"],"acts_visited":["Exordium","TheCity"],"potions_floor_usage":[7,16,16],"damage_taken":[{"damage":2,"enemies":"2 Louse","floor":1,"turns":3},{"damage":22,"enemies":"Jaw Worm","floor":2,"turns":6},{"damage":7,"enemies":"Small Slimes","floor":4,"turns":4},{"damage":61,"enemies":"Lagavulin","floor":7,"turns":11},{"damage":28,"enemies":"3 Sentries","floor":12,"turns":8},{"damage":7,"enemies":"2 Fungi Beasts","floor":13,"turns":4},{"damage":29,"enemies":"Large Slime","floor":14,"turns":7},{"damage":52,"enemies":"Hexaghost","floor":16,"turns":11}],"seed_played":"6334913843903977212","potions_obtained":[{"floor":4,"key":"Explosive Potion"},{"floor":13,"key":"Dexterity Potion"},{"floor":14,"key":"SkillPotion"},{"floor":16,"key":"hexamod:EctoCoolerPotion"}],"is_trial":false,"path_per_floor":["M","M","?","M","?","R","E","R","T","?","R","E","M","M","R","B",null],"character_chosen":"IRONCLAD","items_purchased":[],"campfire_rested":3,"item_purchase_floors":[],"current_hp_per_floor":[80,64,64,63,63,63,8,32,32,32,56,46,53,36,60,18,80,80],"gold":512,"neow_bonus":"REMOVE_CARD","is_daily":false,"chose_seed":false,"campfire_upgraded":1,"win_rate":0.0,"timestamp":1609491920,"path_taken":["M","M","?","M","?","R","E","R","T","?","R","E","?","M","R","BOSS"],"items_purchased_type":[],"build_version":"2020-12-22","purchased_purges":0,"victory":false,"max_hp_per_floor":[80,80,80,80,80,80,80,80,80,80,80,80,80,80,80,80,80,80],"card_choices":[{"not_picked":["Replay:Undeath\u0027s Touch","Second Wind","ReplayTheSpireMod:Strike From Hell"],"picked":"SKIP","floor":1},{"not_picked":["Clothesline","Ghostly Armor"],"picked":"Rampage","floor":2},{"not_picked":["Rupture","True Grit","Iron Wave"],"picked":"SKIP","floor":4},{"not_picked":["Rage","Armaments"],"picked":"Cleave","floor":7},{"not_picked":["Dropkick","ReplayTheSpireMod:Limb From Limb","Havoc"],"picked":"SKIP","floor":12},{"not_picked":["ReplayTheSpireMod:Strike From Hell","Body Slam"],"picked":"Flex","floor":13},{"not_picked":["ReplayTheSpireMod:Limb From Limb","Massacre","Clash"],"picked":"SKIP","floor":14}],"player_experience":236618,"relics_obtained":[{"floor":7,"key":"Replay:Bottled Snecko"},{"floor":9,"key":"Replay:Baseball"},{"floor":12,"key":"Counterbalance"}],"event_choices":[{"damage_healed":0,"gold_gain":175,"player_choice":"AGREE","damage_taken":0,"max_hp_gain":0,"max_hp_loss":0,"event_name":"Liars Game","floor":3,"gold_loss":0,"cards_obtained":["Doubt"]},{"damage_healed":0,"gold_gain":0,"cards_transformed":["Strike_R"],"player_choice":"Transformed","damage_taken":0,"max_hp_gain":0,"max_hp_loss":0,"event_name":"Transmorgrifier","floor":10,"gold_loss":0,"cards_obtained":["Reaper"]}],"is_beta":false,"boss_relics":[{"not_picked":["Replay:Drink Me","Cursed Key","ReplayTheSpireMod:DimensionalGlitch"]}],"items_purged_floors":[],"is_endless":false,"potions_floor_spawned":[4,13,14,16],"ascension_level":0}}