{"host":"52m1o8iwwagurbjs","time":1609461059,"event":{"mods":["AchievementEnabler","BaseMod","Bestiary","Colored Powertips","GifTheSpireLib","Minty Spire (QoL Compilation)","Quick Restart","RNG Fix","Relic Stats","StSLib"],"gold_per_floor":[119,139,139,151,35,49,63,63,110,136,153,153,27,39,39,114,114,129,44,37,37,37,37,47,47,47,82,97,116,116,133,133,208,208,223,223,60,60,70,70,96,96,96,109,120,120,20,39,39,39,39],"floor_reached":50,"playtime":2146,"items_purged":["Strike_B","Meteor Strike+1"],"score":1016,"play_id":"d258d71d-d650-4653-b615-0643c3154cce","local_time":"20201231193059","is_ascension_mode":true,"campfire_choices":[{"floor":8.0,"key":"REST"},{"data":"Defragment","floor":12.0,"key":"SMITH"},{"data":"Capacitor","floor":15.0,"key":"SMITH"},{"data":"Amplify","floor":23.0,"key":"SMITH"},{"data":"Zap","floor":25.0,"key":"SMITH"},{"data":"Ghostly","floor":30.0,"key":"SMITH"},{"floor":32.0,"key":"REST"},{"data":"Turbo","floor":40.0,"key":"SMITH"},{"data":"Biased Cognition","floor":42.0,"key":"SMITH"},{"floor":49.0,"key":"REST"}],"circlet_count":0,"master_deck":["AscendersBane","Strike_B","Defend_B","Defend_B","Zap+1","Dualcast","Capacitor+1","Leap","Defragment+1","Glacier","Force Field","Chill","Skim","Sweeping Beam","Ball Lightning","Glacier","Amplify+1","BootSequence","Ghostly+1","Ghostly","Ghostly","Biased Cognition+1","Seek+1","Machine Learning+1","Turbo+1","Fusion","Fusion+1"],"relics":["Cracked Core","Pen Nib","StoneCalendar","Runic Pyramid","Lantern","Mercury Hourglass","StrikeDummy","Astrolabe","PreservedInsect","ClockworkSouvenir","Blue Candle"],"acts_visited":["Exordium","TheCity","TheBeyond"],"potions_floor_usage":[],"damage_taken":[{"damage":7.0,"enemies":"Jaw Worm","floor":1.0,"turns":4.0},{"damage":2.0,"enemies":"2 Louse","floor":2.0,"turns":3.0},{"damage":20.0,"enemies":"Small Slimes","floor":4.0,"turns":5.0},{"damage":7.0,"enemies":"Blue Slaver","floor":6.0,"turns":5.0},{"damage":12.0,"enemies":"3 Louse","floor":7.0,"turns":4.0},{"damage":0.0,"enemies":"Lagavulin","floor":10.0,"turns":11.0},{"damage":0.0,"enemies":"2 Fungi Beasts","floor":11.0,"turns":3.0},{"damage":7.0,"enemies":"Blue Slaver","floor":14.0,"turns":4.0},{"damage":21.0,"enemies":"The Guardian","floor":16.0,"turns":10.0},{"damage":3.0,"enemies":"Shell Parasite","floor":18.0,"turns":9.0},{"damage":18.0,"enemies":"2 Thieves","floor":20.0,"turns":4.0},{"damage":0.0,"enemies":"Sentry and Sphere","floor":24.0,"turns":7.0},{"damage":8.0,"enemies":"Slavers","floor":27.0,"turns":7.0},{"damage":7.0,"enemies":"Centurion and Healer","floor":28.0,"turns":7.0},{"damage":0.0,"enemies":"Snake Plant","floor":29.0,"turns":5.0},{"damage":10.0,"enemies":"Sentry and Sphere","floor":31.0,"turns":7.0},{"damage":23.0,"enemies":"Collector","floor":33.0,"turns":15.0},{"damage":0.0,"enemies":"3 Darklings","floor":35.0,"turns":6.0},{"damage":3.0,"enemies":"Orb Walker","floor":39.0,"turns":5.0},{"damage":5.0,"enemies":"Nemesis","floor":41.0,"turns":7.0},{"damage":1.0,"enemies":"3 Darklings","floor":44.0,"turns":6.0},{"damage":2.0,"enemies":"Sphere and 2 Shapes","floor":45.0,"turns":8.0},{"damage":1.0,"enemies":"Spire Growth","floor":48.0,"turns":7.0},{"damage":18,"enemies":"Time Eater","floor":50,"turns":6}],"seed_played":"-7268319346451595035","potions_obtained":[{"floor":2.0,"key":"DistilledChaos"},{"floor":7.0,"key":"DuplicationPotion"},{"floor":10.0,"key":"FairyPotion"},{"floor":14.0,"key":"SkillPotion"},{"floor":18.0,"key":"FearPotion"},{"floor":27.0,"key":"Explosive Potion"},{"floor":31.0,"key":"Ancient Potion"},{"floor":41.0,"key":"Weak Potion"},{"floor":44.0,"key":"SteroidPotion"}],"is_trial":false,"path_per_floor":["M","M","?","M","$","M","M","R","T","E","M","R","$","M","R","B",null,"M","?","M","?","?","R","M","R","T","E","M","M","R","M","R","B",null,"M","?","$","?","M","R","E","R","T","M","M","?","$","M","R","B"],"character_chosen":"DEFECT","items_purchased":["Defragment","Glacier","Ball Lightning","ClockworkSouvenir"],"campfire_rested":3,"item_purchase_floors":[5,5,13,37],"current_hp_per_floor":[64,62,67,47,47,40,28,52,52,52,52,52,52,45,45,24,68,65,65,47,47,41,41,41,41,41,33,26,26,26,16,28,5,32,32,32,32,32,29,29,24,24,24,23,21,21,21,20,32,14,14],"gold":39,"neow_bonus":"TEN_PERCENT_HP_BONUS","is_daily":false,"chose_seed":false,"campfire_upgraded":7,"win_rate":0.0,"timestamp":1609461059,"path_taken":["M","M","?","M","$","?","M","R","T","E","M","R","$","M","R","BOSS","M","?","M","?","?","R","M","R","T","E","M","M","R","?","R","BOSS","M","?","$","?","M","R","E","R","T","M","M","?","$","?","R","BOSS"],"items_purchased_type":["Card","Card","Card","Relic"],"build_version":"2020-12-22","purchased_purges":2,"victory":false,"max_hp_per_floor":[78,78,83,83,83,83,83,83,83,83,83,83,83,83,83,83,83,83,83,83,83,41,41,41,41,41,41,41,41,41,41,41,41,41,41,41,41,41,41,41,41,41,41,41,41,41,41,41,41,41,41],"relic_stats":{"counters":[24,154],"Astrolabe":["Meteor Strike","Seek","Machine Learning"],"Blue Candle":[1],"StoneCalendar":[360],"Pen Nib":[11],"PreservedInsect":50,"obtain_stats":[{"Lantern":19,"Astrolabe":34,"Blue Candle":41,"StoneCalendar":10,"Pen Nib":9,"PreservedInsect":36,"Cracked Core":0,"StrikeDummy":27,"Runic Pyramid":17,"Mercury Hourglass":26,"ClockworkSouvenir":37},{"Lantern":10,"Astrolabe":17,"Blue Candle":20,"StoneCalendar":6,"Pen Nib":5,"PreservedInsect":18,"Cracked Core":0,"StrikeDummy":13,"Runic Pyramid":9,"Mercury Hourglass":12,"ClockworkSouvenir":18},{"Lantern":58,"Astrolabe":110,"Blue Candle":127,"StoneCalendar":32,"Pen Nib":21,"PreservedInsect":116,"Cracked Core":0,"StrikeDummy":76,"Runic Pyramid":49,"Mercury Hourglass":69,"ClockworkSouvenir":116}],"Mercury Hourglass":[357]},"card_choices":[{"not_picked":["Steam","Reinforced Body"],"picked":"Capacitor","floor":1.0},{"not_picked":["Compile Driver","Rip and Tear"],"picked":"Leap","floor":2.0},{"not_picked":["Turbo","Leap"],"picked":"Sunder","floor":4.0},{"not_picked":["Turbo","Consume"],"picked":"Force Field","floor":6.0},{"not_picked":["Consume","Melter"],"picked":"Chill","floor":7.0},{"not_picked":["Meteor Strike","Sunder"],"picked":"Skim","floor":10.0},{"not_picked":["Recycle","Coolheaded"],"picked":"Sweeping Beam","floor":11.0},{"not_picked":["Stack","Melter"],"picked":"Glacier","floor":14.0},{"not_picked":["All For One","Meteor Strike"],"picked":"Amplify","floor":16.0},{"not_picked":["Turbo","Reprogram"],"picked":"BootSequence","floor":18.0},{"not_picked":["Compile Driver","Redo","Coolheaded"],"picked":"SKIP","floor":20.0},{"not_picked":["Cold Snap","Gash","Conserve Battery+1"],"picked":"SKIP","floor":24.0},{"not_picked":["Leap+1","Compile Driver","Heatsinks"],"picked":"SKIP","floor":27.0},{"not_picked":["Hologram","Aggregate","Steam Power+1"],"picked":"SKIP","floor":28.0},{"not_picked":["Barrage","Darkness","Steam Power+1"],"picked":"SKIP","floor":29.0},{"not_picked":["Go for the Eyes","Cold Snap+1","Barrage+1"],"picked":"SKIP","floor":31.0},{"not_picked":["Reboot","Rainbow"],"picked":"Biased Cognition","floor":33.0},{"not_picked":["Force Field","Ball Lightning+1","Sweeping Beam"],"picked":"SKIP","floor":35.0},{"not_picked":["Static Discharge","Hologram"],"picked":"Turbo","floor":39.0},{"not_picked":["Coolheaded+1","Leap","Gash+1"],"picked":"SKIP","floor":41.0},{"not_picked":["Storm","Reprogram"],"picked":"Fusion","floor":44.0},{"not_picked":["Sweeping Beam+1","Gash"],"picked":"Fusion+1","floor":45.0},{"not_picked":["Gash","Steam","Turbo"],"picked":"SKIP","floor":48.0}],"player_experience":1071323,"relics_obtained":[{"floor":9.0,"key":"Pen Nib"},{"floor":10.0,"key":"StoneCalendar"},{"floor":26.0,"key":"Mercury Hourglass"},{"floor":27.0,"key":"StrikeDummy"},{"floor":41.0,"key":"Blue Candle"}],"event_choices":[{"damage_healed":0.0,"max_hp_gain":5.0,"max_hp_loss":0.0,"gold_gain":0.0,"event_name":"Big Fish","player_choice":"Donut","floor":3.0,"gold_loss":0.0,"damage_taken":0.0},{"damage_healed":0.0,"max_hp_gain":0.0,"max_hp_loss":0.0,"gold_gain":0.0,"event_name":"Addict","player_choice":"Obtained Relic","floor":19.0,"gold_loss":85.0,"damage_taken":0.0,"relics_obtained":["Lantern"]},{"damage_healed":0.0,"max_hp_gain":0.0,"max_hp_loss":0.0,"gold_gain":0.0,"event_name":"Vampires","player_choice":"Ignored","floor":21.0,"gold_loss":0.0,"damage_taken":0.0},{"damage_healed":0.0,"max_hp_gain":0.0,"max_hp_loss":42.0,"gold_gain":0.0,"event_name":"Ghosts","player_choice":"Became a Ghost","floor":22.0,"gold_loss":0.0,"damage_taken":0.0,"cards_obtained":["Ghostly","Ghostly","Ghostly"]},{"cards_removed":["Sunder"],"damage_healed":0.0,"max_hp_gain":0.0,"max_hp_loss":0.0,"gold_gain":0.0,"event_name":"WeMeetAgain","player_choice":"Gave Card","floor":36.0,"gold_loss":0.0,"damage_taken":0.0,"relics_obtained":["PreservedInsect"]},{"damage_healed":0.0,"max_hp_gain":0.0,"max_hp_loss":0.0,"gold_gain":0.0,"event_name":"SensoryStone","player_choice":"Memory 1","floor":38.0,"gold_loss":0.0,"damage_taken":0.0},{"cards_removed":["Strike_B"],"damage_healed":0.0,"max_hp_gain":0.0,"max_hp_loss":0.0,"gold_gain":0.0,"event_name":"Purifier","player_choice":"Purged","floor":46.0,"gold_loss":0.0,"damage_taken":0.0}],"is_beta":false,"boss_relics":[{"not_picked":["FrozenCore","Coffee Dripper"],"picked":"Runic Pyramid"},{"not_picked":["Tiny House","SlaversCollar"],"picked":"Astrolabe"}],"items_purged_floors":[13,47],"is_endless":false,"potions_floor_spawned":[2,7,10,14,18,27,31,41,44,48],"killed_by":"Time Eater","ascension_level":19}}