{"host":"1zjc08c6hob33401","time":1609535291,"event":{"mods":["AchievementEnabler","Act Like it!","Aspiration","BaseMod","Downfall","Energized Spire","Evolution","GifTheSpireLib","Hubris","Infinite Spire","Jedi Mod","Minty Spire (QoL Compilation)","Pale of the Ancients","Quick Restart","Replay The Spire","Retaliation","Shop Mod","StSLib","Stuff the Spire","The Blue Laboratory","Wandering Minibosses","vexMod"],"gold_per_floor":[114,130,130,145,145,145,172,172,172,185,200,217,236,8,8,104,104,122,135,135,135,135],"floor_reached":21,"playtime":1283,"items_purged":["StuffTheSpire:CuriosityCurse"],"score":229,"play_id":"67747fe0-3372-4ad1-9916-86d197252393","local_time":"20210101230811","is_ascension_mode":true,"campfire_choices":[{"data":"Multi-Cast","floor":6.0,"key":"SMITH"},{"floor":15.0,"key":"REST"}],"circlet_count":0,"master_deck":["jedi:BurstLightning","Strike_B","Strike_B","Strike_B","Defend_B","Defend_B","Defend_B","Zap","Dualcast","Multi-Cast+1","Glacier","Streamline","Madness","Machine Learning","Darkness","Defragment","jedi:blockon","Auto Shields","Echo Form","Hologram+1","Double Energy"],"relics":["Cracked Core","EVO:Axolotl","hubris:Towel","StuffTheSpire:DarkSteelAnvil","Eternal Feather","jedi:crownofsimplicity","Toy Ornithopter","energizedSpire:RedRose"],"acts_visited":["Exordium","TheCity"],"potions_floor_usage":[19,21],"damage_taken":[{"damage":12.0,"enemies":"Jaw Worm","floor":1.0,"turns":4.0},{"damage":12.0,"enemies":"Small Slimes","floor":2.0,"turns":2.0},{"damage":0.0,"enemies":"2 Louse","floor":4.0,"turns":1.0},{"damage":29.0,"enemies":"3 Sentries","floor":7.0,"turns":10.0},{"damage":11.0,"enemies":"Gremlin Gang","floor":10.0,"turns":3.0},{"damage":7.0,"enemies":"Looter","floor":11.0,"turns":3.0},{"damage":14.0,"enemies":"Exordium Wildlife","floor":12.0,"turns":3.0},{"damage":14.0,"enemies":"Gremlin Gang","floor":13.0,"turns":3.0},{"damage":40.0,"enemies":"Hexaghost","floor":16.0,"turns":12.0},{"damage":23.0,"enemies":"2 Thieves","floor":18.0,"turns":4.0},{"damage":28,"enemies":"3 Byrds","floor":19,"turns":5},{"damage":23,"enemies":"Shelled Parasite and Fungi","floor":21,"turns":1}],"seed_played":"-5908607825406380166","potions_obtained":[{"floor":1.0,"key":"blueLaboratory:FrostheartPotion"},{"floor":7.0,"key":"blueLaboratory:FruitPreserves"},{"floor":10.0,"key":"FearPotion"},{"floor":11.0,"key":"blueLaboratory:NullPotion"},{"floor":18.0,"key":"jedi:coolantleak"},{"floor":19,"key":"BlessingOfTheForge"}],"is_trial":false,"path_per_floor":["M","M","?","M","?","R","E","?","T","M","M","M","M","$","R","B",null,"M","M","$","M"],"character_chosen":"DEFECT","items_purchased":["Toy Ornithopter"],"campfire_rested":1,"item_purchase_floors":[14],"current_hp_per_floor":[63,51,51,51,51,51,22,22,22,11,4,23,9,9,40,5,58,35,12,12,0,0],"gold":135,"neow_bonus":"ONE_RANDOM_RARE_CARD","is_daily":false,"chose_seed":false,"campfire_upgraded":1,"win_rate":0.0,"timestamp":1609535291,"path_taken":["M","M","?","M","?","R","E","?","T","M","M","M","?","$","R","BOSS","M","M","$","M"],"items_purchased_type":["Relic"],"build_version":"2020-12-22","purchased_purges":1,"victory":false,"max_hp_per_floor":[75,75,75,75,75,75,75,75,75,75,75,75,75,75,75,75,75,75,75,75,75,75],"card_choices":[{"not_picked":["Reinforced Body","Steam Power"],"picked":"StuffTheSpire:SnapShoot","floor":1.0},{"not_picked":["Leap","Conserve Battery"],"picked":"Glacier","floor":2.0},{"not_picked":["Go for the Eyes","Crystallizer"],"picked":"Streamline","floor":4.0},{"not_picked":["Panic Button","Consume"],"picked":"Machine Learning","floor":7.0},{"not_picked":["ReplaySolidLightProjector","Reprogram"],"picked":"Darkness","floor":10.0},{"not_picked":["Conserve Battery","Stack"],"picked":"Defragment","floor":11.0},{"not_picked":["jedi:BurstLightning","Redo"],"picked":"jedi:blockon","floor":12.0},{"not_picked":["Go for the Eyes","Melter"],"picked":"Auto Shields","floor":13.0},{"not_picked":["hubris:SpecializedCircuitry","jedi:meditation"],"picked":"Echo Form","floor":16.0},{"not_picked":["Panic Button+1","Conserve Battery"],"picked":"Hologram+1","floor":18.0},{"not_picked":["StuffTheSpire:LoadUp","StuffTheSpire:NuclearReactor"],"picked":"Double Energy","floor":19}],"player_experience":435924,"relics_obtained":[{"floor":7.0,"key":"StuffTheSpire:DarkSteelAnvil"},{"floor":9.0,"key":"jedi:crownofsimplicity"}],"event_choices":[],"is_beta":false,"boss_relics":[{"not_picked":["hubris:ScarierMask","Velvet Choker"],"picked":"energizedSpire:RedRose"}],"items_purged_floors":[14],"is_endless":false,"potions_floor_spawned":[1,7,10,11,18,19],"killed_by":"Shelled Parasite and Fungi","ascension_level":5}}