{"host":"g0zlq7spi0ykrc8e","time":1609520352,"event":{"mods":["BaseMod","Colored Powertips","Friendly Minions","Kiyohime（清姬）","Minty Spire (QoL Compilation)","Quick Restart","Remilia（蕾米莉亚）","StSLib","UnlockEverythingMod","WarShipGirlsR/战舰少女R mod"],"gold_per_floor":[113,213,223,36,47,47,47,47],"floor_reached":7,"playtime":537,"items_purged":[],"score":41,"play_id":"81ac4ce3-ce7f-4335-970d-aff352896b61","local_time":"20210102005912","is_ascension_mode":false,"campfire_choices":[{"data":"KiyohimeMod:Shapeshift","floor":6,"key":"SMITH"}],"circlet_count":0,"master_deck":["KiyohimeMod:Strike","KiyohimeMod:Strike","KiyohimeMod:Strike","KiyohimeMod:Defend","KiyohimeMod:Defend","KiyohimeMod:Defend","KiyohimeMod:Defend","KiyohimeMod:Track","KiyohimeMod:FlameKiss","KiyohimeMod:Shapeshift+1","KiyohimeMod:AgainstMagic","KiyohimeMod:Berserker","KiyohimeMod:DragonVein","KiyohimeMod:AgainstMagic","KiyohimeMod:LimitedZeroOver"],"relics":["KiyohimeMod:FireDragon","Medical Kit"],"acts_visited":["Exordium"],"potions_floor_usage":[7],"damage_taken":[{"damage":0,"enemies":"Small Slimes","floor":1,"turns":4},{"damage":1,"enemies":"Cultist","floor":3,"turns":6},{"damage":0,"enemies":"2 Louse","floor":5,"turns":4},{"damage":64,"enemies":"Gremlin Nob","floor":7,"turns":6}],"seed_played":"-7908089077019209618","potions_obtained":[{"floor":3,"key":"Block Potion"}],"is_trial":false,"path_per_floor":["M","?","M","$","M","R","E"],"character_chosen":"Kiyohime","items_purchased":["Medical Kit","KiyohimeMod:AgainstMagic"],"campfire_rested":0,"item_purchase_floors":[4,4],"current_hp_per_floor":[60,60,59,59,59,59,0,0],"gold":47,"neow_bonus":"TRANSFORM_CARD","is_daily":false,"chose_seed":false,"campfire_upgraded":1,"win_rate":0.0,"timestamp":1609520352,"path_taken":["M","?","?","$","M","R","E"],"items_purchased_type":["Relic","Card"],"build_version":"2020-12-22","purchased_purges":0,"victory":false,"max_hp_per_floor":[60,60,60,60,60,60,60,60],"card_choices":[{"not_picked":["KiyohimeMod:CommandCard_Buster","KiyohimeMod:ImaginaryAround"],"picked":"KiyohimeMod:Berserker","floor":1},{"not_picked":["KiyohimeMod:EatSoul","KiyohimeMod:SteelTraining"],"picked":"KiyohimeMod:DragonVein","floor":3},{"not_picked":["KiyohimeMod:RedBlackKey","KiyohimeMod:Berserker"],"picked":"KiyohimeMod:LimitedZeroOver","floor":5}],"player_experience":136241,"relics_obtained":[],"event_choices":[{"damage_healed":0,"gold_gain":100,"player_choice":"Pray","damage_taken":0,"max_hp_gain":0,"max_hp_loss":0,"event_name":"Golden Shrine","floor":2,"gold_loss":0}],"is_beta":false,"boss_relics":[],"items_purged_floors":[],"is_endless":false,"potions_floor_spawned":[3],"killed_by":"Gremlin Nob","ascension_level":0}}