{"host":"xcuflocadasoaqda","time":1609545326,"event":{"mods":["BaseMod","Bestiary","Filter the Spire","Minty Spire (QoL Compilation)","Relic Stats"],"gold_per_floor":[119,119,133,143,143,143,176,251,306,345,360,119,119,174,174,251,251,268,282,282,282,182,210,249,288,288,203,203,216,91,121,121,196,196,216,66,75,95,111,136,136,136,136,136,170,188,188,205,205,205,205,205,205,30,61,61],"floor_reached":57,"playtime":2630,"items_purged":["Vigilance","Evaluate","DeceiveReality","BattleHymn","FearNoEvil+1"],"score":3648,"play_id":"5235a67c-bf6e-4c78-a38f-f14c6658f78e","local_time":"20210101175526","is_ascension_mode":true,"campfire_choices":[{"data":"Eruption","floor":6,"key":"SMITH"},{"data":"Halt","floor":13,"key":"SMITH"},{"data":"Vengeance","floor":15,"key":"SMITH"},{"data":"TalkToTheHand","floor":28,"key":"SMITH"},{"data":"InnerPeace","floor":32,"key":"SMITH"},{"floor":41,"key":"RECALL"},{"data":"ClearTheMind","floor":47,"key":"SMITH"},{"data":"CutThroughFate","floor":49,"key":"SMITH"},{"data":"FearNoEvil","floor":53,"key":"SMITH"}],"circlet_count":0,"master_deck":["AscendersBane","Eruption+1","Vengeance+1","ClearTheMind+1","CutThroughFate+1","Scrawl+1","InnerPeace+1","Halt+1","FearNoEvil+1","TalkToTheHand+1"],"relics":["Pandora\u0027s Box","CeramicFish","Ginger","Damaru","Mercury Hourglass","Medical Kit","MealTicket","VioletLotus","Bottled Lightning","Red Mask","Prayer Wheel","Singing Bowl","Shuriken","Pantograph","Philosopher\u0027s Stone","Bag of Marbles","Letter Opener","InkBottle"],"acts_visited":["Exordium","TheCity","TheBeyond","TheEnding"],"potions_floor_usage":[23,23,38,56,56],"damage_taken":[{"damage":0,"enemies":"Jaw Worm","floor":1,"turns":3},{"damage":0,"enemies":"2 Louse","floor":3,"turns":2},{"damage":0,"enemies":"Small Slimes","floor":4,"turns":2},{"damage":0,"enemies":"Lagavulin","floor":7,"turns":4},{"damage":0,"enemies":"Gremlin Nob","floor":10,"turns":2},{"damage":0,"enemies":"3 Louse","floor":11,"turns":2},{"damage":0,"enemies":"Lagavulin Event","floor":14,"turns":3},{"damage":6,"enemies":"Slime Boss","floor":16,"turns":7},{"damage":0,"enemies":"Chosen","floor":18,"turns":2},{"damage":0,"enemies":"Spheric Guardian","floor":19,"turns":2},{"damage":25,"enemies":"Slavers","floor":23,"turns":2},{"damage":0,"enemies":"Masked Bandits","floor":24,"turns":1},{"damage":0,"enemies":"Gremlin Leader","floor":25,"turns":2},{"damage":0,"enemies":"Chosen and Byrds","floor":29,"turns":3},{"damage":0,"enemies":"Book of Stabbing","floor":31,"turns":4},{"damage":0,"enemies":"Collector","floor":33,"turns":4},{"damage":0,"enemies":"Orb Walker","floor":35,"turns":2},{"damage":0,"enemies":"3 Shapes","floor":38,"turns":4},{"damage":0,"enemies":"Maw","floor":39,"turns":3},{"damage":0,"enemies":"Giant Head","floor":40,"turns":4},{"damage":0,"enemies":"Reptomancer","floor":45,"turns":2},{"damage":0,"enemies":"4 Shapes","floor":46,"turns":1},{"damage":0,"enemies":"Writhing Mass","floor":48,"turns":1},{"damage":0,"enemies":"Donu and Deca","floor":50,"turns":4},{"damage":0,"enemies":"Awakened One","floor":51,"turns":3},{"damage":0,"enemies":"Shield and Spear","floor":55,"turns":1},{"damage":25,"enemies":"The Heart","floor":56,"turns":6}],"seed_played":"4316713865787466205","potions_obtained":[{"floor":7,"key":"EssenceOfSteel"},{"floor":10,"key":"BlessingOfTheForge"},{"floor":23,"key":"Regen Potion"},{"floor":24,"key":"Explosive Potion"},{"floor":25,"key":"Block Potion"},{"floor":39,"key":"Dexterity Potion"},{"floor":40,"key":"Swift Potion"}],"is_trial":false,"path_per_floor":["M","?","M","M","?","R","E","?","T","E","M","$","R","?","R","B",null,"M","M","?","?","$","E","?","E","T","?","R","M","$","E","R","B",null,"M","$","?","M","M","E","R","?","T","$","E","M","R","M","R","B","B",null,"R","$","E","B",null],"character_chosen":"WATCHER","items_purchased":["Medical Kit"],"campfire_rested":0,"item_purchase_floors":[12],"current_hp_per_floor":[61,61,61,61,35,35,35,24,24,24,24,24,24,24,24,18,56,56,56,56,37,52,27,27,27,27,27,27,31,46,48,48,75,80,84,85,85,89,93,95,95,95,95,95,97,101,101,105,105,105,105,105,105,105,107,82],"gold":61,"neow_bonus":"BOSS_RELIC","is_daily":false,"chose_seed":false,"campfire_upgraded":8,"win_rate":0.0,"timestamp":1609545326,"path_taken":["M","?","M","M","?","R","E","?","T","E","M","$","R","?","R","BOSS","M","M","?","?","$","E","?","E","T","?","R","?","$","E","R","BOSS","M","$","?","?","?","E","R","?","T","$","E","M","R","M","R","BOSS","BOSS","R","$","E","BOSS"],"items_purchased_type":["Relic"],"build_version":"2020-12-22","purchased_purges":5,"victory":true,"max_hp_per_floor":[68,68,68,68,68,68,68,68,68,68,68,68,68,68,68,68,68,68,68,68,73,73,73,73,73,73,73,73,77,77,79,79,81,81,85,85,85,89,93,95,95,95,95,95,97,101,101,105,105,105,105,105,105,105,107,107],"relic_stats":{"Singing Bowl":34,"counters":[27,75],"CeramicFish":36,"Ginger":[15],"Letter Opener":[145],"Medical Kit":[3],"Mercury Hourglass":[294],"Shuriken":[69],"Pantograph":25,"Pandora\u0027s Box":["Vengeance","ClearTheMind","Evaluate","CutThroughFate","DeceiveReality","BattleHymn","Consecrate","Scrawl"],"MealTicket":31,"Prayer Wheel":6,"VioletLotus":[87],"obtain_stats":[{"Singing Bowl":26,"CeramicFish":5,"Damaru":9,"Ginger":7,"Letter Opener":45,"Medical Kit":12,"Mercury Hourglass":10,"Shuriken":27,"Pantograph":31,"Pandora\u0027s Box":0,"MealTicket":14,"Prayer Wheel":25,"Philosopher\u0027s Stone":34,"VioletLotus":17,"Red Mask":24,"Bag of Marbles":40,"Bottled Lightning":23,"PureWater":0,"InkBottle":55},{"Singing Bowl":13,"CeramicFish":3,"Damaru":4,"Ginger":4,"Letter Opener":21,"Medical Kit":6,"Mercury Hourglass":5,"Shuriken":13,"Pantograph":15,"Pandora\u0027s Box":0,"MealTicket":7,"Prayer Wheel":13,"Philosopher\u0027s Stone":16,"VioletLotus":8,"Red Mask":12,"Bag of Marbles":20,"Bottled Lightning":11,"PureWater":0,"InkBottle":26},{"Singing Bowl":33,"CeramicFish":7,"Damaru":11,"Ginger":11,"Letter Opener":59,"Medical Kit":15,"Mercury Hourglass":13,"Shuriken":33,"Pantograph":40,"Pandora\u0027s Box":0,"MealTicket":18,"Prayer Wheel":33,"Philosopher\u0027s Stone":44,"VioletLotus":24,"Red Mask":31,"Bag of Marbles":57,"Bottled Lightning":30,"PureWater":0,"InkBottle":69}],"InkBottle":[7]},"card_choices":[{"not_picked":["Evaluate","EmptyFist","ClearTheMind"],"picked":"SKIP","floor":1},{"not_picked":["Evaluate","EmptyFist","ClearTheMind"],"picked":"SKIP","floor":1},{"not_picked":["JustLucky","SashWhip","Weave"],"picked":"SKIP","floor":3},{"not_picked":["ClearTheMind","ThirdEye"],"picked":"InnerPeace","floor":4},{"not_picked":["Fasting2","FollowUp","InnerPeace"],"picked":"SKIP","floor":7},{"not_picked":["CrushJoints","Collect"],"picked":"Halt","floor":10},{"not_picked":["DeceiveReality","ReachHeaven","Conclude"],"picked":"SKIP","floor":11},{"not_picked":["DeceiveReality","ReachHeaven","Conclude"],"picked":"SKIP","floor":11},{"not_picked":["Prostrate","Halt+1","Wireheading"],"picked":"SKIP","floor":18},{"not_picked":["BowlingBash","ClearTheMind","WheelKick"],"picked":"SKIP","floor":19},{"not_picked":["FollowUp","WaveOfTheHand","ClearTheMind"],"picked":"SKIP","floor":23},{"not_picked":["FlyingSleeves","ThirdEye"],"picked":"FearNoEvil","floor":24},{"not_picked":["FlyingSleeves","Indignation"],"picked":"TalkToTheHand","floor":25},{"not_picked":["Alpha","Wireheading","FollowUp"],"picked":"Singing Bowl","floor":29},{"not_picked":["JustLucky","EmptyMind","Prostrate"],"picked":"Singing Bowl","floor":29},{"not_picked":["BowlingBash","Prostrate","EmptyMind"],"picked":"Singing Bowl","floor":31},{"not_picked":["Scrawl","LessonLearned","ConjureBlade"],"picked":"Singing Bowl","floor":33},{"not_picked":["SandsOfTime","Weave","Consecrate"],"picked":"Singing Bowl","floor":35},{"not_picked":["FlyingSleeves","CutThroughFate+1","Wireheading"],"picked":"Singing Bowl","floor":35},{"not_picked":["FollowUp","Protect+1","Sanctity"],"picked":"Singing Bowl","floor":38},{"not_picked":["Prostrate","BowlingBash","Wallop"],"picked":"Singing Bowl","floor":38},{"not_picked":["Alpha","CrushJoints","Consecrate"],"picked":"Singing Bowl","floor":39},{"not_picked":["ThirdEye","Conclude","ClearTheMind+1"],"picked":"Singing Bowl","floor":39},{"not_picked":["EmptyBody+1","PathToVictory","CrushJoints"],"picked":"Singing Bowl","floor":40},{"not_picked":["ClearTheMind","Swivel","InnerPeace"],"picked":"Singing Bowl","floor":45},{"not_picked":["Consecrate","EmptyMind+1","Prostrate"],"picked":"Singing Bowl","floor":46},{"not_picked":["Halt","PathToVictory+1","Consecrate"],"picked":"Singing Bowl","floor":46},{"not_picked":["Weave","MasterReality","Swivel+1"],"picked":"Singing Bowl","floor":48},{"not_picked":["Crescendo","Consecrate","FlyingSleeves"],"picked":"Singing Bowl","floor":48},{"not_picked":["Protect+1","Indignation+1","Sanctity+1"],"picked":"Singing Bowl","floor":55}],"player_experience":1836736,"relics_obtained":[{"floor":7,"key":"Ginger"},{"floor":9,"key":"Damaru"},{"floor":10,"key":"Mercury Hourglass"},{"floor":14,"key":"MealTicket"},{"floor":23,"key":"Bottled Lightning"},{"floor":24,"key":"Red Mask"},{"floor":25,"key":"Prayer Wheel"},{"floor":26,"key":"Singing Bowl"},{"floor":31,"key":"Pantograph"},{"floor":40,"key":"Bag of Marbles"},{"floor":45,"key":"Letter Opener"},{"floor":55,"key":"InkBottle"}],"event_choices":[{"damage_healed":0,"gold_gain":0,"player_choice":"Grow","damage_taken":0,"max_hp_gain":0,"max_hp_loss":0,"event_name":"Living Wall","floor":2,"gold_loss":0,"cards_upgraded":["Scrawl"]},{"damage_healed":0,"gold_gain":0,"player_choice":"Success","damage_taken":26,"relics_obtained":["CeramicFish"],"max_hp_gain":0,"max_hp_loss":0,"event_name":"Scrap Ooze","floor":5,"gold_loss":0},{"damage_healed":0,"gold_gain":75,"player_choice":"Gather Gold","damage_taken":11,"max_hp_gain":0,"max_hp_loss":0,"event_name":"World of Goop","floor":8,"gold_loss":0},{"damage_healed":0,"gold_gain":0,"player_choice":"Searched \u00271\u0027 times","damage_taken":0,"max_hp_gain":0,"max_hp_loss":0,"event_name":"Dead Adventurer","floor":14,"gold_loss":0},{"damage_healed":0,"gold_gain":0,"player_choice":"Ignored","damage_taken":0,"max_hp_gain":0,"max_hp_loss":0,"event_name":"Vampires","floor":20,"gold_loss":0},{"damage_healed":0,"gold_gain":0,"player_choice":"Shed Blood","damage_taken":24,"max_hp_gain":5,"max_hp_loss":0,"event_name":"Forgotten Altar","floor":21,"gold_loss":0},{"damage_healed":0,"gold_gain":0,"player_choice":"Fought Bandits","damage_taken":0,"max_hp_gain":0,"max_hp_loss":0,"event_name":"Masked Bandits","floor":24,"gold_loss":0},{"damage_healed":0,"gold_gain":0,"player_choice":"Obtained Relic","damage_taken":0,"relics_obtained":["Shuriken"],"max_hp_gain":0,"max_hp_loss":0,"event_name":"Addict","floor":27,"gold_loss":85},{"damage_healed":0,"gold_gain":0,"cards_transformed":["Consecrate"],"player_choice":"Transformed","damage_taken":0,"max_hp_gain":0,"max_hp_loss":0,"event_name":"Transmorgrifier","floor":37,"gold_loss":0,"cards_obtained":["FearNoEvil"]},{"damage_healed":0,"gold_gain":0,"player_choice":"Upgraded","damage_taken":0,"max_hp_gain":0,"max_hp_loss":0,"event_name":"Upgrade Shrine","floor":42,"gold_loss":0,"cards_upgraded":["FearNoEvil"]}],"is_beta":false,"boss_relics":[{"not_picked":["Sozu","Empty Cage"],"picked":"VioletLotus"},{"not_picked":["SacredBark","Black Star"],"picked":"Philosopher\u0027s Stone"}],"items_purged_floors":[12,22,30,36,54],"is_endless":false,"potions_floor_spawned":[7,10,16,23,24,25,33,39,40,46,48],"ascension_level":20}}