{"host":"3c27c697js19kaoo","time":1609488624,"event":{"mods":["ATMod(°¢èªMod)","Aspiration","BaseMod","CapriCore","Dota2Spire","Hermit","Lobotomy","Minty Spire (QoL Compilation)","Quick Restart","Replay The Spire","Robot Space Explorer","RumiaBox-Â¶Ã×æ«µÄÉñÃØºÐ×Ó","Spicy Shops","StSLib","The Alterego","The Cursed","The Runesmith","The Servant 0.9.4","vexMod","¡¾¹¦ÄÜMod¡¿»ìãçÖ®»·ÐÞ¸´²¹¶¡","¡¾ÒÅÎï¿¨ÅÆ¡¿REMEMod"],"gold_per_floor":[118,39,39,55,55,55,96,125,125,52,52,93,93,111,111,236,236,251,251,251,6,6,6,42,57,107,47,68,101,101,141,141,269,269,284,264,264,41,41,41,174,174,226,226,226,269,310,371,371,371,371],"floor_reached":50,"playtime":2380,"items_purged":["Delirium","Regret"],"score":818,"play_id":"ca784a66-ba7b-4b30-8c44-86ae7750c46c","local_time":"20210101161024","is_ascension_mode":true,"campfire_choices":[{"data":"Storm of Steel","floor":6,"key":"SMITH"},{"floor":11,"key":"REST"},{"data":"AT_EssenceShift","floor":13,"key":"SMITH"},{"floor":15,"key":"REST"},{"data":"AT_ArcaneSupremacy","floor":23,"key":"SMITH"},{"floor":32,"key":"REST"},{"data":"Bullet Time","floor":42,"key":"SMITH"},{"floor":45,"key":"RECALL"}],"circlet_count":0,"master_deck":["Apo_SoulSlash","Apo_Charge","Apo_Charge","Apo_Charge","Apo_Beam","Apo_Beam","Apo_Beam","Apo_Execute","Apo_Slash","Apo_Slash","Apo_SoulSlash","Bullet Time+1","Prepared+1"],"relics":["Ring of the Snake","REME_ComplimentaryCards","AT_ATBox","CogitoBucket","Golden Idol","Bottled Lightning","Odd Mushroom","Darkstone Periapt","Dota2Spire:AssaultCuirass","BehaviorAdjustment","aspiration:MobileForge","MagicDraw4","ReplayTheSpireMod:Ring of Addiction","Potion Belt","Chameleon Ring","Ring of Hypnosis","vexMod:MemoryStick","aspiration:ChemicalBlood","LuminousBracelet","Dota2Spire:PhaseBoots","Juzu Bracelet","Snecko Scales","AT_EbonyIvory","AT_MibuBalloonWealth","ApostleMask","Gambling Chip","MealTicket","AtMidnight","ResearcherNote","Regal Pillow"],"acts_visited":["Exordium","TheCity","TheBeyond"],"potions_floor_usage":[7,12,25,31,31,33,33,33,33,41,41,41,41,50,50,50,50,50,50,50,50,50,50],"damage_taken":[{"damage":0,"enemies":"Cultist","floor":1,"turns":3},{"damage":8,"enemies":"Small Slimes","floor":4,"turns":3},{"damage":29,"enemies":"Lagavulin","floor":7,"turns":7},{"damage":16,"enemies":"The Mushroom Lair","floor":8,"turns":5},{"damage":0,"enemies":"Gremlin Nob","floor":12,"turns":1},{"damage":21,"enemies":"Jaw Worm","floor":14,"turns":4},{"damage":13,"enemies":"Hexaghost","floor":16,"turns":10},{"damage":0,"enemies":"Spheric Guardian","floor":18,"turns":1},{"damage":0,"enemies":"Book of Stabbing","floor":24,"turns":4},{"damage":21,"enemies":"2 Thieves","floor":25,"turns":3},{"damage":32,"enemies":"Chosen and Byrds","floor":28,"turns":6},{"damage":10,"enemies":"REME_1_Revenger","floor":29,"turns":3},{"damage":12,"enemies":"Book of Stabbing","floor":31,"turns":2},{"damage":57,"enemies":"Champ","floor":33,"turns":4},{"damage":20,"enemies":"3 Shapes","floor":35,"turns":2},{"damage":57,"enemies":"Mind Bloom Boss Battle","floor":41,"turns":6},{"damage":0,"enemies":"Orb Walker","floor":46,"turns":1},{"damage":0,"enemies":"Maw","floor":47,"turns":1},{"damage":0,"enemies":"R_Hoarder","floor":48,"turns":1},{"damage":56,"enemies":"Donu and Deca","floor":50,"turns":6}],"seed_played":"8940284207430266299","potions_obtained":[{"floor":4,"key":"Regen Potion"},{"floor":8,"key":"AttackPotion"},{"floor":20,"key":"Strength Potion"},{"floor":20,"key":"LifebloodPotion"},{"floor":20,"key":"Elixir"},{"floor":29,"key":"BlessingOfTheForge"},{"floor":33,"key":"REME_GoldPotion"},{"floor":35,"key":"LifebloodPotion"},{"floor":36,"key":"Explosive Potion"},{"floor":41,"key":"DuplicationPotion"},{"floor":49,"key":"Reflective Coating"},{"floor":49,"key":"Strength Potion"}],"is_trial":false,"path_per_floor":["M","$","?","M","?","R","E","?","T","$","R","E","R","M","R","B",null,"M","?","?","$","?","R","E","M","T","?","M","E","$","E","R","B",null,"M","?","?","$","?","E","?","R","T","?","R","M","M","E","R","B"],"character_chosen":"THE_SILENT","items_purchased":["Noxious Fumes","Accuracy","AT_Desolate","AT_EbonyIvory","AT_MibuBalloonWealth"],"campfire_rested":3,"item_purchase_floors":[2,10,21,38,38],"current_hp_per_floor":[70,70,53,45,52,52,41,27,27,27,48,48,48,34,55,43,70,70,76,82,82,82,82,80,59,59,59,54,48,48,37,64,17,93,75,75,75,75,75,73,73,73,73,73,71,71,71,69,69,13,13],"gold":371,"neow_bonus":"","is_daily":false,"chose_seed":false,"campfire_upgraded":4,"win_rate":0.0,"timestamp":1609488624,"path_taken":["M","$","?","M","?","R","E","?","T","$","R","E","R","M","R","BOSS","M","?","?","?","?","R","E","M","T","?","?","E","?","E","R","BOSS","M","?","?","$","?","E","?","R","T","?","R","M","M","E","R","BOSS"],"items_purchased_type":["Card","Card","Card","Relic","Relic"],"build_version":"2020-12-22","purchased_purges":2,"victory":false,"max_hp_per_floor":[70,70,70,70,70,70,70,70,70,70,70,70,70,70,70,70,70,70,76,82,82,82,82,80,80,80,80,95,93,93,93,93,93,93,93,93,86,86,75,73,73,73,73,73,71,71,71,69,69,69,69],"card_choices":[{"not_picked":["FairyFestival","VoidDream"],"picked":"SpiderBud","floor":1},{"not_picked":["Quick Slash","Sucker Punch"],"picked":"Outmaneuver","floor":1},{"not_picked":["FairyFestival","OldLady"],"picked":"Bloodbath","floor":4},{"not_picked":["PiercingWail","Riddle With Holes"],"picked":"AT_ArcaneSupremacy","floor":4},{"not_picked":["ReplayTheSpireMod:Speed Training","Dagger Throw","Blur"],"picked":"SKIP","floor":7},{"not_picked":["ReplayTheSpireMod:Speed Training","Dagger Throw","Blur"],"picked":"SKIP","floor":7},{"not_picked":["CrumblingArmor","MHz"],"picked":"HeroicMonk","floor":8},{"not_picked":["AT_WindFlip","Reflex"],"picked":"AT_EssenceShift","floor":8},{"not_picked":["VoidDream","Variant"],"picked":"Wellcheers","floor":12},{"not_picked":["Outmaneuver","Burst"],"picked":"Dagger Spray","floor":12},{"not_picked":["WhitesApple","CherryBlossoms"],"picked":"BeautyBeast","floor":14},{"not_picked":["Distraction","Dagger Throw"],"picked":"Acrobatics","floor":14},{"not_picked":["A Thousand Cuts","AT_KingSlayer"],"picked":"After Image","floor":16},{"not_picked":["Bane","Dodge and Roll","Flechettes"],"picked":"SKIP","floor":18},{"not_picked":["ReplayTheSpireMod:Speed Training","Poisoned Stab+1","Cloak And Dagger"],"picked":"SKIP","floor":24},{"not_picked":["Porccubus","Scorched"],"picked":"Funeral","floor":25},{"not_picked":["Backflip","Prepared","Cloak And Dagger"],"picked":"SKIP","floor":25},{"not_picked":["Yin","Scarecrow"],"picked":"NakedNest","floor":28},{"not_picked":["Backflip","Slice+1","Dodge and Roll+1"],"picked":"SKIP","floor":28},{"not_picked":["UniverseFragment","Porccubus"],"picked":"Laetitia","floor":29},{"not_picked":["Wraith Form v2","AT_WindFlip","Sucker Punch+1"],"picked":"SKIP","floor":29},{"not_picked":["Escape Plan","Well Laid Plans+1"],"picked":"Infinite Blades+1","floor":31},{"not_picked":["Alriune","BigBird"],"picked":"PlagueDoctor","floor":35},{"not_picked":["PiercingWail+1","Deadly Poison+1","ReplayTheSpireMod:Speed Training"],"picked":"SKIP","floor":35},{"not_picked":["PiercingWail+1","Deadly Poison+1","ReplayTheSpireMod:Speed Training"],"picked":"SKIP","floor":35},{"not_picked":["Deflect","Masterful Stab"],"picked":"Bullet Time","floor":41},{"not_picked":["Outmaneuver","Deadly Poison","Dodge and Roll"],"picked":"SKIP","floor":46},{"not_picked":["Deadly Poison+1","Outmaneuver"],"picked":"Prepared+1","floor":47},{"not_picked":["Backflip+1","Eviscerate","Prepared+1"],"picked":"SKIP","floor":48}],"player_experience":200545,"relics_obtained":[{"floor":7,"key":"Bottled Lightning"},{"floor":8,"key":"Odd Mushroom"},{"floor":9,"key":"Darkstone Periapt"},{"floor":12,"key":"Dota2Spire:AssaultCuirass"},{"floor":20,"key":"ReplayTheSpireMod:Ring of Addiction"},{"floor":20,"key":"Potion Belt"},{"floor":20,"key":"Chameleon Ring"},{"floor":20,"key":"Ring of Hypnosis"},{"floor":24,"key":"vexMod:MemoryStick"},{"floor":26,"key":"aspiration:ChemicalBlood"},{"floor":29,"key":"Dota2Spire:PhaseBoots"},{"floor":31,"key":"Juzu Bracelet"},{"floor":41,"key":"Gambling Chip"},{"floor":43,"key":"MealTicket"},{"floor":46,"key":"AtMidnight"},{"floor":48,"key":"Regal Pillow"}],"event_choices":[{"damage_healed":0,"gold_gain":0,"player_choice":"Take Damage","damage_taken":17,"relics_obtained":["Golden Idol"],"max_hp_gain":0,"max_hp_loss":0,"event_name":"Golden Idol","floor":3,"gold_loss":0},{"damage_healed":0,"gold_gain":0,"player_choice":"Fought Mushrooms","damage_taken":0,"max_hp_gain":0,"max_hp_loss":0,"event_name":"Mushrooms","floor":8,"gold_loss":0},{"damage_healed":0,"gold_gain":0,"player_choice":"Ignored","damage_taken":0,"max_hp_gain":0,"max_hp_loss":0,"event_name":"Vampires","floor":22,"gold_loss":0},{"damage_healed":0,"gold_gain":0,"player_choice":"Bought 1 Potion","damage_taken":0,"max_hp_gain":0,"max_hp_loss":0,"event_name":"The Woman in Blue","floor":36,"gold_loss":0},{"damage_healed":0,"gold_gain":0,"player_choice":"Max HP","damage_taken":0,"max_hp_gain":0,"max_hp_loss":5,"event_name":"Winding Halls","floor":37,"gold_loss":0},{"damage_healed":75,"gold_gain":0,"player_choice":"Heal","damage_taken":0,"max_hp_gain":0,"max_hp_loss":11,"event_name":"The Moai Head","floor":39,"gold_loss":0},{"damage_healed":0,"gold_gain":0,"player_choice":"Fight","damage_taken":0,"max_hp_gain":0,"max_hp_loss":0,"event_name":"MindBloom","floor":41,"gold_loss":0},{"cards_removed":["Apo_Charge"],"damage_healed":0,"gold_gain":0,"player_choice":"Removed Attack","damage_taken":0,"max_hp_gain":0,"max_hp_loss":0,"event_name":"Falling","floor":44,"gold_loss":0}],"is_beta":false,"boss_relics":[{"not_picked":["Busted Crown","Ring of Chaos"],"picked":"aspiration:MobileForge"},{"not_picked":["Runic Pyramid","Abe\u0027s Treasure"],"picked":"Snecko Scales"}],"items_purged_floors":[21,21],"is_endless":false,"potions_floor_spawned":[4,8,29,33,35,41],"killed_by":"Donu and Deca","ascension_level":2}}