{"host":"kev6uqotw4tlyx8l","time":1609498096,"event":{"mods":["Act Like it!","Aspiration","BaseMod","Colored Powertips","Dota2Spire","Downfall","Hallownest","Infinite Spire","Marisa????????","Minty Spire (QoL Compilation)","Quick Restart","Remilia??????","Replay The Spire","StSLib","The Cursed","The Marked","The Mystic","The Servant 0.9.4"],"gold_per_floor":[210,210,210,64,75,109,109,123,123,173,173,173,190,204,204,304,304,320,320,260,260,260,260,296,330,330,330,345,365,365],"floor_reached":29,"playtime":1128,"items_purged":[],"score":245,"play_id":"69b7095a-50e0-4094-aca4-30c0f7a451d1","local_time":"20210101174816","is_ascension_mode":false,"campfire_choices":[{"floor":7,"key":"REST"},{"data":"SurpressingFire","floor":11,"key":"SMITH"},{"floor":15,"key":"REST"},{"data":"Dilation","floor":23,"key":"SMITH"},{"data":"DualDimension","floor":27,"key":"SMITH"}],"circlet_count":0,"master_deck":["Strike_S","Strike_S","Strike_S","Defend_S","Defend_S","Defend_S","Defend_S","KidneyShot+1","Exchange","Rearm","SurpressingFire+1","Comet","ShatteredReality","DualDimension+1","ShatteredReality","Dilation+1","Collapse+1","Alleviate","Ricochet","Contraction","Read+1","Replace"],"relics":["Uniform","infinitespire:PuzzleCube","Toolbox","Dota2Spire:Desolator","Strawberry","Honey Jar","aspiration:RitualStick","Replay:Wax Seal","Replay:Bottled Flurry","Dota2Spire:AghanimScepter"],"acts_visited":["Exordium","TheCity"],"potions_floor_usage":[5,13,14,24],"damage_taken":[{"damage":0,"enemies":"2 Louse","floor":1,"turns":3},{"damage":17,"enemies":"infinitespire:Voidling","floor":5,"turns":4},{"damage":12,"enemies":"Replay:BlueRogue","floor":6,"turns":12},{"damage":2,"enemies":"Cultist","floor":8,"turns":4},{"damage":7,"enemies":"Large Slime","floor":10,"turns":5},{"damage":2,"enemies":"Looter","floor":13,"turns":2},{"damage":14,"enemies":"Lots of Slimes","floor":14,"turns":4},{"damage":4,"enemies":"Fading Forest","floor":16,"turns":11},{"damage":1,"enemies":"Shell Parasite","floor":18,"turns":4},{"damage":6,"enemies":"2 Thieves","floor":24,"turns":3},{"damage":27,"enemies":"Slavers","floor":25,"turns":4},{"damage":1,"enemies":"Chosen and Byrds","floor":28,"turns":4},{"damage":10,"enemies":"Cultist and Chosen","floor":29,"turns":5}],"seed_played":"4188262151671828973","potions_obtained":[{"floor":1,"key":"FearPotion"},{"floor":6,"key":"champ:CounterPotion"},{"floor":13,"key":"Fruit Juice"},{"floor":16,"key":"Adrenaline Potion"},{"floor":28,"key":"Explosive Potion"}],"is_trial":false,"path_per_floor":["M","?","?","$","M","E","R","M","T","M","R","?","M","M","R","B",null,"M","?","?","?","AVR","R","M","E","T","R","M","M"],"character_chosen":"THE_SERVANT","items_purchased":["Toolbox"],"campfire_rested":2,"item_purchase_floors":[4],"current_hp_per_floor":[65,23,28,28,26,14,33,31,38,31,31,31,34,20,43,49,77,76,61,61,61,61,61,55,28,28,28,27,17,17],"gold":365,"neow_bonus":"HUNDRED_GOLD","is_daily":false,"chose_seed":false,"campfire_upgraded":3,"win_rate":0.0,"timestamp":1609498096,"path_taken":["M","?","?","$","?","E","R","M","T","M","R","?","M","?","R","BOSS","M","?","?","?","AVR","R","?","E","T","R","M","M"],"items_purchased_type":["Relic"],"build_version":"2020-12-22","purchased_purges":0,"victory":false,"max_hp_per_floor":[65,65,65,65,65,65,65,65,72,72,72,72,77,77,77,77,77,77,77,77,77,77,77,77,77,77,77,77,77,77],"card_choices":[{"not_picked":["Replace","Foresight"],"picked":"Spin","floor":1},{"not_picked":["Defy","DoubleEdge"],"picked":"Rearm","floor":5},{"not_picked":["Initiator","FloweringNight"],"picked":"SurpressingFire","floor":6},{"not_picked":["Potential","WasteNot"],"picked":"Comet","floor":8},{"not_picked":["StarChef","Collapse"],"picked":"ShatteredReality","floor":10},{"not_picked":["Reset","Misdirection"],"picked":"DualDimension","floor":13},{"not_picked":["Unruled","FastForward"],"picked":"ShatteredReality","floor":14},{"not_picked":["Deny","MurderousAura"],"picked":"Dilation","floor":16},{"not_picked":["Snipe","ShiftingGears","Comet"],"picked":"Collapse+1","floor":18},{"not_picked":["TimeWarp","Potential","Moondial"],"picked":"Ricochet","floor":24},{"not_picked":["Comet","Starlight+1","Collapse"],"picked":"Contraction","floor":25},{"not_picked":["Replace","Advance","Barrier"],"picked":"Read+1","floor":28},{"not_picked":["Revamp+1","DoubleEdge","Alleviate"],"picked":"Replace","floor":29}],"player_experience":55375,"relics_obtained":[{"floor":6,"key":"Dota2Spire:Desolator"},{"floor":9,"key":"Strawberry"},{"floor":25,"key":"Replay:Bottled Flurry"},{"floor":26,"key":"Dota2Spire:AghanimScepter"}],"event_choices":[{"damage_healed":0,"gold_gain":0,"player_choice":"Success","damage_taken":42,"relics_obtained":["infinitespire:PuzzleCube"],"max_hp_gain":0,"max_hp_loss":0,"event_name":"Scrap Ooze","floor":2,"gold_loss":0},{"cards_removed":["Spin"],"damage_healed":5,"gold_gain":0,"player_choice":"Offered Common","damage_taken":0,"max_hp_gain":0,"max_hp_loss":0,"event_name":"Bonfire Elementals","floor":3,"gold_loss":0},{"cards_removed":["Spin"],"damage_healed":5,"gold_gain":0,"player_choice":"Offered Special","damage_taken":0,"max_hp_gain":0,"max_hp_loss":0,"event_name":"Bonfire Elementals","floor":3,"gold_loss":0},{"damage_healed":0,"gold_gain":0,"player_choice":"Upgraded","damage_taken":0,"max_hp_gain":0,"max_hp_loss":0,"event_name":"Upgrade Shrine","floor":12,"gold_loss":0,"cards_upgraded":["KidneyShot"]},{"damage_healed":0,"gold_gain":0,"cards_transformed":["Strike_S"],"player_choice":"Transformed","damage_taken":0,"max_hp_gain":0,"max_hp_loss":0,"event_name":"Transmorgrifier","floor":21,"gold_loss":0,"cards_obtained":["Alleviate"]}],"is_beta":false,"boss_relics":[{"not_picked":["Philosopher\u0027s Stone","Runic Dome"],"picked":"Honey Jar"}],"items_purged_floors":[],"is_endless":false,"potions_floor_spawned":[1,6,13,16,28],"killed_by":"Cultist and Chosen","ascension_level":0}}