{"host":"gzsdmyo07u314vug","time":1609483006,"event":{"mods":["2.2 Compatiblity","BaseMod","Downfall","GifTheSpireLib","Minty Spire (QoL Compilation)","Quick Restart","Rare Cards Sparkle","Relic Stats","Replay The Spire","Shop Mod","StSLib","The Bug Knight","The Construct","The Elementalist","The Servant 0.9.4","Unceasing Turn Reminder","everything is the same but u backflip on backflip","slay the spire mod where everything is the same but ironclad has a cowboy hat","vexMod"],"gold_per_floor":[115,130,130,28,48,48,48,59,59,59,16,16,48,74,74,150,150,110,110,110,110,110,110],"floor_reached":22,"playtime":1589,"items_purged":[],"score":368,"play_id":"87b4023b-a7ab-475a-8de5-461319b2de21","local_time":"20210101033646","is_ascension_mode":true,"campfire_choices":[{"data":"Dagger Spray","floor":6.0,"key":"SMITH"},{"data":"Dagger Spray","floor":10.0,"key":"SMITH"},{"data":"Slice","floor":12.0,"key":"SMITH"},{"data":"ReplayTheSpireMod:Tripwire","floor":15,"key":"SMITH"}],"circlet_count":0,"master_deck":["AscendersBane","Strike_G","Strike_G","Strike_G","Strike_G","Defend_G","Defend_G","Defend_G","Defend_G","Survivor","Neutralize","Night Terror","Flying Knee","Dagger Spray+1","Escape Plan","Cloak And Dagger","Dagger Spray+1","Endless Agony+1","Slice+1","Caltrops","Adrenaline","ReplayTheSpireMod:Tripwire+1","Unload","Deflect","Noxious Fumes","Adrenaline"],"relics":["Ring of the Snake","Iron Hammer","Mango","Odd Mushroom","Ectoplasm"],"acts_visited":["Exordium","TheCity"],"potions_floor_usage":[16,16],"damage_taken":[{"damage":0.0,"enemies":"2 Louse","floor":1.0,"turns":3.0},{"damage":0.0,"enemies":"Small Slimes","floor":2.0,"turns":5.0},{"damage":5.0,"enemies":"Cultist","floor":5.0,"turns":5.0},{"damage":2.0,"enemies":"Blue Slaver","floor":8.0,"turns":4.0},{"damage":10,"enemies":"3 Sentries","floor":13,"turns":4},{"damage":0,"enemies":"The Mushroom Lair","floor":14,"turns":2},{"damage":51,"enemies":"Fading Forest","floor":16,"turns":13},{"damage":8,"enemies":"2 Thieves","floor":18,"turns":3},{"damage":0,"enemies":"Spheric Guardian","floor":20,"turns":3},{"damage":32,"enemies":"Snake Plant","floor":21,"turns":6},{"damage":26,"enemies":"Cultist and Chosen","floor":22,"turns":4}],"seed_played":"3434632092620822737","potions_obtained":[{"floor":8.0,"key":"Slimebound:ThreeZeroPotion"},{"floor":13,"key":"Swift Potion"},{"floor":16,"key":"SteroidPotion"},{"floor":18,"key":"Dexterity Potion"}],"is_trial":false,"path_per_floor":["M","M","?","$","M","R","?","M","T","R","$","R","E","?","R","B",null,"M","?","M","M","M"],"character_chosen":"THE_SILENT","items_purchased":["Escape Plan","Cloak And Dagger","Caltrops"],"campfire_rested":0,"item_purchase_floors":[4,4,11],"current_hp_per_floor":[59,59,52,52,47,47,47,45,45,45,45,45,49,49,49,6,62,54,54,54,22,0,0],"gold":110,"neow_bonus":"ONE_RANDOM_RARE_CARD","is_daily":false,"chose_seed":false,"campfire_upgraded":4,"win_rate":0.0,"timestamp":1609483006,"path_taken":["M","M","?","$","M","R","?","M","T","R","$","R","E","?","R","BOSS","M","?","?","M","M"],"items_purchased_type":["Card","Card","Card"],"build_version":"2020-12-22","purchased_purges":0,"victory":false,"max_hp_per_floor":[66,66,66,66,66,66,66,66,66,66,66,66,80,80,80,80,80,80,80,80,80,80,80],"relic_stats":{"counters":[11,52],"Ectoplasm":284,"obtain_stats":[{"Mango":13,"Iron Hammer":9,"Ectoplasm":17,"Odd Mushroom":14,"Ring of the Snake":0},{"Mango":5,"Iron Hammer":4,"Ectoplasm":7,"Odd Mushroom":6,"Ring of the Snake":0},{"Mango":21,"Iron Hammer":17,"Ectoplasm":36,"Odd Mushroom":23,"Ring of the Snake":0}],"Ring of the Snake":[23]},"card_choices":[{"not_picked":["Quick Slash","Choke"],"picked":"Flying Knee","floor":1.0},{"not_picked":["Deflect","Well Laid Plans"],"picked":"Dagger Spray","floor":2.0},{"not_picked":["Flechettes","Setup"],"picked":"Dagger Spray","floor":5.0},{"not_picked":["Choke","Underhanded Strike"],"picked":"Slice","floor":8.0},{"not_picked":["Sneak Up","Fluid Movement"],"picked":"Adrenaline","floor":13},{"not_picked":["ReplayTheSpireMod:Exploit Weakness","Prepared"],"picked":"ReplayTheSpireMod:Tripwire","floor":14},{"not_picked":["Wraith Form v2","Grand Finale"],"picked":"Unload","floor":16},{"not_picked":["Outmaneuver","Toxin Wave"],"picked":"Deflect","floor":18},{"not_picked":["Dodge and Roll","Quick Slash"],"picked":"Noxious Fumes","floor":20},{"not_picked":["Deflect","Catalyst"],"picked":"Adrenaline","floor":21}],"player_experience":626232,"relics_obtained":[{"floor":9.0,"key":"Iron Hammer"},{"floor":13,"key":"Mango"},{"floor":14,"key":"Odd Mushroom"}],"event_choices":[{"cards_removed":["Strike_G"],"damage_healed":0.0,"max_hp_gain":0.0,"max_hp_loss":0.0,"gold_gain":0.0,"event_name":"Golden Wing","player_choice":"Card Removal","floor":3.0,"gold_loss":0.0,"damage_taken":7.0},{"damage_healed":0,"gold_gain":0,"player_choice":"Fought Mushrooms","damage_taken":0,"max_hp_gain":0,"max_hp_loss":0,"event_name":"Mushrooms","floor":14,"gold_loss":0},{"damage_healed":0,"gold_gain":200,"player_choice":"Gold","damage_taken":0,"max_hp_gain":0,"max_hp_loss":0,"event_name":"Wheel of Change","floor":19,"gold_loss":0}],"is_beta":false,"boss_relics":[{"not_picked":["vexMod:DeviousBotling","vexMod:NewClearReactor"],"picked":"Ectoplasm"}],"items_purged_floors":[],"is_endless":false,"potions_floor_spawned":[8,13,16,18,21],"killed_by":"Cultist and Chosen","ascension_level":20}}