{"host":"xu0zbcebhy6w9mdv","time":1609531414,"event":{"mods":["AchievementEnabler","Act Like it!","Aspiration","BaseMod","Better Match","Better Third Choice","BetterRewards","Colored Powertips","Downfall","Duelist Mod","Friendly Minions","Gensokyo","Hallownest","Hubris","Infinite Spire","Marisa????????","Minty Spire (QoL Compilation)","Potionbrewer","Quick Restart","READ ME - Guardian Mod","READ ME - Snecko Mod","Rare Cards Sparkle","Replay The Spire","Shop Mod","StSLib","The Animator","The Blackbeard","The Bug Knight","The Cursed","The Hierophant","The Necromancer","The Runesmith","The Servant 0.9.4"],"gold_per_floor":[140,140,103,123,123,149,149,160,185,42,56,71,21,31,31,136,136,154,154,173,193,193,193,212,230,230,230,240,72,99,115,115,213,213,227,246,223,148,148,181,181,181,205,205,237,237,249,249,249,249],"floor_reached":51,"playtime":4752,"items_purged":["theDuelist:CastleWalls","theDuelist:Hayate+1"],"score":1584,"play_id":"4860d2a8-9183-4522-868c-7f21c4d7c781","local_time":"20210101150334","is_ascension_mode":true,"campfire_choices":[{"data":"theDuelist:MirrorForce","floor":7,"key":"SMITH"},{"floor":15,"key":"REST"},{"data":"theDuelist:HappyLover","floor":23,"key":"SMITH"},{"data":"theDuelist:ShardGreed","floor":32,"key":"SMITH"},{"floor":42,"key":"REST"},{"data":"theDuelist:RainbowKuribohBasic","floor":44,"key":"SMITH"},{"floor":49,"key":"DIG"}],"circlet_count":0,"master_deck":["theDuelist:DoomcaliberKnight+1","AscendersBane","theDuelist:Eva","theDuelist:CatShark","theDuelist:RainbowDarkDragon","theDuelist:Gozuki+1","theDuelist:CastleWalls","theDuelist:MirrorForce+1","Mayhem+1","theDuelist:RainbowDragon+1","theDuelist:Zombyra","theDuelist:RainbowKuribohBasic+1","theDuelist:RainbowDragon+1","theDuelist:IslandTurtle","theDuelist:Sparks","theDuelist:GarbageLord","theDuelist:DunamesDarkWitch","theDuelist:WingedKuribohLv10","hubris:NaturalOne","theDuelist:Sparks+1","theDuelist:HappyLover+1","theDuelist:Biofalcon","theDuelist:Sangan+1","theDuelist:IrisEarthMother+1","theDuelist:OrbMetronome+1","theDuelist:IceQueen","Gensokyo:SummonJeweledCobra"],"relics":["theDuelist:MillenniumPuzzle","theDuelist:CardPoolRelic","theDuelist:CardPoolBasicRelic","theDuelist:BoosterPackPoolRelic","theDuelist:CardPoolAddRelic","theDuelist:CardPoolMinusRelic","theDuelist:CardPoolSaveRelic","theDuelist:CardPoolOptionsRelic","Replay:Wax Seal","Guide Book","Dream Catcher","hubris:Icosahedron","Gambling Chip","theDuelist:GiftAnubis","Orichalcum","Whetstone","hubris:GrandSneckoEye","theDuelist:MillenniumRing","Shuriken","theDuelist:TributeEggRelic","infinitespire:CursedDice","hubris:ScarierMask","theDuelist:PointPass","potionbrewer:BottledElixir","ReplayTheSpireMod:TigerMarble","infinitespire:Satchel","hubris:Towel","infinitespire:Bottled Soul"],"acts_visited":["Exordium","TheCity","TheCity"],"potions_floor_usage":[16,21,30,33,33,45,50,50],"damage_taken":[{"damage":0,"enemies":"Small Slimes","floor":1,"turns":2},{"damage":0,"enemies":"Cultist","floor":3,"turns":3},{"damage":0,"enemies":"Jaw Worm","floor":4,"turns":3},{"damage":9,"enemies":"Lagavulin","floor":6,"turns":4},{"damage":5,"enemies":"Looter","floor":8,"turns":2},{"damage":0,"enemies":"Exordium Thugs","floor":11,"turns":2},{"damage":0,"enemies":"Blue Slaver","floor":12,"turns":2},{"damage":13,"enemies":"Looter","floor":14,"turns":2},{"damage":51,"enemies":"The Guardian","floor":16,"turns":6},{"damage":4,"enemies":"Shell Parasite","floor":18,"turns":4},{"damage":2,"enemies":"Snake Plant","floor":20,"turns":2},{"damage":0,"enemies":"Centurion and Healer","floor":21,"turns":3},{"damage":0,"enemies":"Cultist and Chosen","floor":24,"turns":4},{"damage":0,"enemies":"Snecko","floor":25,"turns":3},{"damage":0,"enemies":"3 Cultists","floor":28,"turns":4},{"damage":18,"enemies":"theDuelist:KaibaA2","floor":30,"turns":5},{"damage":5,"enemies":"Snake Plant","floor":31,"turns":2},{"damage":88,"enemies":"Collector","floor":33,"turns":6},{"damage":0,"enemies":"Gensokyo:AncientGuardian","floor":35,"turns":10},{"damage":0,"enemies":"Gensokyo:3_Boulders","floor":36,"turns":6},{"damage":29,"enemies":"Gensokyo:Kasen","floor":40,"turns":6},{"damage":0,"enemies":"Gensokyo:Doremy","floor":45,"turns":6},{"damage":54,"enemies":"Gensokyo:Sharpion","floor":47,"turns":4},{"damage":0,"enemies":"Gensokyo:Yuyuko","floor":50,"turns":12}],"seed_played":"-3996712248746950349","potions_obtained":[{"floor":6,"key":"Slimebound:ThreeZeroPotion"},{"floor":8,"key":"theDuelist:MillenniumElixir"},{"floor":20,"key":"Weak Potion"},{"floor":24,"key":"BloodPotion"},{"floor":30,"key":"theDuelist:MegaupgradePotion"},{"floor":33,"key":"EssenceOfSteel"},{"floor":40,"key":"Fire Potion"},{"floor":47,"key":"Swift Potion"}],"is_trial":false,"path_per_floor":["M","?","M","M","?","E","R","M","T","$","M","M","?","M","R","B",null,"M","?","M","M","?","R","M","M","T","?","M","$","E","M","R","B",null,"M","M","COS","?","AVR","E","?","R","T","R","E","?","M","?","R","B",null],"character_chosen":"THE_DUELIST","items_purchased":["Mayhem","Replay:Wax Seal","Guide Book","Dream Catcher","Whetstone","theDuelist:ShardGreed"],"campfire_rested":2,"item_purchase_floors":[0,0,0,0,10,29],"current_hp_per_floor":[146,146,146,146,146,137,137,132,132,132,132,132,132,119,162,111,149,145,145,143,143,143,143,143,143,143,137,137,137,119,114,114,58,136,136,136,136,136,136,107,107,155,155,155,155,155,101,101,101,101],"gold":249,"neow_bonus":"","is_daily":false,"chose_seed":false,"campfire_upgraded":4,"win_rate":0.0,"timestamp":1609531414,"path_taken":["M","?","M","M","?","E","R","?","T","?","M","M","?","?","R","BOSS","M","?","M","M","?","R","M","M","T","?","M","$","E","M","R","BOSS","M","M","COS","?","AVR","E","?","R","T","R","E","?","?","?","R","BOSS"],"items_purchased_type":["Card","Relic","Relic","Relic","Relic","Card"],"build_version":"2020-12-22","purchased_purges":2,"victory":true,"max_hp_per_floor":[162,162,162,162,162,162,162,162,162,162,162,162,162,162,162,162,162,162,162,162,162,162,162,162,162,162,162,162,162,162,162,162,162,162,162,162,162,162,162,162,162,162,162,162,162,162,162,162,162,162],"card_choices":[{"not_picked":["theDuelist:Gernia","theDuelist:Boneheimer","theDuelist:LegendaryFisherman","theDuelist:YamataDragon"],"picked":"theDuelist:IslandTurtle","floor":1},{"not_picked":["theDuelist:SuperancientDinobeast","theDuelist:Eva","theDuelist:RainbowDragon","theDuelist:MaleficRainbowDragon"],"picked":"theDuelist:HappyLover","floor":3},{"not_picked":["theDuelist:ValkMagnet","theDuelist:RainbowNeos","theDuelist:DunamesDarkWitch","theDuelist:Eva","theDuelist:MaleficRainbowDragon"],"picked":"SKIP","floor":4},{"not_picked":["theDuelist:LightningRodLord","theDuelist:WormKing","theDuelist:DarkHole","theDuelist:Kuriboh"],"picked":"theDuelist:MirrorForce","floor":6},{"not_picked":["theDuelist:ValkMagnet+1","theDuelist:MaleficRainbowDragon+1"],"picked":"theDuelist:DoomcaliberKnight+1","floor":8},{"not_picked":["theDuelist:SangaThunder","theDuelist:NeoMagic","theDuelist:RainbowNeos","theDuelist:CatShark"],"picked":"theDuelist:Biofalcon","floor":11},{"not_picked":["theDuelist:SevenColoredFish","theDuelist:OhFish","theDuelist:YamataDragon","theDuelist:GemKnightAmethyst"],"picked":"theDuelist:CatShark","floor":12},{"not_picked":["theDuelist:Kasha","theDuelist:BetaMagnet","theDuelist:KingYami","theDuelist:MysticalElf","theDuelist:RedGadget"],"picked":"SKIP","floor":14},{"not_picked":["theDuelist:DesLacooda","theDuelist:Eva"],"picked":"theDuelist:Zombyra","floor":15},{"not_picked":["theDuelist:Eva","theDuelist:MaleficRainbowDragon","theDuelist:RainbowMagician","theDuelist:KamionTimelord"],"picked":"theDuelist:RainbowDarkDragon","floor":16},{"not_picked":["theDuelist:Kasha","theDuelist:Eva","theDuelist:GraydleSlimeJr+1","theDuelist:ShallowGrave","theDuelist:Illusionist"],"picked":"SKIP","floor":18},{"not_picked":["theDuelist:SuperancientDinobeast","theDuelist:RainbowNeos","theDuelist:DunamesDarkWitch+1","theDuelist:Eva"],"picked":"theDuelist:RainbowDragon+1","floor":20},{"not_picked":["theDuelist:WanderingKing","theDuelist:VampireLord+1","theDuelist:ValkMagnet","theDuelist:KamionTimelord"],"picked":"theDuelist:Gozuki+1","floor":21},{"not_picked":["theDuelist:Lajinn","theDuelist:DarkMagician+1","theDuelist:MaskedDragon","theDuelist:CurseDragon","theDuelist:Boneheimer"],"picked":"SKIP","floor":24},{"not_picked":["theDuelist:RainbowFlower","theDuelist:DunamesDarkWitch+1","theDuelist:HappyLover+1","theDuelist:MaleficRainbowDragon"],"picked":"theDuelist:IrisEarthMother+1","floor":25},{"not_picked":["theDuelist:RainbowFlower","theDuelist:Eva+1","theDuelist:RainbowDragon","theDuelist:IrisEarthMother","theDuelist:RainbowOverdragon+1"],"picked":"SKIP","floor":28},{"not_picked":["theDuelist:RainbowFlower","theDuelist:HappyLover","theDuelist:Eva","theDuelist:RainbowKuriboh","theDuelist:RainbowOverdragon+1"],"picked":"SKIP","floor":30},{"not_picked":["theDuelist:FuryFire","theDuelist:GilfordLegend+1","theDuelist:MudGolem","theDuelist:PowerGiant","theDuelist:MudragonSwamp"],"picked":"SKIP","floor":31},{"not_picked":["theDuelist:VampireGrace","theDuelist:CallGrave","theDuelist:QueenDragunDjinn","theDuelist:RainbowMagician"],"picked":"theDuelist:WingedKuribohLv10","floor":33},{"not_picked":["theDuelist:HammerShot+1","theDuelist:EarthGiant+1","theDuelist:SilverApples","theDuelist:BattleguardKing+1"],"picked":"theDuelist:Sangan","floor":35},{"not_picked":["theDuelist:SummonedSkull","theDuelist:Gernia+1","theDuelist:Zombyra","theDuelist:Lajinn+1"],"picked":"theDuelist:RainbowDragon+1","floor":36},{"not_picked":["theDuelist:BeastTalwar+1","theDuelist:Boneheimer+1","theDuelist:VampireFraulein","theDuelist:BlizzardThunderbird+1"],"picked":"theDuelist:GarbageLord","floor":40},{"not_picked":["theDuelist:HeartUnderdog","theDuelist:QueenDragunDjinn","theDuelist:KamionTimelord","theDuelist:WingedKuribohLv10+1"],"picked":"theDuelist:OrbMetronome+1","floor":45},{"not_picked":["theDuelist:SpiritPharaoh+1","theDuelist:SangaWater","theDuelist:LegendaryFisherman","theDuelist:QueenDragunDjinn+1","theDuelist:IrisEarthMother+1"],"picked":"SKIP","floor":47}],"player_experience":504952,"relics_obtained":[{"floor":5,"key":"Gambling Chip"},{"floor":6,"key":"theDuelist:GiftAnubis"},{"floor":9,"key":"Orichalcum"},{"floor":26,"key":"Shuriken"},{"floor":30,"key":"infinitespire:CursedDice"},{"floor":40,"key":"potionbrewer:BottledElixir"},{"floor":43,"key":"ReplayTheSpireMod:TigerMarble"},{"floor":45,"key":"infinitespire:Satchel"},{"floor":49,"key":"infinitespire:Bottled Soul"}],"event_choices":[{"damage_healed":0,"gold_gain":0,"player_choice":"Relic","damage_taken":0,"max_hp_gain":0,"max_hp_loss":0,"event_name":"Wheel of Change","floor":5,"gold_loss":0},{"cards_removed":["theDuelist:RainbowNeos"],"damage_healed":0,"gold_gain":0,"player_choice":"Card Removal","damage_taken":0,"max_hp_gain":0,"max_hp_loss":0,"event_name":"The Cleric","floor":13,"gold_loss":50},{"damage_healed":0,"gold_gain":0,"player_choice":"Leave","duelist":true,"damage_taken":0,"max_hp_gain":0,"max_hp_loss":0,"event_name":"Tomb of the Nameless","floor":19,"gold_loss":0},{"damage_healed":0,"gold_gain":0,"player_choice":"Took item - Received: Millennium Ring","duelist":true,"damage_taken":0,"max_hp_gain":0,"max_hp_loss":0,"event_name":"Millennium Items","floor":22,"gold_loss":0},{"damage_healed":0,"gold_gain":0,"player_choice":"Dig - random Duelist relic","duelist":true,"damage_taken":0,"max_hp_gain":0,"max_hp_loss":0,"event_name":"Aknamkanon\u0027s Tomb","floor":27,"gold_loss":0},{"damage_healed":0,"gold_gain":0,"player_choice":"3","damage_taken":0,"max_hp_gain":0,"max_hp_loss":0,"event_name":"betterMatch:BetterMatch","floor":38,"gold_loss":0,"cards_obtained":[]}],"is_beta":false,"boss_relics":[{"not_picked":["Replay:Ancient Bell","aspiration:RunicSpoon"],"picked":"hubris:GrandSneckoEye"},{"not_picked":["hubris:TerracottaHorce","theDuelist:GamblerChip"],"picked":"hubris:ScarierMask"}],"items_purged_floors":[29,39],"is_endless":false,"potions_floor_spawned":[6,8,14,20,24,30,31,33,40,47],"ascension_level":11}}