{"host":"xdg5osv0fulac4z3","time":1609485621,"event":{"mods":["2.2 Compatiblity","Act Like it!","BaseMod","Colored Map","Hallownest","Minty Spire (QoL Compilation)","Rare Cards Sparkle","Replay The Spire","StSLib","The Bug Knight"],"gold_per_floor":[99,99,99,99,0,0,0,0,0,0,0,0,0,0,0,0,0,0,0,0,0,0,0],"floor_reached":22,"playtime":1475,"items_purged":[],"score":208,"play_id":"eb59e0d3-32ba-48ee-b345-834f230e94e7","local_time":"20210101172021","is_ascension_mode":false,"campfire_choices":[{"data":"HollowMod:HuntersJournal","floor":7.0,"key":"SMITH"},{"data":"HollowMod:LordofShades","floor":13.0,"key":"SMITH"},{"floor":15.0,"key":"REST"}],"circlet_count":0,"master_deck":["HollowMod:NailStrikeStart","HollowMod:NailStrikeStart","HollowMod:QuickDashStart","HollowMod:QuickDashStart","HollowMod:QuickDashStart","HollowMod:FocusHealStart","HollowMod:PogoStrike","HollowMod:BlackTendrils","HollowMod:SharpenedShadows","HollowMod:SiblingsSouls","HollowMod:HuntersJournal+1","HollowMod:BlackTendrils","HollowMod:LordofShades+1","HollowMod:WraithStrike","HollowMod:ZotesMagnificence"],"relics":["Ectoplasm","Nunchaku","Ancient Tea Set","Calipers","HollowMod:LifeEnderRelic","Chameleon Ring","Replay:Drink Me"],"acts_visited":["Hallownest:Greenpath","Hallownest:CityofTears"],"potions_floor_usage":[20,22,22],"damage_taken":[{"damage":0.0,"enemies":"Hallownest:monsterHuskWarrior","floor":1.0,"turns":3.0},{"damage":3.0,"enemies":"Hallownest:2_MossCreeps","floor":2.0,"turns":4.0},{"damage":4.0,"enemies":"Hallownest:monsterHuskGuard","floor":3.0,"turns":3.0},{"damage":20.0,"enemies":"Hallownest:1_Ooma_and_2_Uuma","floor":4.0,"turns":9.0},{"damage":8.0,"enemies":"Hallownest:eliteCrystalGuardian","floor":6.0,"turns":6.0},{"damage":1.0,"enemies":"Hallownest:eliteVengeflyKing","floor":8.0,"turns":7.0},{"damage":7.0,"enemies":"Hallownest:eliteVengeflyKing","floor":10.0,"turns":7.0},{"damage":15.0,"enemies":"Hallownest:2_Tiktiks_1_Baldur_1_Crawlid","floor":11.0,"turns":4.0},{"damage":7.0,"enemies":"Hallownest:monsterMossCharger","floor":12.0,"turns":3.0},{"damage":55.0,"enemies":"Hallownest:BossHornet","floor":16.0,"turns":8.0},{"damage":17,"enemies":"Hallownest:Flukemon_and_Top","floor":18,"turns":5},{"damage":25,"enemies":"Hallownest:2_Mistakes","floor":19,"turns":6},{"damage":13,"enemies":"Hallownest:Master_and_Novice","floor":20,"turns":3},{"damage":37,"enemies":"Hallownest:2_Flukemon","floor":22,"turns":5}],"seed_played":"9023353376056934958","potions_obtained":[{"floor":1.0,"key":"SpeedPotion"},{"floor":4.0,"key":"Elixir"},{"floor":10.0,"key":"Dexterity Potion"},{"floor":11.0,"key":"Fire Potion"},{"floor":12.0,"key":"Dexterity Potion"},{"floor":18,"key":"Languid Potion"},{"floor":19,"key":"EntropicBrew"}],"is_trial":false,"path_per_floor":["M","M","M","M","?","E","R","?","T","E","M","M","R","?","R","B",null,"M","M","M","?","M"],"character_chosen":"THE_BUGKNIGHT","items_purchased":[],"campfire_rested":1,"item_purchase_floors":[],"current_hp_per_floor":[75,73,71,53,53,47,47,50,50,48,37,35,35,35,57,7,57,45,25,14,28,0,0],"gold":0,"neow_bonus":"BOSS_RELIC","is_daily":false,"chose_seed":false,"campfire_upgraded":2,"win_rate":0.0,"timestamp":1609485621,"path_taken":["M","M","M","M","?","E","R","?","T","E","M","M","R","?","R","BOSS","M","M","M","?","M"],"items_purchased_type":[],"build_version":"2020-12-22","purchased_purges":0,"victory":false,"max_hp_per_floor":[75,75,75,75,75,75,75,75,75,75,75,75,75,75,75,75,57,57,57,57,57,57,57],"card_choices":[{"not_picked":["HollowMod:MonarchWings","HollowMod:NewLittleFool"],"picked":"HollowMod:BlackTendrils","floor":1.0},{"not_picked":["HollowMod:WraithStrike","HollowMod:MawleksShell"],"picked":"HollowMod:SharpenedShadows","floor":2.0},{"not_picked":["HollowMod:GreatSlash","HollowMod:FallenFury"],"picked":"HollowMod:SiblingsSouls","floor":3.0},{"not_picked":["HollowMod:HeavyBlow","HollowMod:MantisMark"],"picked":"HollowMod:HuntersJournal","floor":4.0},{"not_picked":["HollowMod:SoulStrike","HollowMod:HornetsHelp"],"picked":"HollowMod:BlackTendrils","floor":6.0},{"not_picked":["HollowMod:CoiledNail","HollowMod:ChannelNail"],"picked":"HollowMod:LordofShades","floor":8.0},{"not_picked":["HollowMod:GreatSlash","HollowMod:TaintedHusks","HollowMod:SharpenedNail"],"picked":"SKIP","floor":10.0},{"not_picked":["HollowMod:InfectedCysts","HollowMod:LifebloodCocoon"],"picked":"HollowMod:WraithStrike","floor":11.0},{"not_picked":["HollowMod:SoulStrike","HollowMod:DoubleDash","HollowMod:SharpenedNail"],"picked":"SKIP","floor":12.0},{"not_picked":["HollowMod:SoulMaster","HollowMod:ElderbugsWisdom"],"picked":"HollowMod:ZotesMagnificence","floor":16.0},{"not_picked":["HollowMod:SiblingsSouls","HollowMod:InfectedCysts","HollowMod:NewJinnsSoul+1"],"picked":"SKIP","floor":18},{"not_picked":["HollowMod:InfectedAttack+1","HollowMod:CornifersMapStart","HollowMod:CoiledNail"],"picked":"SKIP","floor":19},{"not_picked":["HollowMod:FallenFury+1","HollowMod:InfectedCysts","HollowMod:NewLittleFool+1"],"picked":"SKIP","floor":20}],"player_experience":142324,"relics_obtained":[{"floor":6.0,"key":"Ancient Tea Set"},{"floor":8.0,"key":"Calipers"},{"floor":9.0,"key":"HollowMod:LifeEnderRelic"},{"floor":10.0,"key":"Chameleon Ring"}],"event_choices":[],"is_beta":false,"boss_relics":[{"not_picked":["Astrolabe","Fusion Hammer"],"picked":"Replay:Drink Me"}],"items_purged_floors":[],"is_endless":false,"potions_floor_spawned":[1,4,10,11,12,18,19],"killed_by":"Hallownest:2_Flukemon","ascension_level":0}}