{"host":"wkcoec525dnrk4jw","time":1609467575,"event":{"mods":["BaseMod","Conspire","Minty Spire (QoL Compilation)","Quick Restart","Replay The Spire","Shop Mod","StSLib","TestMod","The Bug Knight","The Cursed","[IsaacMod]ÒÔÈö¼âËþ"],"gold_per_floor":[119,294,0,13,28,54,54,80,149,177,177,202,212,243,243,348,348,367,25,40,140,152,183,32,62,62,62,92,92,123,123,123,221,221,235,39,49,74,74,107,107,137,137,166,185,217,227,241,241,241,241,241,55,87,87,87],"floor_reached":55,"playtime":3672,"items_purged":["Doubt","Zap"],"score":1556,"play_id":"aeedf41c-a5b2-46b8-8cd1-285400cb2148","local_time":"20210101101935","is_ascension_mode":true,"campfire_choices":[{"data":"EpicFetus","floor":7.0,"key":"SMITH"},{"floor":11.0,"key":"REST"},{"floor":15.0,"key":"REST"},{"data":"Meteor Strike","floor":27.0,"key":"SMITH"},{"data":"ReplayTheSpireMod:Omega Cannon","floor":29.0,"key":"SMITH"},{"data":"Doom and Gloom","floor":32.0,"key":"SMITH"},{"data":"DoctorFetus","floor":41.0,"key":"SMITH"},{"floor":49.0,"key":"RECALL"},{"data":"Meteor Strike","floor":52.0,"key":"SMITH"}],"circlet_count":0,"master_deck":["Strike_B","Strike_B","Strike_B","Strike_B","Defend_B","Defend_B","Defend_B","Defend_B","Dualcast","EpicFetus+1","Go for the Eyes","Chaos","Doom and Gloom+1","Meteor Strike+1","Undo","Pot Of Greed","Pot Of Greed","Self Repair","Self Repair","BasicCrystalCard","ReplayTheSpireMod:Omega Cannon+1","ReplayTheSpireMod:Repulse+1","Recycle+1","Conserve Battery","Panic Button+1","Pot Of Greed","Turbo","Meteor Strike+1","Turbo","Turbo+1","Hyperbeam","Loop+1","DoctorFetus+1","Self Repair+1","Madness","Madness","Stack+1","Self Repair+1","Pot Of Greed","Darkness+1","Fusion+1","BootSequence","Leap","Turbo+1","Stack","Stack","BootSequence"],"relics":["Cracked Core","HushsDoor","testmod-TestBox","testmod-GiftOfSatan","GuppysTail","ReplayFunnel","Boot","Replay:Rubber Ducky","testmod-Justice","Prayer Wheel","Grinning Jar","DataDisk","testmod-D¨¦j¨¤vu","Philosopher\u0027s Stone","DeadEye","Centennial Puzzle","Pet Ghost","Bottled Flame","FossilizedHelix","TheBean","testmod-Antiphasic","testmod-IncinerationGenerator","InkBottle","Vajra","conspire:BottledYoYo","testmod-AssaultLearning","Replay:Bottled Snecko","NineVolt","HollowMod:LifeEnderRelic"],"acts_visited":["Exordium","TheCity","TheBeyond","TheEnding"],"potions_floor_usage":[55,55,55],"damage_taken":[{"damage":14.0,"enemies":"2 Louse","floor":1.0,"turns":2.0},{"damage":4.0,"enemies":"Jaw Worm","floor":4.0,"turns":2.0},{"damage":0.0,"enemies":"Cultist","floor":5.0,"turns":2.0},{"damage":7.0,"enemies":"Gremlin Nob","floor":6.0,"turns":3.0},{"damage":7.0,"enemies":"Lagavulin","floor":8.0,"turns":5.0},{"damage":19.0,"enemies":"Gremlin Nob","floor":10.0,"turns":4.0},{"damage":13.0,"enemies":"3 Sentries","floor":12.0,"turns":3.0},{"damage":0.0,"enemies":"Blue Slaver","floor":13.0,"turns":4.0},{"damage":8.0,"enemies":"Lagavulin","floor":14.0,"turns":4.0},{"damage":39.0,"enemies":"Hexaghost","floor":16.0,"turns":6.0},{"damage":18.0,"enemies":"2 Thieves","floor":18.0,"turns":3.0},{"damage":12.0,"enemies":"3 Byrds","floor":20.0,"turns":2.0},{"damage":0.0,"enemies":"Snecko","floor":22.0,"turns":3.0},{"damage":9.0,"enemies":"Book of Stabbing","floor":23.0,"turns":3.0},{"damage":13.0,"enemies":"Slavers","floor":25.0,"turns":2.0},{"damage":17.0,"enemies":"Replay:Snechameleon","floor":28.0,"turns":3.0},{"damage":0.0,"enemies":"conspire:SneckoGhost","floor":30.0,"turns":3.0},{"damage":59.0,"enemies":"Champ","floor":33.0,"turns":6.0},{"damage":16.0,"enemies":"3 Shapes","floor":35.0,"turns":2.0},{"damage":0.0,"enemies":"Orb Walker","floor":37.0,"turns":1.0},{"damage":0.0,"enemies":"conspire:MimicChest","floor":38.0,"turns":5.0},{"damage":0.0,"enemies":"R_Hoarder","floor":40.0,"turns":3.0},{"damage":0.0,"enemies":"Giant Head","floor":42.0,"turns":5.0},{"damage":0.0,"enemies":"HollowMod:StalkingDevout","floor":44.0,"turns":3.0},{"damage":0.0,"enemies":"Jaw Worm Horde","floor":45.0,"turns":1.0},{"damage":4.0,"enemies":"Reptomancer","floor":46.0,"turns":3.0},{"damage":0.0,"enemies":"Maw","floor":47.0,"turns":4.0},{"damage":4.0,"enemies":"Sphere and 2 Shapes","floor":48.0,"turns":2.0},{"damage":0.0,"enemies":"Donu and Deca","floor":50.0,"turns":4.0},{"damage":33.0,"enemies":"Shield and Spear","floor":54.0,"turns":3.0},{"damage":197,"enemies":"Delirium","floor":55,"turns":9}],"seed_played":"2093405790861425967","potions_obtained":[{"floor":4.0,"key":"Ancient Potion"},{"floor":6.0,"key":"LiquidMemories"},{"floor":10.0,"key":"AttackPotion"},{"floor":12.0,"key":"Regen Potion"},{"floor":16.0,"key":"FocusPotion"},{"floor":20.0,"key":"Dexterity Potion"},{"floor":22.0,"key":"Elixir"},{"floor":33.0,"key":"Weak Potion"},{"floor":37.0,"key":"EssenceOfDarkness"},{"floor":40.0,"key":"Regen Potion"},{"floor":42.0,"key":"testmod-SpacePotion"},{"floor":44.0,"key":"Fire Potion"},{"floor":48.0,"key":"testmod-SpacePotion"},{"floor":54.0,"key":"PowerPotion"}],"is_trial":false,"path_per_floor":["M","?","$","M","M","E","R","E","T","E","R","E","M","E","R","B",null,"M","$","M","?","M","E","$","E","T","R","E","R","E","?","R","B",null,"M","$","M","?","?","E","R","E","T","E","M","E","M","M","R","B",null,"R","$","E","B"],"character_chosen":"DEFECT","items_purchased":["Chaos","ReplayFunnel","DeadEye","Pet Ghost","DoctorFetus","NineVolt","Stack"],"campfire_rested":2,"item_purchase_floors":[3,3,19,24,36,53,53],"current_hp_per_floor":[61,61,61,63,63,56,56,60,60,51,77,64,64,69,87,86,91,93,93,88,88,95,100,100,101,101,101,91,91,91,81,81,68,105,89,89,98,122,107,122,122,122,122,122,122,122,122,123,123,127,127,127,127,111,0,0],"gold":87,"neow_bonus":"TEN_PERCENT_HP_BONUS","is_daily":false,"chose_seed":false,"campfire_upgraded":6,"win_rate":0.0,"timestamp":1609467575,"path_taken":["M","?","$","M","M","E","R","E","T","E","R","E","M","E","R","BOSS","M","$","M","?","M","E","$","E","T","R","E","R","E","?","R","BOSS","M","$","?","?","?","E","R","E","T","E","M","E","?","M","R","BOSS","R","$","E","BOSS"],"items_purchased_type":["Card","Relic","Relic","Relic","Card","Relic","Card"],"build_version":"2020-12-22","purchased_purges":2,"victory":false,"max_hp_per_floor":[82,82,82,82,82,82,82,82,82,87,87,87,87,87,87,92,92,97,97,102,102,102,102,102,107,107,107,107,107,107,107,107,117,117,117,117,117,122,122,122,122,122,122,122,122,122,122,127,127,127,127,127,127,127,147,147],"card_choices":[{"not_picked":[],"picked":"EpicFetus","floor":0.0},{"not_picked":["Beam Cell","ReplayGash"],"picked":"Go for the Eyes","floor":1.0},{"not_picked":["Barrage","Hologram"],"picked":"Doom and Gloom","floor":4.0},{"not_picked":["Loop","Leap"],"picked":"Meteor Strike","floor":5.0},{"not_picked":["Barrage","ReplayTheSpireMod:Dual Polarity"],"picked":"Undo","floor":6.0},{"not_picked":["Sunder","Cold Snap"],"picked":"ReplayTheSpireMod:Fabricate Wheel","floor":8.0},{"not_picked":["Gash","Tempest"],"picked":"Self Repair","floor":10.0},{"not_picked":["Tempest","ReplayTheSpireMod:System Scan","Redo"],"picked":"SKIP","floor":12.0},{"not_picked":["BasicCrystalCard","Hologram"],"picked":"Self Repair","floor":13.0},{"not_picked":["Hologram","Gash"],"picked":"BasicCrystalCard","floor":13.0},{"not_picked":["Gash","Stack","Hologram"],"picked":"SKIP","floor":14.0},{"not_picked":["Biased Cognition","Amplify"],"picked":"ReplayTheSpireMod:Omega Cannon","floor":16.0},{"not_picked":["Barrage","Hello World"],"picked":"ReplayTheSpireMod:Repulse+1","floor":18.0},{"not_picked":["Skim","Compile Driver+1","Cold Snap"],"picked":"SKIP","floor":18.0},{"not_picked":["Cold Snap","Rebound"],"picked":"Recycle+1","floor":20.0},{"not_picked":["Beam Cell","Stack"],"picked":"Conserve Battery","floor":20.0},{"not_picked":["Go for the Eyes+1","Coolheaded"],"picked":"Panic Button+1","floor":21.0},{"not_picked":["Melter","BasicCrystalCard"],"picked":"Turbo","floor":22.0},{"not_picked":["Consume+1","Compile Driver"],"picked":"Meteor Strike","floor":22.0},{"not_picked":["Darkness","Loop"],"picked":"Turbo","floor":23.0},{"not_picked":["Loop","Stack+1"],"picked":"Turbo+1","floor":25.0},{"not_picked":["Reprogram","Stack","conspire:Rain"],"picked":"SKIP","floor":28.0},{"not_picked":["Steam","Compile Driver","Go for the Eyes"],"picked":"SKIP","floor":30.0},{"not_picked":["Meteor Strike","Echo Form"],"picked":"Hyperbeam","floor":33.0},{"not_picked":["Sweeping Beam+1","Compile Driver+1"],"picked":"Loop+1","floor":35.0},{"not_picked":["Hologram+1","Rip and Tear+1","Rebound+1"],"picked":"SKIP","floor":35.0},{"not_picked":["ReplaySolidLightProjector+1","Pulse"],"picked":"Self Repair+1","floor":37.0},{"not_picked":["Rebound","Steam","Reprogram+1"],"picked":"SKIP","floor":37.0},{"not_picked":["Fan","Redo"],"picked":"Stack+1","floor":40.0},{"not_picked":["Redo","Barrage+1"],"picked":"Self Repair+1","floor":42.0},{"not_picked":["Leap","Streamline"],"picked":"Darkness+1","floor":44.0},{"not_picked":["Panic Button","Creative AI"],"picked":"Fusion+1","floor":45.0},{"not_picked":["Conserve Battery","conspire:SharedLibrary+1","Chaos"],"picked":"SKIP","floor":45.0},{"not_picked":["Gash+1","Coolheaded+1"],"picked":"BootSequence","floor":46.0},{"not_picked":["Rip and Tear","Static Discharge"],"picked":"Leap","floor":47.0},{"not_picked":["Beam Cell+1","Go for the Eyes+1"],"picked":"Turbo+1","floor":47.0},{"not_picked":["conspire:Rain+1","Go for the Eyes+1","Gash+1"],"picked":"SKIP","floor":48.0},{"not_picked":["Hologram+1","Cold Snap+1","Ball Lightning+1"],"picked":"SKIP","floor":48.0},{"not_picked":["Hologram","Redo+1"],"picked":"BootSequence","floor":54.0}],"player_experience":177451,"relics_obtained":[{"floor":6.0,"key":"Boot"},{"floor":8.0,"key":"Replay:Rubber Ducky"},{"floor":9.0,"key":"testmod-Justice"},{"floor":10.0,"key":"Grinning Jar"},{"floor":12.0,"key":"DataDisk"},{"floor":14.0,"key":"testmod-D¨¦j¨¤vu"},{"floor":23.0,"key":"Centennial Puzzle"},{"floor":25.0,"key":"Bottled Flame"},{"floor":26.0,"key":"FossilizedHelix"},{"floor":28.0,"key":"TheBean"},{"floor":30.0,"key":"testmod-Antiphasic"},{"floor":38.0,"key":"InkBottle"},{"floor":40.0,"key":"Vajra"},{"floor":42.0,"key":"conspire:BottledYoYo"},{"floor":44.0,"key":"testmod-AssaultLearning"},{"floor":46.0,"key":"Replay:Bottled Snecko"},{"floor":54.0,"key":"HollowMod:LifeEnderRelic"}],"event_choices":[{"damage_healed":0.0,"max_hp_gain":0.0,"max_hp_loss":0.0,"gold_gain":175.0,"event_name":"Liars Game","player_choice":"AGREE","floor":2.0,"gold_loss":0.0,"damage_taken":0.0,"cards_obtained":["Doubt"]},{"damage_healed":0.0,"max_hp_gain":0.0,"max_hp_loss":0.0,"gold_gain":0.0,"event_name":"Wheel of Change","player_choice":"Damaged","floor":31.0,"gold_loss":0.0,"damage_taken":10.0},{"damage_healed":0.0,"max_hp_gain":0.0,"max_hp_loss":0.0,"gold_gain":0.0,"event_name":"Winding Halls","player_choice":"Embrace Madness","floor":39.0,"gold_loss":0.0,"damage_taken":15.0,"cards_obtained":["Madness","Madness"]}],"is_beta":false,"boss_relics":[{"not_picked":["Replay:Bronze Core","testmod-SaigiyounoYou"],"picked":"Philosopher\u0027s Stone"},{"not_picked":[]},{"not_picked":["Painkiller Herb","Kintsugi"],"picked":"testmod-IncinerationGenerator"},{"not_picked":[]}],"items_purged_floors":[3,19],"is_endless":false,"potions_floor_spawned":[4,6,10,12,16,20,22,33,37,40,42,44,48,54],"killed_by":"Delirium","ascension_level":6}}