{"host":"aryqrlgvv7cx3d7m","time":1609521858,"event":{"mods":["AchievementEnabler","BaseMod","Downfall","GungeonMod","Hermit","Infinite Spire","Jorbs\u0027s Wanderer Trilogy","KinomotoSakuraMod(????)","Koishi","Lobotomy","Marisa????????","Minty Spire (QoL Compilation)","Reimu??????","Remilia??????","Replay The Spire","StSLib","Td1madao Mod","The Administrix","The Animator","The Construct","The Cursed","The Disciple","The Hierophant","The IronCluck","The Necromancer","The Poker Player","The Runesmith","The Servant 0.9.4"],"gold_per_floor":[114,22,22,0,10,10,16,36,36,55,7,7,17,50,50,135,135,154,144,140,140,140],"floor_reached":21,"playtime":1600,"items_purged":[],"score":183,"play_id":"81b41ea4-a2e5-4516-ad7c-2852175c1bde","local_time":"20210101122418","is_ascension_mode":false,"campfire_choices":[{"data":"All Out Attack","floor":6,"key":"SMITH"},{"floor":12,"key":"REST"},{"floor":15,"key":"REST"}],"circlet_count":0,"master_deck":["Strike_G","Strike_G","Strike_G","Strike_G","Strike_G","Defend_G","Defend_G","Defend_G","Defend_G","Defend_G","Survivor","Neutralize","Terror","Replay:SS_fish_3","Poor:ReiMu","All Out Attack+1","Outmaneuver","All Out Attack","Phantasmal Killer","Dagger Throw","Infinite Blades","Replay:Bag of Tricks","Leg Sweep","Backflip","Quick Slash+1"],"relics":["Ring of the Snake","YidongShenshe:ReiMu","Byrd Skull","Lantern","Runic Pyramid"],"acts_visited":["Exordium","TheCity"],"potions_floor_usage":[1,8,10,14,16,20],"damage_taken":[{"damage":0,"enemies":"Cultist","floor":1,"turns":5},{"damage":1,"enemies":"Small Slimes","floor":5,"turns":4},{"damage":7,"enemies":"Jaw Worm","floor":7,"turns":4},{"damage":0,"enemies":"2 Fungi Beasts","floor":8,"turns":2},{"damage":4,"enemies":"Blue Slaver","floor":10,"turns":4},{"damage":0,"enemies":"Lots of Slimes","floor":13,"turns":1},{"damage":7,"enemies":"3 Sentries","floor":14,"turns":5},{"damage":59,"enemies":"Fading Forest","floor":16,"turns":11},{"damage":14,"enemies":"3 Byrds","floor":18,"turns":4},{"damage":39,"enemies":"Spheric Guardian","floor":19,"turns":5},{"damage":16,"enemies":"Cultist and Chosen","floor":20,"turns":7}],"seed_played":"-6267653760232075871","potions_obtained":[{"floor":0,"key":"Adrenaline Potion"},{"floor":0,"key":"Toxic Potion"},{"floor":0,"key":"Reflective Coating"},{"floor":5,"key":"Adrenaline Potion"},{"floor":7,"key":"ZuzhouPotion:ReiMu"},{"floor":8,"key":"Explosive Potion"},{"floor":13,"key":"Guardian:BlockOnCardUsePotion"},{"floor":16,"key":"Languid Potion"},{"floor":19,"key":"DuplicationPotion"},{"floor":20,"key":"Fire Potion"}],"is_trial":false,"path_per_floor":["M","$","?","?","M","R","M","M","T","M","$","R","M","E","R","B",null,"M","M","M","?"],"character_chosen":"THE_SILENT","items_purchased":["Replay:SS_fish_3","Block Potion"],"campfire_rested":2,"item_purchase_floors":[2,11],"current_hp_per_floor":[70,70,70,70,69,69,62,62,62,58,58,70,70,63,70,11,70,56,17,1,0,0],"gold":140,"neow_bonus":"THREE_SMALL_POTIONS","is_daily":false,"chose_seed":false,"campfire_upgraded":1,"win_rate":0.0,"timestamp":1609521858,"path_taken":["M","?","?","?","M","R","M","M","T","M","$","R","M","E","R","BOSS","M","M","M","?"],"items_purchased_type":["Card","Potion"],"build_version":"2020-12-22","purchased_purges":0,"victory":false,"max_hp_per_floor":[70,70,70,70,70,70,70,70,70,70,70,70,70,70,70,70,70,70,70,70,70,70],"card_choices":[{"not_picked":["Expertise","Slice"],"picked":"Terror","floor":1},{"not_picked":["Eviscerate","Noxious Fumes"],"picked":"All Out Attack","floor":5},{"not_picked":["Poisoned Stab","Predator"],"picked":"Outmaneuver","floor":7},{"not_picked":["Endless Agony","ReplayTheSpireMod:Exploit Weakness"],"picked":"All Out Attack","floor":8},{"not_picked":["Dodge and Roll","Outmaneuver"],"picked":"Phantasmal Killer","floor":10},{"not_picked":["Blade Dance","Deadly Poison"],"picked":"Dagger Throw","floor":13},{"not_picked":["Acrobatics","ReplayTheSpireMod:Scrap Shanks"],"picked":"Infinite Blades","floor":14},{"not_picked":["Venomology","Adrenaline"],"picked":"Replay:Bag of Tricks","floor":16},{"not_picked":["Deadly Poison","Dodge and Roll"],"picked":"Leg Sweep","floor":18},{"not_picked":["Dagger Throw","All Out Attack"],"picked":"Backflip","floor":19},{"not_picked":["Eviscerate","Infinite Blades"],"picked":"Quick Slash+1","floor":20}],"player_experience":5342,"relics_obtained":[{"floor":9,"key":"Byrd Skull"},{"floor":14,"key":"Lantern"}],"event_choices":[{"damage_healed":0,"gold_gain":0,"player_choice":"Take Tiny Shrine away","damage_taken":0,"relics_obtained":["YidongShenshe:ReiMu"],"max_hp_gain":0,"max_hp_loss":0,"event_name":"yidonshenshe","floor":3,"gold_loss":0,"cards_obtained":["Poor:ReiMu"]},{"damage_healed":0,"gold_gain":0,"player_choice":"Left Gold","damage_taken":0,"max_hp_gain":0,"max_hp_loss":0,"event_name":"World of Goop","floor":4,"gold_loss":22}],"is_beta":false,"boss_relics":[{"not_picked":["Coffee Dripper","ReplayTheSpireMod:DimensionalGlitch"],"picked":"Runic Pyramid"}],"items_purged_floors":[],"is_endless":false,"potions_floor_spawned":[5,7,8,13,16,19,20],"ascension_level":0}}