{"host":"3vgzk5mhz751jdrj","time":1609544088,"event":{"mods":["2.2 Compatiblity","AchievementEnabler","Act Like it!","Aspiration","BaseMod","Better Match","Better Note","Better Sensory Stone","Better Skull","Better Third Choice","Block Reminder","Colored Map","Conspire","Displayed Cursed Tome","Downfall","Downfall-Rebalance","Friendly Minions","GifTheSpireLib","Halation","Hubris","Marked Mod","Mimic Mod","Minty Spire (QoL Compilation)","Quick Restart","Rare Cards Sparkle","Replay The Spire","Reworked Bosses","Shop Mod","Spicy Shops","Spikes Relics","StSLib","Stuff the Spire","The Marked","Trackpad","vexMod"],"gold_per_floor":[111,131,62,72,87,87,87,87],"floor_reached":7,"playtime":552,"items_purged":[],"score":43,"play_id":"dbe296c3-e4b7-44d7-ad42-ed34157aad98","local_time":"20210101183448","is_ascension_mode":false,"campfire_choices":[],"circlet_count":0,"master_deck":["theMarked:Strike","theMarked:Strike","theMarked:Strike","theMarked:Strike","theMarked:Strike","theMarked:Defend","theMarked:Defend","theMarked:Defend","theMarked:Defend","theMarked:SoldierOfQuellstein","theMarked:Levitate","theMarked:EnhanceMovement","theMarked:Parry","theMarked:Opportunist","theMarked:Polarize"],"relics":["theMarked:ArtifactOfAir","halation:PinkSoulGem"],"acts_visited":["Exordium"],"potions_floor_usage":[5],"damage_taken":[{"damage":0,"enemies":"Small Slimes","floor":1,"turns":3},{"damage":0,"enemies":"2 Louse","floor":2,"turns":3},{"damage":1,"enemies":"Cultist","floor":4,"turns":4},{"damage":12,"enemies":"Lots of Slimes","floor":5,"turns":4},{"damage":66,"enemies":"Gremlin Nob","floor":7,"turns":5}],"seed_played":"-1727336884988666595","potions_obtained":[{"floor":1,"key":"Elixir"},{"floor":2,"key":"champ:CounterPotion"}],"is_trial":false,"path_per_floor":["M","M","$","M","M","?","E"],"character_chosen":"THE_DEFAULT","items_purchased":["theMarked:Opportunist"],"campfire_rested":0,"item_purchase_floors":[3],"current_hp_per_floor":[70,70,70,69,57,57,0,0],"gold":87,"neow_bonus":"ONE_RANDOM_RARE_CARD","is_daily":false,"chose_seed":false,"campfire_upgraded":0,"win_rate":0.0,"timestamp":1609544088,"path_taken":["M","M","$","M","M","?","E"],"items_purchased_type":["Card"],"build_version":"2020-12-22","purchased_purges":0,"victory":false,"max_hp_per_floor":[70,70,70,70,70,70,70,70],"card_choices":[{"not_picked":["theMarked:HeightenedSenses","theMarked:GodGivenPower"],"picked":"theMarked:EnhanceMovement","floor":1},{"not_picked":["theMarked:Overthink","theMarked:ResourceFulStrike"],"picked":"theMarked:Parry","floor":2},{"not_picked":["theMarked:WastefulDefense","theMarked:ChainLightning"],"picked":"theMarked:Polarize","floor":4},{"not_picked":["theMarked:WastefulDefense","theMarked:ChainLightning","theMarked:Improvise"],"picked":"SKIP","floor":5}],"player_experience":416049,"relics_obtained":[],"event_choices":[],"is_beta":false,"boss_relics":[],"items_purged_floors":[],"is_endless":false,"potions_floor_spawned":[1,2],"killed_by":"Gremlin Nob","ascension_level":0}}