{"host":"ltca6yxwulbhza25","time":1609512480,"event":{"mods":["BaseMod","Colored Map","Colored Powertips","Minty Spire (QoL Compilation)","Quick Restart","StSLib","The Blue Laboratory","The Cursed","The Forsaken"],"gold_per_floor":[116,116,131,104,117,147,147,163,188,200,212,255,267,305,317,428,440,467,479,706,718,730,773,796,841,922,950,995,1007,1053,990,1002,1113,1125,1156,1181,1193,1205,1236,1248,1272,1319,1331,1353,616,616,642,659,659,659,659,659,92,126,126],"floor_reached":56,"playtime":3787,"items_purged":["Strike_G+1","theForsaken:TheForsaken_Strike+1"],"score":1351,"play_id":"c14ec6ba-a499-4bbb-86b5-917b603c428b","local_time":"20210101224800","is_ascension_mode":false,"campfire_choices":[{"data":"theForsaken:AncientWords","floor":7.0,"key":"SMITH"},{"floor":10.0,"key":"RECALL"},{"floor":15.0,"key":"REST"},{"floor":29.0,"key":"REST"},{"data":"theForsaken:DesperatePlea","floor":32.0,"key":"SMITH"},{"data":"theForsaken:SacredOath","floor":40.0,"key":"SMITH"},{"floor":49.0,"key":"REST"},{"data":"theForsaken:AncientWords","floor":52.0,"key":"SMITH"}],"circlet_count":0,"master_deck":["theForsaken:TheForsaken_Defend+1","theForsaken:TheForsaken_Defend+1","theForsaken:TheForsaken_Defend+1","theForsaken:Smite+1","theForsaken:Penitence+1","theForsaken:Bolster+1","theForsaken:Eulogy+1","theForsaken:AncientWords+1","theForsaken:DesperatePlea+1","theForsaken:LightRoll","theForsaken:AncientWords+1","theForsaken:SacredOath+1","theForsaken:DivineGuidance","theForsaken:Purification","theForsaken:Terrorize","Master of Strategy","Madness","Madness","theForsaken:Horror","theForsaken:DefensiveStance","Magnetism"],"relics":["theForsaken:JudgementScales","Centennial Puzzle","MawBank","War Paint","theForsaken:PlagueMask","Mercury Hourglass","theForsaken:ArmorOfThorns","Old Coin","Lantern","Regal Pillow","Oddly Smooth Stone","Sundial","Empty Cage","Torii","Shuriken","Strange Spoon","Thread and Needle","StoneCalendar","Boot","Anchor"],"acts_visited":["TheCity","TheBeyond","TheEnding"],"potions_floor_usage":[54,55,55,55],"damage_taken":[{"damage":0.0,"enemies":"2 Louse","floor":1.0,"turns":4.0},{"damage":0.0,"enemies":"Small Slimes","floor":3.0,"turns":4.0},{"damage":0.0,"enemies":"Cultist","floor":5.0,"turns":6.0},{"damage":9.0,"enemies":"3 Sentries","floor":6.0,"turns":9.0},{"damage":7.0,"enemies":"Gremlin Gang","floor":8.0,"turns":5.0},{"damage":0.0,"enemies":"Lagavulin","floor":12.0,"turns":9.0},{"damage":18.0,"enemies":"3 Sentries","floor":14.0,"turns":11.0},{"damage":27.0,"enemies":"The Guardian","floor":16.0,"turns":12.0},{"damage":8.0,"enemies":"Shell Parasite","floor":18.0,"turns":8.0},{"damage":24.0,"enemies":"Gremlin Leader","floor":23.0,"turns":6.0},{"damage":1.0,"enemies":"Chosen","floor":24.0,"turns":5.0},{"damage":24.0,"enemies":"Book of Stabbing","floor":25.0,"turns":5.0},{"damage":13.0,"enemies":"Shelled Parasite and Fungi","floor":27.0,"turns":7.0},{"damage":12.0,"enemies":"Gremlin Leader","floor":28.0,"turns":6.0},{"damage":17.0,"enemies":"Book of Stabbing","floor":30.0,"turns":7.0},{"damage":45.0,"enemies":"Automaton","floor":33.0,"turns":10.0},{"damage":1.0,"enemies":"3 Shapes","floor":35.0,"turns":4.0},{"damage":15.0,"enemies":"Orb Walker","floor":36.0,"turns":4.0},{"damage":20.0,"enemies":"Sphere and 2 Shapes","floor":39.0,"turns":5.0},{"damage":13.0,"enemies":"Writhing Mass","floor":41.0,"turns":4.0},{"damage":0.0,"enemies":"Giant Head","floor":42.0,"turns":11.0},{"damage":0.0,"enemies":"Maw","floor":44.0,"turns":9.0},{"damage":18.0,"enemies":"Reptomancer","floor":47.0,"turns":7.0},{"damage":8.0,"enemies":"Sphere and 2 Shapes","floor":48.0,"turns":6.0},{"damage":25.0,"enemies":"Donu and Deca","floor":50.0,"turns":12.0},{"damage":65,"enemies":"Shield and Spear","floor":54,"turns":7},{"damage":38,"enemies":"The Heart","floor":55,"turns":13}],"seed_played":"8176538851560026112","potions_obtained":[{"floor":1.0,"key":"blueLaboratory:EmptyBottle"},{"floor":12.0,"key":"Dexterity Potion"},{"floor":16.0,"key":"AttackPotion"},{"floor":23.0,"key":"Weak Potion"},{"floor":25.0,"key":"blueLaboratory:NullPotion"},{"floor":27.0,"key":"LiquidMemories"},{"floor":33.0,"key":"Swift Potion"},{"floor":35.0,"key":"Regen Potion"},{"floor":36.0,"key":"Dexterity Potion"},{"floor":41.0,"key":"FearPotion"}],"is_trial":false,"path_per_floor":["M","?","M","$","M","E","R","M","T","R","$","E","?","E","R","B",null,"M","?","?","$","?","E","M","E","T","M","E","R","E","?","R","B",null,"M","M","?","$","M","R","M","E","T","M","$","?","E","M","R","B",null,"R","$","E","B",null],"character_chosen":"THE_FORSAKEN","items_purchased":["theForsaken:Eulogy","Strange Spoon","Thread and Needle","BlessingOfTheForge","Master of Strategy","theForsaken:DefensiveStance","Regen Potion","Magnetism","Boot"],"campfire_rested":3,"item_purchase_floors":[4,45,45,45,45,53,53,53,53],"current_hp_per_floor":[65,65,71,71,77,77,77,76,76,76,76,77,77,74,77,76,77,77,63,63,63,63,48,56,37,37,33,36,75,61,61,61,31,82,82,73,73,73,59,59,49,60,60,77,77,67,61,53,82,69,82,82,82,25,82],"gold":126,"neow_bonus":"TWENTY_PERCENT_HP_BONUS","is_daily":false,"chose_seed":false,"campfire_upgraded":4,"win_rate":0.0,"timestamp":1609512480,"path_taken":["M","?","M","$","?","E","R","M","T","R","$","E","?","E","R","BOSS","M","?","?","$","?","E","?","E","T","M","E","R","E","?","R","BOSS","M","M","?","$","M","R","M","E","T","M","?","?","E","M","R","BOSS","R","$","E","BOSS"],"items_purchased_type":["Card","Relic","Relic","Potion","Card","Card","Potion","Card","Relic"],"build_version":"2020-12-22","purchased_purges":2,"victory":true,"max_hp_per_floor":[77,77,77,77,77,77,77,77,77,77,77,77,77,77,77,77,77,77,82,82,82,82,82,82,82,82,82,82,82,82,82,82,82,82,82,82,82,82,82,82,82,82,82,82,82,82,82,82,82,82,82,82,82,82,82],"card_choices":[{"not_picked":["theForsaken:HealingLight","theForsaken:CreepingInfection"],"picked":"theForsaken:Bolster","floor":1.0},{"not_picked":["theForsaken:LightRoll","theForsaken:CorruptedWord","theForsaken:Preservation"],"picked":"SKIP","floor":3.0},{"not_picked":["theForsaken:Parry","theForsaken:StoreUp","theForsaken:Backlash"],"picked":"SKIP","floor":5.0},{"not_picked":["theForsaken:WardingHymn","theForsaken:CorruptedWord"],"picked":"theForsaken:AncientWords","floor":6.0},{"not_picked":["theForsaken:Riposte","theForsaken:HymnOfRest","theForsaken:DarkBarrier"],"picked":"SKIP","floor":8.0},{"not_picked":["theForsaken:CorruptedWord","theForsaken:PowerUp","theForsaken:BlessedWeapon"],"picked":"SKIP","floor":12.0},{"not_picked":["theForsaken:NobleSacrifice","theForsaken:Parry","theForsaken:SiphonStrike"],"picked":"SKIP","floor":14.0},{"not_picked":["theForsaken:Mantra","theForsaken:TearsOfSunlight"],"picked":"theForsaken:DesperatePlea","floor":16.0},{"not_picked":["theForsaken:ShieldBash+1","theForsaken:CreepingInfection+1","theForsaken:BattleHymn"],"picked":"SKIP","floor":18.0},{"not_picked":["theForsaken:NobleSacrifice","theForsaken:ShieldBash+1"],"picked":"theForsaken:AncientWords","floor":23.0},{"not_picked":["theForsaken:WrathOfGod","theForsaken:NobleSacrifice","theForsaken:CleansingLight+1"],"picked":"SKIP","floor":24.0},{"not_picked":["theForsaken:HealingLight","theForsaken:BountifulSunlight","theForsaken:CleansingLight+1"],"picked":"SKIP","floor":25.0},{"not_picked":["theForsaken:Backlash","theForsaken:ScorchingSunlight+1"],"picked":"theForsaken:SacredOath","floor":27.0},{"not_picked":["theForsaken:Backlash","theForsaken:Preservation"],"picked":"theForsaken:DivineGuidance","floor":28.0},{"not_picked":["theForsaken:Riposte","theForsaken:QuickAttack+1","theForsaken:StoreUp"],"picked":"SKIP","floor":30.0},{"not_picked":["theForsaken:DarkRift","theForsaken:SpreadingPlague"],"picked":"theForsaken:Purification","floor":33.0},{"not_picked":["theForsaken:WordOfPower+1","theForsaken:ShieldBash","theForsaken:BlessedWeapon+1"],"picked":"SKIP","floor":35.0},{"not_picked":["theForsaken:WordOfPower","theForsaken:ChargeAttack+1","theForsaken:Terrorize+1"],"picked":"SKIP","floor":36.0},{"not_picked":["theForsaken:ChargeAttack+1","theForsaken:BindingThorns+1","theForsaken:Riposte"],"picked":"SKIP","floor":39.0},{"not_picked":["theForsaken:HorrifyingStrike+1","theForsaken:InspiringBlow+1","theForsaken:LightRoll+1"],"picked":"SKIP","floor":41.0},{"not_picked":["theForsaken:FatRoll+1","theForsaken:QuickAttack"],"picked":"theForsaken:Terrorize","floor":42.0},{"not_picked":["theForsaken:PowerUp+1","theForsaken:FuryStrikes","theForsaken:FatRoll"],"picked":"SKIP","floor":44.0},{"not_picked":["theForsaken:AncientWords+1","theForsaken:RainingSunlight"],"picked":"theForsaken:Horror","floor":47.0},{"not_picked":["theForsaken:QuickAttack","theForsaken:ScorchingSunlight","theForsaken:AncientWords"],"picked":"SKIP","floor":48.0},{"not_picked":["theForsaken:BlessedWeapon+1","theForsaken:FatRoll+1","theForsaken:QuickAttack+1"],"picked":"SKIP","floor":54}],"player_experience":25674,"relics_obtained":[{"floor":6.0,"key":"Centennial Puzzle"},{"floor":9.0,"key":"MawBank"},{"floor":12.0,"key":"War Paint"},{"floor":14.0,"key":"Mercury Hourglass"},{"floor":23.0,"key":"Lantern"},{"floor":25.0,"key":"Regal Pillow"},{"floor":28.0,"key":"Oddly Smooth Stone"},{"floor":30.0,"key":"Sundial"},{"floor":42.0,"key":"Torii"},{"floor":43.0,"key":"Shuriken"},{"floor":47.0,"key":"StoneCalendar"},{"floor":54,"key":"Anchor"}],"event_choices":[{"damage_healed":0.0,"max_hp_gain":0.0,"max_hp_loss":0.0,"gold_gain":0.0,"event_name":"Upgrade Shrine","player_choice":"Upgraded","floor":2.0,"gold_loss":0.0,"damage_taken":0.0,"cards_upgraded":["theForsaken:Bolster"]},{"damage_healed":0.0,"max_hp_gain":0.0,"max_hp_loss":0.0,"gold_gain":0.0,"event_name":"Plague Doctor","player_choice":"Obtain Plague Curse","floor":13.0,"gold_loss":0.0,"damage_taken":0.0,"cards_obtained":["theForsaken:PlagueCurse"]},{"damage_healed":0.0,"max_hp_gain":5.0,"max_hp_loss":0.0,"gold_gain":0.0,"event_name":"Forgotten Altar","player_choice":"Shed Blood","floor":19.0,"gold_loss":0.0,"damage_taken":19.0},{"damage_healed":0.0,"max_hp_gain":0.0,"max_hp_loss":0.0,"gold_gain":0.0,"event_name":"Addict","player_choice":"Obtained Relic","floor":20.0,"gold_loss":85.0,"damage_taken":0.0,"relics_obtained":["Old Coin"]},{"damage_healed":0.0,"max_hp_gain":0.0,"max_hp_loss":0.0,"gold_gain":0.0,"cards_transformed":["theForsaken:TheForsaken_Defend"],"event_name":"Transmorgrifier","player_choice":"Transformed","floor":22.0,"gold_loss":0.0,"damage_taken":0.0,"cards_obtained":["theForsaken:LightRoll"]},{"cards_removed":["theForsaken:PlagueCurse"],"damage_healed":0.0,"max_hp_gain":0.0,"max_hp_loss":0.0,"gold_gain":0.0,"event_name":"Beggar","player_choice":"Gave Gold","floor":31.0,"gold_loss":75.0,"damage_taken":0.0},{"cards_removed":["theForsaken:TheForsaken_Strike"],"damage_healed":0.0,"max_hp_gain":0.0,"max_hp_loss":0.0,"gold_gain":0.0,"event_name":"NoteForYourself","player_choice":"Took Card","floor":37.0,"gold_loss":0.0,"damage_taken":0.0,"cards_obtained":["Strike_G"]},{"damage_healed":0.0,"max_hp_gain":0.0,"max_hp_loss":0.0,"gold_gain":0.0,"event_name":"Winding Halls","player_choice":"Embrace Madness","floor":46.0,"gold_loss":0.0,"damage_taken":10.0,"cards_obtained":["Madness","Madness"]}],"is_beta":false,"boss_relics":[{"not_picked":["Busted Crown","SacredBark"],"picked":"theForsaken:ArmorOfThorns"},{"not_picked":["Sozu","Coffee Dripper"],"picked":"Empty Cage"}],"items_purged_floors":[45,53],"is_endless":false,"potions_floor_spawned":[1,12,16,23,25,27,33,35,36,41,48],"ascension_level":0}}