{"host":"6ko66ogg91i6g7xq","time":1609533164,"event":{"mods":["AchievementEnabler","Act Like it!","BaseMod","Colored Map","Colored Powertips","Downfall","Hermit","Minty Spire (QoL Compilation)","Quick Restart","Relic Stats","StSLib","The Jungle","everything is the same but u backflip on backflip"],"gold_per_floor":[119,294,244,255,255,285,285,303,326,326,326],"floor_reached":10,"playtime":109,"items_purged":[],"score":96,"play_id":"e7ad1326-e10c-47ca-9b07-3a7fbcb0dd88","local_time":"20210101153244","is_ascension_mode":true,"campfire_choices":[{"floor":7,"key":"RECALL"}],"circlet_count":0,"master_deck":["Strike_G","Strike_G","Strike_G","Strike_G","Strike_G","Defend_G","Defend_G","Defend_G","Defend_G","Defend_G","Survivor","Neutralize","Deadly Poison","Terror","Caltrops"],"relics":["Ring of the Snake","NeowsBlessing","Potion Belt","FossilizedHelix","Bronze Scales"],"acts_visited":["Exordium"],"potions_floor_usage":[],"damage_taken":[{"damage":0,"enemies":"Small Slimes","floor":1,"turns":1},{"damage":0,"enemies":"Jaw Worm","floor":4,"turns":1},{"damage":0,"enemies":"3 Sentries","floor":6,"turns":1},{"damage":0,"enemies":"2 Louse","floor":8,"turns":2},{"damage":0,"enemies":"Gremlin Nob","floor":10,"turns":2}],"seed_played":"8961663082748920950","potions_obtained":[{"floor":8,"key":"Explosive Potion"}],"is_trial":false,"path_per_floor":["M","?","?","M","?","E","R","M","T","E"],"character_chosen":"THE_SILENT","items_purchased":[],"campfire_rested":0,"item_purchase_floors":[],"current_hp_per_floor":[70,70,70,70,52,52,52,52,52,52,52],"gold":326,"neow_bonus":"THREE_ENEMY_KILL","is_daily":false,"chose_seed":false,"campfire_upgraded":0,"win_rate":0.0,"timestamp":1609533164,"path_taken":["M","?","?","M","?","E","R","M","T","E"],"items_purchased_type":[],"build_version":"2020-12-22","purchased_purges":0,"victory":false,"max_hp_per_floor":[70,70,70,70,70,70,70,70,70,70,70],"relic_stats":{"counters":[5,7],"Bronze Scales":[0],"obtain_stats":[{"Potion Belt":5,"NeowsBlessing":0,"Bronze Scales":9,"FossilizedHelix":6,"Ring of the Snake":0},{"Potion Belt":2,"NeowsBlessing":0,"Bronze Scales":4,"FossilizedHelix":3,"Ring of the Snake":0},{"Potion Belt":2,"NeowsBlessing":0,"Bronze Scales":5,"FossilizedHelix":3,"Ring of the Snake":0}],"Ring of the Snake":[10]},"card_choices":[{"not_picked":["Prepared","Riddle With Holes"],"picked":"Deadly Poison","floor":1},{"not_picked":["Blade Dance","Distraction"],"picked":"Terror","floor":4},{"not_picked":["Blade Dance","Malaise"],"picked":"Caltrops","floor":6},{"not_picked":["Sucker Punch","Slice","Backflip"],"picked":"SKIP","floor":8}],"player_experience":280991,"relics_obtained":[{"floor":6,"key":"FossilizedHelix"},{"floor":9,"key":"Bronze Scales"}],"event_choices":[{"damage_healed":0,"gold_gain":175,"player_choice":"AGREE","damage_taken":0,"max_hp_gain":0,"max_hp_loss":0,"event_name":"Liars Game","floor":2,"gold_loss":0,"cards_obtained":["Doubt"]},{"cards_removed":["Doubt"],"damage_healed":0,"gold_gain":0,"player_choice":"Card Removal","damage_taken":0,"max_hp_gain":0,"max_hp_loss":0,"event_name":"The Cleric","floor":3,"gold_loss":50},{"damage_healed":0,"gold_gain":0,"player_choice":"Success","damage_taken":18,"relics_obtained":["Potion Belt"],"max_hp_gain":0,"max_hp_loss":0,"event_name":"Scrap Ooze","floor":5,"gold_loss":0}],"is_beta":false,"boss_relics":[],"items_purged_floors":[],"is_endless":false,"potions_floor_spawned":[8],"killed_by":"Gremlin Nob","ascension_level":1}}