{"host":"7hpq7e8rzvzbnf1s","time":1609490964,"event":{"mods":["Arknights The Spire","BaseMod","Minty Spire (QoL Compilation)","Quick Restart","StSLib","Waifu the Spire"],"gold_per_floor":[125,137,165,194,176,188,226,250,262,274,371,383,395,176,176,176,176],"floor_reached":16,"playtime":824,"items_purged":["ats:Strike S"],"score":98,"play_id":"f85e836c-572f-4e55-bb5a-9949ef0018b2","local_time":"20210101164924","is_ascension_mode":false,"campfire_choices":[{"data":"ats:Emotion Absorption","floor":6,"key":"SMITH"},{"data":"ats:Soul Absorption","floor":10,"key":"SMITH"},{"floor":12,"key":"REST"},{"data":"ats:Part Time Job","floor":15,"key":"SMITH"}],"circlet_count":0,"master_deck":["ats:Strike C","ats:Strike G","ats:Armor Crushing Shot","ats:Defend","ats:Defend","ats:Defend","ats:Emotion Absorption+1","ats:Healing Strengthening","Iron Wave","ats:Revitalization","ats:Song Of Battle","ats:Magnetic Hammer","ats:Soul Absorption+1","ats:Curse Doll","ats:Hammer On","ats:Part Time Job+1","ats:Rat Pack"],"relics":["ats:Sanity","MawBank","ats:Originium","Blue Candle","Gremlin Horn","Juzu Bracelet"],"acts_visited":["Exordium"],"potions_floor_usage":[11,11],"damage_taken":[{"damage":0,"enemies":"2 Louse","floor":1,"turns":2},{"damage":7,"enemies":"Cultist","floor":3,"turns":5},{"damage":7,"enemies":"Small Slimes","floor":4,"turns":4},{"damage":10,"enemies":"Looter","floor":5,"turns":4},{"damage":41,"enemies":"3 Sentries","floor":7,"turns":11},{"damage":6,"enemies":"2 Fungi Beasts","floor":8,"turns":6},{"damage":12,"enemies":"Gremlin Nob","floor":11,"turns":5},{"damage":101,"enemies":"Hexaghost","floor":16,"turns":16}],"seed_played":"992043498735458400","potions_obtained":[{"floor":1,"key":"FearPotion"},{"floor":3,"key":"Swift Potion"},{"floor":7,"key":"ColorlessPotion"}],"is_trial":false,"path_per_floor":["M","?","M","M","M","R","E","M","T","R","?","R","?","$","R","B"],"character_chosen":"DOCTOR_CLASS","items_purchased":["ats:Part Time Job","ats:Rat Pack"],"campfire_rested":1,"item_purchase_floors":[14,14],"current_hp_per_floor":[72,72,65,58,56,56,25,22,22,22,15,36,29,29,29,0,0],"gold":176,"neow_bonus":"RANDOM_COMMON_RELIC","is_daily":false,"chose_seed":false,"campfire_upgraded":3,"win_rate":0.0,"timestamp":1609490964,"path_taken":["M","?","M","M","M","R","E","?","T","R","?","R","?","$","R","BOSS"],"items_purchased_type":["Card","Card"],"build_version":"2020-12-22","purchased_purges":1,"victory":false,"max_hp_per_floor":[72,72,72,72,72,72,72,72,72,72,72,72,72,72,72,72,72],"card_choices":[{"not_picked":["ats:Overload","ats:Very Hot Blade"],"picked":"ats:Healing Strengthening","floor":1},{"not_picked":["ats:Explosion Area Strengthen","ats:Consecutive Shot Auto"],"picked":"ats:Revitalization","floor":3},{"not_picked":["ats:Poison Spread","ats:Explosion Area Strengthen"],"picked":"ats:Song Of Battle","floor":4},{"not_picked":["ats:Ignite","ats:Apocalypse"],"picked":"ats:Magnetic Hammer","floor":5},{"not_picked":["ats:Assault Order","ats:Overload"],"picked":"ats:Soul Absorption","floor":7},{"not_picked":["ats:Cat Scratch","ats:Flexible Camouflage"],"picked":"ats:Curse Doll","floor":8},{"not_picked":["ats:Sunburst","ats:Poison Spread"],"picked":"ats:Hammer On","floor":11}],"player_experience":183080,"relics_obtained":[{"floor":7,"key":"ats:Originium"},{"floor":7,"key":"Blue Candle"},{"floor":9,"key":"Gremlin Horn"},{"floor":11,"key":"Juzu Bracelet"}],"event_choices":[{"cards_removed":["ats:Strike V"],"damage_healed":0,"gold_gain":0,"player_choice":"Took Card","damage_taken":0,"max_hp_gain":0,"max_hp_loss":0,"event_name":"NoteForYourself","floor":2,"gold_loss":0,"cards_obtained":["Iron Wave"]},{"damage_healed":0,"gold_gain":30,"player_choice":"Searched \u00272\u0027 times","damage_taken":0,"max_hp_gain":0,"max_hp_loss":0,"event_name":"Dead Adventurer","floor":11,"gold_loss":0},{"cards_removed":["ats:Defend"],"damage_healed":0,"gold_gain":0,"player_choice":"Card Removal","damage_taken":7,"max_hp_gain":0,"max_hp_loss":0,"event_name":"Golden Wing","floor":13,"gold_loss":0}],"is_beta":false,"boss_relics":[],"items_purged_floors":[14],"is_endless":false,"potions_floor_spawned":[1,3,7],"killed_by":"Hexaghost","ascension_level":0}}