{"host":"p4yrwepmrl4g8pul","time":1609504016,"event":{"mods":["Act Like it!","BaseMod","BetterRewards","Colored Map","Custom Start","Gensokyo","Marisa£®ÏF”Í°°ƒß¿Ì…≥£©","Minty Spire (QoL Compilation)","Quick Restart","Rare Cards Sparkle","Reimu£®≤©¿ˆ¡È√Œ£©","Remilia£®¿Ÿ√◊¿Ú—«£©","Remove Card Discount Mod","Shop Mod","StSLib","The Jungle"],"gold_per_floor":[111,111,24,36,51,80,80,90,90,90,116,130,157,176,176,254,254,269,267,277,287,287,315,326,326,350,350,675,701,718,746,746,820,820,839,839,554,565,578,613,613,613,613,640,640,668,668,697,697,697,697,697,697,201,226,226],"floor_reached":57,"playtime":12365,"items_purged":["Strike_Lin:ReiMu","Defend_Lin:ReiMu","Defend_Lin:ReiMu","Defend_Lin:ReiMu","Strike_Lin:ReiMu","Strike_Lin:ReiMu","Strike_Lin:ReiMu","NB:ReiMu","Defend_Lin:ReiMu","FoulBorder2:ReiMu","SpringWay:ReiMu","Intuition:ReiMu","Good Instincts","Good Instincts","TightArray:ReiMu","Shame"],"score":4076,"play_id":"45f8397c-49d6-4c3b-a0b5-d4ff530b2b18","local_time":"20210101202656","is_ascension_mode":true,"campfire_choices":[{"floor":7.0,"key":"REST"},{"data":"FoulBorder2:ReiMu","floor":10.0,"key":"SMITH"},{"data":"ShadowOfCrow2:ReiMu","floor":15.0,"key":"SMITH"},{"data":"Stagnation:ReiMu","floor":25.0,"key":"SMITH"},{"floor":32.0,"key":"REST"},{"floor":42.0,"key":"RECALL"},{"data":"KamiRite:ReiMu","floor":49.0,"key":"SMITH"},{"floor":53,"key":"REST"}],"circlet_count":0,"master_deck":["AscendersBane","Stagnation:ReiMu+1","OctopathBindingBorder2:ReiMu+1","FoulBorder2:ReiMu+1","SafetyPray:ReiMu","SafetyPray:ReiMu+1","PrayRite:ReiMu+1","ShadowOfCrow2:ReiMu+1","RainPray2:ReiMu+1","YinYangSign:ReiMu+1","FoulBorder2:ReiMu+1","KamiRite:ReiMu+1","SpreadBorder2:ReiMu","UniversalSpiritual:ReiMu"],"relics":["FlyPower:ReiMu","Orrery","CheatingSign:ReiMu","Mummified Hand","Membership Card","Lizard Tail","TentaclePot:ReiMu","Vajra","TungstenRod","Philosopher\u0027s Stone","Centennial Puzzle","Regal Pillow","Bow_fan:ReiMu","Anchor","DonationBox:ReiMu","TheAbacus","Potion Belt","Whetstone","SkyOrb:ReiMu","Omamori","Mastiff:ReiMu","Akabeko","FossilizedHelix","PreservedInsect","TurtleShell:ReiMu","OrangePellets","CaptainsWheel","Nunchaku"],"acts_visited":["Exordium","Gensokyo:Gensokyo","Gensokyo:Gensokyoer","TheEnding"],"potions_floor_usage":[56,56,56,56],"damage_taken":[{"damage":0.0,"enemies":"Gensokyo:Python","floor":1.0,"turns":2.0},{"damage":0.0,"enemies":"Gensokyo:2_Kodama","floor":4.0,"turns":4.0},{"damage":0.0,"enemies":"Gensokyo:Gryphon","floor":5.0,"turns":4.0},{"damage":7.0,"enemies":"Gensokyo:Cirno","floor":6.0,"turns":8.0},{"damage":0.0,"enemies":"Gensokyo:Python_and_Kodama","floor":8.0,"turns":5.0},{"damage":0.0,"enemies":"Gensokyo:LivingMonolith","floor":12.0,"turns":3.0},{"damage":0.0,"enemies":"Gensokyo:Mamizou","floor":13.0,"turns":5.0},{"damage":0.0,"enemies":"Gensokyo:3_Kodama","floor":14.0,"turns":3.0},{"damage":0.0,"enemies":"Gensokyo:Reimu","floor":16.0,"turns":4.0},{"damage":0.0,"enemies":"Gensokyo:2_Gloops","floor":18.0,"turns":3.0},{"damage":1.0,"enemies":"Gensokyo:CosmicMonolith","floor":20.0,"turns":3.0},{"damage":0.0,"enemies":"Gensokyo:Wraith","floor":21.0,"turns":6.0},{"damage":0.0,"enemies":"Gensokyo:Tenshi","floor":23.0,"turns":6.0},{"damage":0.0,"enemies":"Gensokyo:Slime_Group","floor":24.0,"turns":9.0},{"damage":0.0,"enemies":"Gensokyo:Koishi","floor":29.0,"turns":5.0},{"damage":0.0,"enemies":"Gensokyo:Chomper_and_Gloop","floor":30.0,"turns":4.0},{"damage":9.0,"enemies":"Gensokyo:Reisen","floor":31.0,"turns":5.0},{"damage":0.0,"enemies":"Gensokyo:Eternal_Rivals","floor":33.0,"turns":9.0},{"damage":0.0,"enemies":"Gensokyo:3_Boulders","floor":35.0,"turns":3.0},{"damage":0.0,"enemies":"Gensokyo:3_Bats","floor":38.0,"turns":2.0},{"damage":0.0,"enemies":"Gensokyo:3_Boulders","floor":39.0,"turns":3.0},{"damage":0.0,"enemies":"Gensokyo:Doremy","floor":40.0,"turns":5.0},{"damage":0.0,"enemies":"Gensokyo:Kasen","floor":44.0,"turns":3.0},{"damage":0.0,"enemies":"Gensokyo:Marisa","floor":46.0,"turns":4.0},{"damage":0.0,"enemies":"Gensokyo:Kasen","floor":48.0,"turns":4.0},{"damage":0,"enemies":"Gensokyo:Shinki","floor":50,"turns":9},{"damage":14,"enemies":"Gensokyo:Scarlet_Devils","floor":51,"turns":11},{"damage":0,"enemies":"Shield and Spear","floor":55,"turns":5},{"damage":0,"enemies":"The Heart","floor":56,"turns":8}],"seed_played":"-8483858022951719753","potions_obtained":[{"floor":6.0,"key":"PinkPotion:ReiMu"},{"floor":8.0,"key":"ColorlessPotion"},{"floor":16.0,"key":"MagicPotion:ReiMu"},{"floor":20.0,"key":"Fire Potion"},{"floor":24.0,"key":"DistilledChaos"},{"floor":29.0,"key":"CultistPotion"},{"floor":35.0,"key":"PowerPotion"},{"floor":39.0,"key":"PinkPotion:ReiMu"},{"floor":44.0,"key":"Fire Potion"},{"floor":55,"key":"PowerPotion"}],"is_trial":false,"path_per_floor":["M","?","$","M","M","E","R","M","T","R","T","M","E","M","R","B",null,"M","$","M","M","?","E","M","R","T","?","?","E","M","E","R","B",null,"M","?","$","M","M","E","?","R","T","E","?","E","?","E","R","B","B",null,"R","$","E","B",null],"character_chosen":"REIMU","items_purchased":["OctopathBindingBorder2:ReiMu","TightArray:ReiMu","FoulBorder2:ReiMu","Good Instincts","Orrery","CheatingSign:ReiMu","Good Instincts","Mummified Hand","Membership Card","PrayRite:ReiMu","Explosive Potion","SkillPotion","TentaclePot:ReiMu","TheAbacus","Potion Belt","Whetstone","FoulBorder2:ReiMu","TurtleShell:ReiMu","OrangePellets","CaptainsWheel","SpreadBorder2:ReiMu","Block Potion","UniversalSpiritual:ReiMu"],"campfire_rested":3,"item_purchase_floors":[0,0,0,0,0,0,0,0,0,0,0,0,3,37,37,37,37,54,54,54,54,54,54],"current_hp_per_floor":[18,18,18,18,18,11,29,29,29,29,29,29,29,29,29,29,52,52,52,51,51,51,51,51,51,51,51,51,51,51,42,60,60,60,60,60,60,60,60,60,60,60,60,60,60,60,31,31,31,31,17,49,60,60,60,60],"gold":226,"neow_bonus":"","is_daily":false,"chose_seed":false,"campfire_upgraded":4,"win_rate":0.0,"timestamp":1609504016,"path_taken":["M","?","?","M","M","E","R","M","T","R","?","?","E","M","R","BOSS","M","$","M","M","?","E","?","R","T","?","?","E","?","E","R","BOSS","M","?","$","M","?","E","?","R","T","E","?","E","?","E","R","BOSS","BOSS","R","$","E","BOSS"],"items_purchased_type":["Card","Card","Card","Card","Relic","Relic","Card","Relic","Relic","Card","Potion","Potion","Relic","Relic","Relic","Relic","Card","Relic","Relic","Relic","Card","Potion","Card"],"build_version":"2020-12-22","purchased_purges":16,"victory":true,"max_hp_per_floor":[60,60,60,60,60,60,60,60,60,60,60,60,60,60,60,60,60,60,60,60,60,60,60,60,60,60,60,60,60,60,60,60,60,60,60,60,60,60,60,60,60,60,60,60,60,60,60,60,60,60,60,60,60,60,60,60],"card_choices":[{"not_picked":["KamiSacrifice:ReiMu","FantasyMoon:ReiMu"],"picked":"Intuition:ReiMu","floor":0.0},{"not_picked":["UpKicking:ReiMu","SubcavityInstant:ReiMu"],"picked":"SpringWay:ReiMu","floor":0.0},{"not_picked":["MikOfLucky:ReiMu","AlertArray:ReiMu"],"picked":"FoulBorder2:ReiMu","floor":0.0},{"not_picked":["SpringWay:ReiMu","SealNeedle:ReiMu"],"picked":"SafetyPray:ReiMu","floor":0.0},{"not_picked":["Intuition:ReiMu","PayForSelf:ReiMu"],"picked":"SafetyPray:ReiMu","floor":0.0},{"not_picked":["BarrageOfMoneybags:ReiMu","OrbThrow:ReiMu","Intuition:ReiMu"],"picked":"SKIP","floor":1.0},{"not_picked":["LovePray:ReiMu","CareerPray:ReiMu","SpreadBorder2:ReiMu"],"picked":"SKIP","floor":4.0},{"not_picked":["TightArray:ReiMu","Conquer:ReiMu","ManaGlint:ReiMu"],"picked":"SKIP","floor":5.0},{"not_picked":["YinYang:ReiMu","FantasyMoon:ReiMu"],"picked":"ShadowOfCrow2:ReiMu","floor":6.0},{"not_picked":["Intuition:ReiMu","SpreadBorder2:ReiMu"],"picked":"RainPray2:ReiMu","floor":8.0},{"not_picked":["FantasyMoon:ReiMu","Amulet:ReiMu","Dreaming2:ReiMu"],"picked":"SKIP","floor":12.0},{"not_picked":["RunawayExorcism:ReiMu","EmergencyTakeOff:ReiMu","AirManeuver:ReiMu"],"picked":"SKIP","floor":13.0},{"not_picked":["OrbThrow:ReiMu","CollectionFlower2:ReiMu","Mountainwind:ReiMu"],"picked":"SKIP","floor":14.0},{"not_picked":["Gathering:ReiMu","MountainWay:ReiMu","Dreaming2:ReiMu"],"picked":"SKIP","floor":18.0},{"not_picked":["SubcavityInstant:ReiMu","AirManeuver:ReiMu+1","PassingAway:ReiMu"],"picked":"SKIP","floor":20.0},{"not_picked":["SubcavityInstant:ReiMu","AirManeuver:ReiMu+1","PassingAway:ReiMu"],"picked":"SKIP","floor":20.0},{"not_picked":["OctopathBindingBorder2:ReiMu","RainPray2:ReiMu","FoulBorder2:ReiMu"],"picked":"SKIP","floor":21.0},{"not_picked":["SpringWay:ReiMu","Amulet:ReiMu","Meditation:ReiMu"],"picked":"SKIP","floor":23.0},{"not_picked":["Crusade:ReiMu","Revelation:ReiMu","AlertArray:ReiMu+1"],"picked":"SKIP","floor":24.0},{"not_picked":["MountainWay:ReiMu","DependentForm:ReiMu","SpringWay:ReiMu"],"picked":"SKIP","floor":29.0},{"not_picked":["BarrageOfMoneybags:ReiMu+1","Amulet:ReiMu","TakeOff:ReiMu"],"picked":"SKIP","floor":30.0},{"not_picked":["ShadowOfCrow2:ReiMu","SubcavityInstant:ReiMu","MountainWay:ReiMu"],"picked":"SKIP","floor":31.0},{"not_picked":["Enchanting:ReiMu+1","SafetyPray:ReiMu"],"picked":"YinYangSign:ReiMu","floor":35.0},{"not_picked":["Meditation:ReiMu","Conquer:ReiMu","CollectionFlower2:ReiMu"],"picked":"SKIP","floor":38.0},{"not_picked":["Amulet:ReiMu","EmergencyTakeOff:ReiMu","SpringWay:ReiMu"],"picked":"SKIP","floor":39.0},{"not_picked":["TightArray:ReiMu+1","ForcedLanding:ReiMu","RainPray2:ReiMu"],"picked":"SKIP","floor":40.0},{"not_picked":["OrbThrow:ReiMu","Conquer:ReiMu","BarrageOfMoneybags:ReiMu+1"],"picked":"SKIP","floor":44.0},{"not_picked":["OrbThrow:ReiMu","Conquer:ReiMu","BarrageOfMoneybags:ReiMu+1"],"picked":"SKIP","floor":44.0},{"not_picked":["OrbThrow:ReiMu","Gathering:ReiMu","ShadowOfCrow2:ReiMu"],"picked":"SKIP","floor":46.0},{"not_picked":["BarrageOfMoneybags:ReiMu","RainPray2:ReiMu"],"picked":"KamiRite:ReiMu","floor":48.0},{"not_picked":["SpringWay:ReiMu","Enchanting:ReiMu","AirManeuver:ReiMu"],"picked":"SKIP","floor":55}],"player_experience":746245,"relics_obtained":[{"floor":6.0,"key":"Vajra"},{"floor":9.0,"key":"HornCleat"},{"floor":13.0,"key":"TungstenRod"},{"floor":23.0,"key":"Centennial Puzzle"},{"floor":26.0,"key":"Regal Pillow"},{"floor":29.0,"key":"Bow_fan:ReiMu"},{"floor":31.0,"key":"Anchor"},{"floor":40.0,"key":"SkyOrb:ReiMu"},{"floor":43.0,"key":"Omamori"},{"floor":44.0,"key":"Mastiff:ReiMu"},{"floor":46.0,"key":"Akabeko"},{"floor":48.0,"key":"PreservedInsect"},{"floor":55,"key":"Nunchaku"}],"event_choices":[],"is_beta":false,"boss_relics":[{"not_picked":["RedLine:ReiMu","Runic Dome"],"picked":"Philosopher\u0027s Stone"},{"not_picked":["Velvet Choker","Snecko Eye"],"picked":"DonationBox:ReiMu"}],"items_purged_floors":[0,0,0,0,0,0,0,0,0,0,0,0,0,0,19,37],"is_endless":false,"potions_floor_spawned":[6,8,13,14,16,20,24,29,35,39,44,55],"ascension_level":20}}