{"host":"1eo5f82aifdzd7pr","time":1609509927,"event":{"mods":["AchievementEnabler","BaseMod","Colored Map","Colored Powertips","DeckTracker","Marisa????????","Minty Spire (QoL Compilation)","StSLib","SuperFastMode"],"gold_per_floor":[110,126,142,158,158,186,186,201,254,254,254,254,289,307,307,378,378,398,345,355,31,54,88,88,88,88],"floor_reached":25,"playtime":2011,"items_purged":["Strike_B"],"score":443,"play_id":"f2d4d44e-c076-43d5-8a67-44f1662a55d0","local_time":"20210101160527","is_ascension_mode":true,"campfire_choices":[{"data":"Zap","floor":7,"key":"SMITH"},{"data":"Scrape","floor":10,"key":"SMITH"},{"data":"Gash","floor":12,"key":"SMITH"},{"data":"Seek","floor":15,"key":"SMITH"},{"data":"Dualcast","floor":24,"key":"SMITH"}],"circlet_count":0,"master_deck":["AscendersBane","Strike_B","Strike_B","Strike_B","Defend_B","Defend_B","Defend_B","Defend_B","Zap+1","Dualcast+1","Steam","Seek+1","Glacier","Gash+1","Scrape+1","Self Repair","Gash","Multi-Cast","Conserve Battery","Capacitor","Flash of Steel","Conserve Battery"],"relics":["Cracked Core","Bronze Scales","Art of War","Lizard Tail","Sozu","Cables","Sling","Happy Flower","Vajra"],"acts_visited":["Exordium","TheCity"],"potions_floor_usage":[5,5,13,16,18],"damage_taken":[{"damage":2.0,"enemies":"2 Louse","floor":1.0,"turns":3.0},{"damage":0.0,"enemies":"Cultist","floor":2.0,"turns":3.0},{"damage":4.0,"enemies":"Small Slimes","floor":3.0,"turns":3.0},{"damage":0.0,"enemies":"3 Louse","floor":4.0,"turns":4.0},{"damage":0,"enemies":"Gremlin Gang","floor":5,"turns":1},{"damage":15,"enemies":"Lagavulin","floor":6,"turns":10},{"damage":2,"enemies":"Exordium Wildlife","floor":8,"turns":3},{"damage":10,"enemies":"3 Sentries","floor":13,"turns":6},{"damage":0,"enemies":"2 Fungi Beasts","floor":14,"turns":5},{"damage":29,"enemies":"Slime Boss","floor":16,"turns":9},{"damage":6,"enemies":"2 Thieves","floor":18,"turns":4},{"damage":24,"enemies":"Shell Parasite","floor":20,"turns":5},{"damage":49,"enemies":"Book of Stabbing","floor":23,"turns":6},{"damage":41,"enemies":"Slavers","floor":25,"turns":3}],"seed_played":"-6883739994341309982","potions_obtained":[{"floor":2.0,"key":"SpeedPotion"},{"floor":4.0,"key":"EntropicBrew"},{"floor":6,"key":"EssenceOfSteel"},{"floor":16,"key":"SneckoOil"}],"is_trial":false,"path_per_floor":["M","M","M","M","M","E","R","M","T","R","?","R","E","M","R","B",null,"M","?","M","$","T","E","R","E"],"character_chosen":"DEFECT","items_purchased":["Flash of Steel","Sling"],"campfire_rested":0,"item_purchase_floors":[21,21],"current_hp_per_floor":[69,69,65,65,65,50,50,48,48,48,48,48,45,52,52,30,66,60,60,43,43,43,39,39,0,0],"gold":88,"neow_bonus":"TEN_PERCENT_HP_BONUS","is_daily":false,"chose_seed":false,"campfire_upgraded":5,"win_rate":0.0,"timestamp":1609509927,"path_taken":["M","M","M","M","M","E","R","M","T","R","?","R","E","M","R","BOSS","M","?","M","$","?","E","R","E"],"items_purchased_type":["Card","Relic"],"build_version":"2020-12-22","purchased_purges":1,"victory":false,"max_hp_per_floor":[78,78,78,78,78,78,78,78,78,78,78,78,78,78,78,78,78,78,78,78,78,78,78,78,78,78],"card_choices":[{"not_picked":["Leap","Sweeping Beam"],"picked":"Steam","floor":1.0},{"not_picked":["Melter","Hologram"],"picked":"Seek","floor":2.0},{"not_picked":["Sweeping Beam","Rebound"],"picked":"Glacier","floor":3.0},{"not_picked":["Go for the Eyes","Chill"],"picked":"Gash","floor":4.0},{"not_picked":["Steam","Chaos"],"picked":"Scrape","floor":6},{"not_picked":["Aggregate","Compile Driver"],"picked":"Self Repair","floor":8},{"not_picked":["Rebound","Cold Snap","Heatsinks"],"picked":"SKIP","floor":13},{"not_picked":["Storm","Double Energy"],"picked":"Gash","floor":14},{"not_picked":["Amplify","Hyperbeam"],"picked":"Multi-Cast","floor":16},{"not_picked":["Reinforced Body","Redo+1"],"picked":"Conserve Battery","floor":18},{"not_picked":["Turbo","Rip and Tear"],"picked":"Capacitor","floor":20},{"not_picked":["Go for the Eyes+1","Storm"],"picked":"Conserve Battery","floor":23}],"player_experience":740727,"relics_obtained":[{"floor":6,"key":"Bronze Scales"},{"floor":9,"key":"Art of War"},{"floor":13,"key":"Lizard Tail"},{"floor":22,"key":"Happy Flower"},{"floor":23,"key":"Vajra"}],"event_choices":[{"damage_healed":0,"gold_gain":0,"player_choice":"Ignored","damage_taken":0,"max_hp_gain":0,"max_hp_loss":0,"event_name":"Liars Game","floor":11,"gold_loss":0},{"damage_healed":0,"gold_gain":0,"player_choice":"Paid Gold","damage_taken":0,"relics_obtained":["Cables"],"max_hp_gain":0,"max_hp_loss":0,"event_name":"WeMeetAgain","floor":19,"gold_loss":53}],"is_beta":false,"boss_relics":[{"not_picked":["Busted Crown","Runic Dome"],"picked":"Sozu"}],"items_purged_floors":[21],"is_endless":false,"potions_floor_spawned":[2,4,6,16,23],"killed_by":"Slavers","ascension_level":18}}