{"host":"9ac506c1ebg8floo","time":1609534370,"event":{"mods":["BaseMod","Colored Powertips","GifTheSpireLib","Gremlin Mod","Ironclad Rager","Minty Spire (QoL Compilation)","StSLib","The Cursed","The Necromancer"],"gold_per_floor":[112,112,126,126,141,141,71,71,144,124,165,165,189,212,212,333,333,346,248,271,271,271],"floor_reached":21,"playtime":1156,"items_purged":["ICR:VenomStrike"],"score":204,"play_id":"a4cf7523-dedc-415c-b81c-a64a8c330518","local_time":"20210101215250","is_ascension_mode":false,"campfire_choices":[{"data":"Bane","floor":6,"key":"SMITH"},{"data":"Corpse Explosion","floor":12,"key":"SMITH"},{"data":"Noxious Fumes","floor":15,"key":"SMITH"}],"circlet_count":0,"master_deck":["Survivor","Neutralize","ICR:VenomStrike","ICR:VenomStrike","ICR:VenomStrike","ICR:VenomStrike","ICR:Dodge","ICR:Dodge","ICR:Dodge","ICR:Dodge","ICR:Dodge","Crippling Poison+1","Bane+1","Noxious Fumes+1","Corpse Explosion+1","Tools of the Trade","Catalyst","Deadly Poison"],"relics":["Ring of the Snake","Golden Idol","Paper Crane","Letter Opener","Runic Pyramid"],"acts_visited":["Exordium","TheCity"],"potions_floor_usage":[11,16,16,21],"damage_taken":[{"damage":0,"enemies":"Jaw Worm","floor":1,"turns":5},{"damage":0,"enemies":"Cultist","floor":3,"turns":3},{"damage":0,"enemies":"2 Louse","floor":5,"turns":3},{"damage":0,"enemies":"Lagavulin","floor":11,"turns":4},{"damage":0,"enemies":"2 Fungi Beasts","floor":13,"turns":2},{"damage":2,"enemies":"Red Slaver","floor":14,"turns":3},{"damage":21,"enemies":"Slime Boss","floor":16,"turns":8},{"damage":12,"enemies":"2 Thieves","floor":18,"turns":4},{"damage":22,"enemies":"Shell Parasite","floor":20,"turns":6},{"damage":32,"enemies":"Masked Bandits","floor":21,"turns":3}],"seed_played":"4496124467681570129","potions_obtained":[{"floor":1,"key":"Swift Potion"},{"floor":3,"key":"Strength Potion"},{"floor":10,"key":"ColorlessPotion"},{"floor":11,"key":"PowerPotion"},{"floor":18,"key":"Strength Potion"}],"is_trial":false,"path_per_floor":["M","?","M","$","M","R","$","?","T","?","E","R","M","M","R","B",null,"M","$","M","?"],"character_chosen":"THE_SILENT","items_purchased":["Noxious Fumes","Deadly Poison"],"campfire_rested":0,"item_purchase_floors":[7,19],"current_hp_per_floor":[70,70,70,70,70,70,70,65,65,65,65,65,65,63,63,42,65,53,53,31,0,0],"gold":271,"neow_bonus":"SILENT_POISONER","is_daily":false,"chose_seed":false,"campfire_upgraded":3,"win_rate":0.0,"timestamp":1609534370,"path_taken":["M","?","?","$","M","R","$","?","T","?","E","R","M","M","R","BOSS","M","$","M","?"],"items_purchased_type":["Card","Card"],"build_version":"2020-12-22","purchased_purges":1,"victory":false,"max_hp_per_floor":[70,70,70,70,70,70,70,65,65,65,65,65,65,65,65,65,65,65,65,65,65,65],"card_choices":[{"not_picked":["Slice","Footwork"],"picked":"Crippling Poison","floor":1},{"not_picked":["Backflip","PiercingWail","Flechettes"],"picked":"SKIP","floor":3},{"not_picked":["Caltrops","Flying Knee"],"picked":"Bane","floor":5},{"not_picked":["Sucker Punch","Leg Sweep"],"picked":"Corpse Explosion","floor":11},{"not_picked":["Deflect","Quick Slash","Flying Knee"],"picked":"SKIP","floor":13},{"not_picked":["Underhanded Strike","Bane","Quick Slash"],"picked":"SKIP","floor":14},{"not_picked":["Phantasmal Killer","Die Die Die"],"picked":"Tools of the Trade","floor":16},{"not_picked":["Skewer","Poisoned Stab"],"picked":"Catalyst","floor":18},{"not_picked":["Deadly Poison+1","Expertise+1","Sucker Punch"],"picked":"SKIP","floor":20}],"player_experience":364150,"relics_obtained":[{"floor":9,"key":"Paper Crane"},{"floor":11,"key":"Letter Opener"}],"event_choices":[{"damage_healed":0,"gold_gain":0,"player_choice":"Upgraded","damage_taken":0,"max_hp_gain":0,"max_hp_loss":0,"event_name":"Upgrade Shrine","floor":2,"gold_loss":0,"cards_upgraded":["Crippling Poison"]},{"damage_healed":0,"gold_gain":0,"player_choice":"Lose Max HP","damage_taken":0,"relics_obtained":["Golden Idol"],"max_hp_gain":0,"max_hp_loss":5,"event_name":"Golden Idol","floor":8,"gold_loss":0},{"damage_healed":0,"gold_gain":0,"player_choice":"Bought 1 Potion","damage_taken":0,"max_hp_gain":0,"max_hp_loss":0,"event_name":"The Woman in Blue","floor":10,"gold_loss":0},{"damage_healed":0,"gold_gain":0,"player_choice":"Fought Bandits","damage_taken":0,"max_hp_gain":0,"max_hp_loss":0,"event_name":"Masked Bandits","floor":21,"gold_loss":0}],"is_beta":false,"boss_relics":[{"not_picked":["Tiny House","Sozu"],"picked":"Runic Pyramid"}],"items_purged_floors":[19],"is_endless":false,"potions_floor_spawned":[1,3,11,14,18],"killed_by":"Masked Bandits","ascension_level":0}}