{"host":"54vghy6hfkyy1r39","time":1609501532,"event":{"mods":["AchievementEnabler","BaseMod","Minty Spire (QoL Compilation)","StSLib","SuperFastMode","everything is the same but u backflip on backflip"],"gold_per_floor":[113,288,288,32,32,32,32,62,62,97,97,114,149,19,19,138,138,150,166,0,34,34,34,34,54,77,97,97],"floor_reached":27,"playtime":904,"items_purged":["Doubt"],"score":277,"play_id":"8338331c-d04b-497b-8e23-fcd662533dd3","local_time":"20210101204532","is_ascension_mode":false,"campfire_choices":[{"data":"Survivor","floor":6.0,"key":"SMITH"},{"floor":15,"key":"REST"},{"data":"Acrobatics","floor":23,"key":"SMITH"}],"circlet_count":0,"master_deck":["Strike_G","Strike_G","Strike_G+1","Strike_G","Strike_G+1","Defend_G","Defend_G+1","Defend_G+1","Defend_G","Defend_G","Survivor+1","Neutralize","Dagger Throw","Reflex","Backflip+1","Acrobatics+1","HandOfGreed","Grand Finale+1","Wraith Form v2+1","Well Laid Plans+1","Regret","Tactician","Regret"],"relics":["Ring of the Snake","NeowsBlessing","Question Card","Membership Card","Centennial Puzzle","Frozen Egg 2","Incense Burner","War Paint","FossilizedHelix","Cursed Key","Darkstone Periapt","Tingsha","Whetstone"],"acts_visited":["Exordium","TheCity"],"potions_floor_usage":[13,16],"damage_taken":[{"damage":0.0,"enemies":"2 Louse","floor":1.0,"turns":1.0},{"damage":0.0,"enemies":"Lagavulin","floor":8.0,"turns":1.0},{"damage":0,"enemies":"Gremlin Nob","floor":10,"turns":1},{"damage":0,"enemies":"Jaw Worm","floor":12,"turns":4},{"damage":23,"enemies":"Lagavulin","floor":13,"turns":9},{"damage":44,"enemies":"Slime Boss","floor":16,"turns":19},{"damage":15,"enemies":"Shell Parasite","floor":18,"turns":8},{"damage":12,"enemies":"Chosen","floor":19,"turns":8},{"damage":14,"enemies":"Snake Plant","floor":21,"turns":2},{"damage":24,"enemies":"Centurion and Healer","floor":25,"turns":10},{"damage":11,"enemies":"3 Cultists","floor":27,"turns":3}],"seed_played":"-7277974888151980366","potions_obtained":[{"floor":1.0,"key":"SteroidPotion"},{"floor":10,"key":"Weak Potion"},{"floor":19,"key":"Fire Potion"},{"floor":21,"key":"AttackPotion"}],"is_trial":false,"path_per_floor":["M","?","T","$","?","R","$","E","T","E","?","M","E","$","R","B",null,"M","M","?","M","T","R","?","M","T","M"],"character_chosen":"THE_SILENT","items_purchased":["Membership Card","Centennial Puzzle","HandOfGreed","Grand Finale"],"campfire_rested":1,"item_purchase_floors":[4,4,14,14],"current_hp_per_floor":[70,70,70,70,56,56,56,56,56,56,56,56,33,33,54,10,70,55,43,43,29,29,29,29,5,11,0,0],"gold":97,"neow_bonus":"THREE_ENEMY_KILL","is_daily":false,"chose_seed":false,"campfire_upgraded":2,"win_rate":0.0,"timestamp":1609501532,"path_taken":["M","?","?","$","?","R","$","E","T","E","?","M","E","$","R","BOSS","M","?","?","M","?","R","?","M","T","M"],"items_purchased_type":["Relic","Relic","Card","Card"],"build_version":"2020-12-22","purchased_purges":1,"victory":false,"max_hp_per_floor":[70,70,70,70,70,70,70,70,70,70,70,70,70,70,70,70,70,70,70,70,70,70,70,70,70,76,76,76],"card_choices":[{"not_picked":["Expertise","PiercingWail"],"picked":"Dagger Throw","floor":1.0},{"not_picked":["Cloak And Dagger","Bane","Footwork+1"],"picked":"Reflex","floor":8},{"not_picked":["Eviscerate","Calculated Gamble","Flying Knee"],"picked":"Backflip","floor":10},{"not_picked":["Outmaneuver","PiercingWail","Cloak And Dagger"],"picked":"Acrobatics","floor":12},{"not_picked":["Sucker Punch","Underhanded Strike","Cloak And Dagger","Quick Slash"],"picked":"SKIP","floor":13},{"not_picked":["Bullet Time","Storm of Steel","Glass Knife"],"picked":"Wraith Form v2+1","floor":16},{"not_picked":["Dodge and Roll+1","Underhanded Strike","Slice","Flying Knee"],"picked":"SKIP","floor":18},{"not_picked":["Dodge and Roll","Burst","Deadly Poison+1"],"picked":"Well Laid Plans+1","floor":19},{"not_picked":["Bouncing Flask+1","PiercingWail","Crippling Poison+1","Poisoned Stab"],"picked":"SKIP","floor":21},{"not_picked":["Quick Slash","Heel Hook","Backstab"],"picked":"Tactician","floor":25}],"player_experience":172613,"relics_obtained":[{"floor":3.0,"key":"Question Card"},{"floor":8,"key":"Frozen Egg 2"},{"floor":9,"key":"Incense Burner"},{"floor":10,"key":"War Paint"},{"floor":13,"key":"FossilizedHelix"},{"floor":22,"key":"Darkstone Periapt"},{"floor":26,"key":"Whetstone"}],"event_choices":[{"damage_healed":0.0,"max_hp_gain":0.0,"max_hp_loss":0.0,"gold_gain":175.0,"event_name":"Liars Game","player_choice":"AGREE","floor":2.0,"gold_loss":0.0,"damage_taken":0.0,"cards_obtained":["Doubt"]},{"damage_healed":0.0,"max_hp_gain":0.0,"max_hp_loss":0.0,"gold_gain":0.0,"event_name":"Shining Light","player_choice":"Entered Light","floor":5.0,"gold_loss":0.0,"damage_taken":14.0,"cards_upgraded":["Strike_G","Defend_G"]},{"damage_healed":0,"gold_gain":0,"player_choice":"0 cards matched","damage_taken":0,"max_hp_gain":0,"max_hp_loss":0,"event_name":"Match and Keep!","floor":11,"gold_loss":0,"cards_obtained":[]},{"damage_healed":0,"gold_gain":0,"player_choice":"Paid Fearfully","damage_taken":0,"max_hp_gain":0,"max_hp_loss":0,"event_name":"Masked Bandits","floor":20,"gold_loss":166},{"damage_healed":0,"gold_gain":0,"player_choice":"Opened","damage_taken":0,"relics_obtained":["Tingsha"],"max_hp_gain":0,"max_hp_loss":0,"event_name":"The Mausoleum","floor":24,"gold_loss":0}],"is_beta":false,"boss_relics":[{"not_picked":["Velvet Choker","Snecko Eye"],"picked":"Cursed Key"}],"items_purged_floors":[4],"is_endless":false,"potions_floor_spawned":[1,10,19,21],"killed_by":"3 Cultists","ascension_level":0}}