{"host":"1zfbckszmdcrhnfi","time":1609501940,"event":{"mods":["AchievementEnabler","BaseMod","Colored Map","Downfall","Minty Spire (QoL Compilation)","Quick Restart","Shop Mod","StSLib","The Cursed"],"gold_per_floor":[119,119,119,134,114,145,145,168,168,168,192,216,216,260,260,379,379,403,422,347,347,547,547,576,576,646,646,662,678,578,597,597,597,597],"floor_reached":33,"playtime":1535,"items_purged":["Strike_G","Defend_G"],"score":330,"play_id":"9ab29aec-1d47-434d-8c69-680b5dad79f0","local_time":"20210101195220","is_ascension_mode":true,"campfire_choices":[{"data":"Neutralize","floor":7.0,"key":"SMITH"},{"data":"Blade Dance","floor":10.0,"key":"SMITH"},{"floor":15.0,"key":"REST"},{"floor":23,"key":"RECALL"},{"floor":25,"key":"REST"},{"floor":27,"key":"REST"},{"floor":32,"key":"REST"}],"circlet_count":0,"master_deck":["Strike_G","Strike_G","Strike_G","Strike_G","Defend_G","Defend_G","Defend_G","Defend_G","Survivor","Neutralize+1","Blade Dance+1","Backstab","Cloak And Dagger","Endless Agony+1","Cloak And Dagger+1","Flechettes+1","Outmaneuver"],"relics":["Ring of the Snake","NeowsBlessing","Bloody Idol","Letter Opener","Omamori","Sundial","Runic Pyramid","Blue Candle"],"acts_visited":["Exordium","TheCity"],"potions_floor_usage":[24,24,33,33],"damage_taken":[{"damage":0.0,"enemies":"2 Louse","floor":1.0,"turns":1.0},{"damage":0.0,"enemies":"Cultist","floor":4.0,"turns":1.0},{"damage":0.0,"enemies":"Lagavulin","floor":6.0,"turns":1.0},{"damage":2.0,"enemies":"Jaw Worm","floor":8.0,"turns":4.0},{"damage":0.0,"enemies":"Looter","floor":11.0,"turns":4.0},{"damage":0.0,"enemies":"Red Slaver","floor":12.0,"turns":2.0},{"damage":24.0,"enemies":"3 Sentries","floor":14.0,"turns":11.0},{"damage":40.0,"enemies":"The Guardian","floor":16.0,"turns":20.0},{"damage":9.0,"enemies":"Shell Parasite","floor":18.0,"turns":9.0},{"damage":16.0,"enemies":"2 Thieves","floor":19.0,"turns":4.0},{"damage":44,"enemies":"Gremlin Leader","floor":24,"turns":7},{"damage":16,"enemies":"Centurion and Healer","floor":28,"turns":11},{"damage":34,"enemies":"3 Cultists","floor":29,"turns":7},{"damage":5,"enemies":"Chosen and Byrds","floor":31,"turns":5},{"damage":54,"enemies":"Champ","floor":33,"turns":15}],"seed_played":"3611742648282422811","potions_obtained":[{"floor":4.0,"key":"Energy Potion"},{"floor":5.0,"key":"GamblersBrew"},{"floor":11.0,"key":"Guardian:BlockOnCardUsePotion"},{"floor":16.0,"key":"Slimebound:ThreeZeroPotion"},{"floor":19.0,"key":"Poison Potion"},{"floor":29,"key":"Weak Potion"},{"floor":31,"key":"SneckoOil"}],"is_trial":false,"path_per_floor":["M","?","?","M","?","E","R","M","T","R","M","M","$","E","R","B",null,"M","M","$","?","?","R","E","R","T","R","M","M","$","M","R","B"],"character_chosen":"THE_SILENT","items_purchased":[],"campfire_rested":4,"item_purchase_floors":[],"current_hp_per_floor":[70,53,58,58,58,58,58,56,56,56,56,56,56,32,54,14,75,66,50,50,50,55,55,16,38,43,65,54,25,25,25,47,0,0],"gold":597,"neow_bonus":"THREE_ENEMY_KILL","is_daily":false,"chose_seed":false,"campfire_upgraded":2,"win_rate":0.0,"timestamp":1609501940,"path_taken":["M","?","?","M","?","E","R","M","T","R","?","M","$","E","R","BOSS","M","M","$","?","?","R","E","R","T","R","M","M","$","?","R","BOSS"],"items_purchased_type":[],"build_version":"2020-12-22","purchased_purges":2,"victory":false,"max_hp_per_floor":[70,70,75,75,75,75,75,75,75,75,75,75,75,75,75,75,75,75,75,75,75,75,75,75,75,75,75,75,75,75,75,75,75,75],"card_choices":[{"not_picked":["Bane","Flechettes","Footwork"],"picked":"SKIP","floor":1.0},{"not_picked":["Underhanded Strike","Quick Slash","Flying Knee"],"picked":"SKIP","floor":4.0},{"not_picked":["Dagger Spray","Bane"],"picked":"Blade Dance","floor":6.0},{"not_picked":["Bane","Poisoned Stab","Bouncing Flask"],"picked":"SKIP","floor":8.0},{"not_picked":["Masterful Stab","Acrobatics"],"picked":"Backstab","floor":11.0},{"not_picked":["Flying Knee","Bane","Acrobatics"],"picked":"SKIP","floor":12.0},{"not_picked":["Deflect","Footwork","Slice"],"picked":"SKIP","floor":14.0},{"not_picked":["Eviscerate","Catalyst","Footwork"],"picked":"SKIP","floor":18.0},{"not_picked":["Dagger Spray+1","Deflect"],"picked":"Cloak And Dagger","floor":19.0},{"not_picked":["Heel Hook","Skewer+1"],"picked":"Endless Agony+1","floor":24},{"not_picked":["Eviscerate","Skewer"],"picked":"Cloak And Dagger+1","floor":28},{"not_picked":["Dagger Throw","Poisoned Stab"],"picked":"Flechettes+1","floor":29},{"not_picked":["Bouncing Flask","Wraith Form v2"],"picked":"Outmaneuver","floor":31}],"player_experience":187010,"relics_obtained":[{"floor":6.0,"key":"Letter Opener"},{"floor":9.0,"key":"Omamori"},{"floor":14.0,"key":"Sundial"},{"floor":24,"key":"Blue Candle"}],"event_choices":[{"damage_healed":0.0,"max_hp_gain":0.0,"max_hp_loss":0.0,"gold_gain":0.0,"event_name":"Golden Idol","player_choice":"Take Damage","floor":2.0,"gold_loss":0.0,"damage_taken":17.0,"relics_obtained":["Golden Idol"]},{"damage_healed":0.0,"max_hp_gain":5.0,"max_hp_loss":0.0,"gold_gain":0.0,"event_name":"Big Fish","player_choice":"Donut","floor":3.0,"gold_loss":0.0,"damage_taken":0.0},{"damage_healed":0.0,"max_hp_gain":0.0,"max_hp_loss":0.0,"gold_gain":0.0,"event_name":"The Woman in Blue","player_choice":"Bought 1 Potion","floor":5.0,"gold_loss":0.0,"damage_taken":0.0},{"damage_healed":0.0,"max_hp_gain":0.0,"max_hp_loss":0.0,"gold_gain":0.0,"event_name":"Forgotten Altar","player_choice":"Gave Idol","floor":21.0,"relics_lost":["Golden Idol"],"gold_loss":0.0,"damage_taken":0.0,"relics_obtained":["Bloody Idol"]},{"damage_healed":0.0,"max_hp_gain":0.0,"max_hp_loss":0.0,"gold_gain":250.0,"event_name":"The Joust","player_choice":"Bet on Owner","floor":22.0,"gold_loss":50.0,"damage_taken":0.0}],"is_beta":false,"boss_relics":[{"not_picked":["Tiny House","Sozu"],"picked":"Runic Pyramid"}],"items_purged_floors":[20,30],"is_endless":false,"potions_floor_spawned":[4,11,16,19,29,31],"killed_by":"Champ","ascension_level":2}}