{"host":"na09lpbrez4gbfiz","time":1609544404,"event":{"mods":["Act Like it!","BaseMod","BetterRewards","Colored Map","Colored Powertips","DeckTracker","Googly Eyes","Highlight Path","Minty Spire (QoL Compilation)","Quick Restart","Spicy Shops","StSLib","SuperFastMode","Synergy Search"],"gold_per_floor":[114,189,189,40,40,40,53,53,53,53,71,85,62,96,96,200,200,214,214,214,304,289,322,322,322],"floor_reached":24,"playtime":789,"items_purged":["Regret"],"score":354,"play_id":"177eec29-bb58-4ae3-99a1-33f0f8b30f63","local_time":"20210102004004","is_ascension_mode":true,"campfire_choices":[{"data":"Bash","floor":6,"key":"SMITH"},{"data":"Shrug It Off","floor":8,"key":"SMITH"},{"floor":15,"key":"REST"}],"circlet_count":0,"master_deck":["AscendersBane","Defend_R","Defend_R","Defend_R","Defend_R","Bash+1","Inflame","Shrug It Off+1","Heavy Blade","Armaments","Flame Barrier","Limit Break","Bite","Bite","Bite","Bite","Bite","True Grit"],"relics":["Burning Blood","Bag of Marbles","Blue Candle","Incense Burner","Peace Pipe","Busted Crown","Omamori"],"acts_visited":["Exordium","TheCity"],"potions_floor_usage":[16,16,23],"damage_taken":[{"damage":9,"enemies":"Jaw Worm","floor":1,"turns":5},{"damage":0,"enemies":"Small Slimes","floor":7,"turns":4},{"damage":3,"enemies":"2 Louse","floor":11,"turns":3},{"damage":2,"enemies":"Blue Slaver","floor":12,"turns":4},{"damage":31,"enemies":"Lagavulin","floor":14,"turns":8},{"damage":15,"enemies":"The Guardian","floor":16,"turns":14},{"damage":17,"enemies":"Shell Parasite","floor":18,"turns":6},{"damage":8,"enemies":"2 Thieves","floor":22,"turns":4},{"damage":68,"enemies":"Book of Stabbing","floor":23,"turns":7},{"damage":34,"enemies":"Snecko","floor":24,"turns":5}],"seed_played":"7070080406568778951","potions_obtained":[{"floor":1,"key":"Weak Potion"},{"floor":11,"key":"Fire Potion"},{"floor":12,"key":"LiquidMemories"},{"floor":18,"key":"Regen Potion"}],"is_trial":false,"path_per_floor":["M","?","?","$","?","R","M","R","T","$","M","M","$","E","R","B",null,"M","?","?","?","M","E","M"],"character_chosen":"IRONCLAD","items_purchased":["Inflame","Armaments"],"campfire_rested":1,"item_purchase_floors":[4,13],"current_hp_per_floor":[69,58,58,58,58,58,64,64,64,64,67,71,71,46,70,61,75,64,56,47,35,49,12,0,0],"gold":322,"neow_bonus":"RANDOM_COMMON_RELIC","is_daily":false,"chose_seed":false,"campfire_upgraded":2,"win_rate":0.0,"timestamp":1609544404,"path_taken":["M","?","?","?","?","R","M","R","T","$","M","?","$","E","R","BOSS","M","?","?","?","M","E","?"],"items_purchased_type":["Card","Card"],"build_version":"2020-12-22","purchased_purges":1,"victory":false,"max_hp_per_floor":[80,80,80,80,80,80,80,80,80,80,80,80,80,80,80,80,80,80,56,61,61,61,61,61,61],"card_choices":[{"not_picked":["Second Wind","Wild Strike","Flex"],"picked":"SKIP","floor":1},{"not_picked":["Second Wind","Wild Strike","Flex"],"picked":"SKIP","floor":1},{"not_picked":["Thunderclap","Twin Strike"],"picked":"Shrug It Off","floor":7},{"not_picked":["Power Through","Evolve","Impervious"],"picked":"SKIP","floor":11},{"not_picked":["Thunderclap","Burning Pact"],"picked":"Heavy Blade","floor":12},{"not_picked":["Intimidate","Havoc"],"picked":"Flame Barrier","floor":14},{"not_picked":["Fiend Fire","Offering"],"picked":"Limit Break","floor":16},{"not_picked":["Searing Blow"],"picked":"SKIP","floor":18},{"not_picked":[],"picked":"True Grit","floor":22},{"not_picked":["Heavy Blade+1"],"picked":"SKIP","floor":23}],"player_experience":253876,"relics_obtained":[{"floor":9,"key":"Incense Burner"},{"floor":14,"key":"Peace Pipe"},{"floor":23,"key":"Omamori"}],"event_choices":[{"damage_healed":0,"gold_gain":75,"player_choice":"Gather Gold","damage_taken":11,"max_hp_gain":0,"max_hp_loss":0,"event_name":"World of Goop","floor":2,"gold_loss":0},{"damage_healed":0,"gold_gain":0,"player_choice":"Box","damage_taken":0,"relics_obtained":["Blue Candle"],"max_hp_gain":0,"max_hp_loss":0,"event_name":"Big Fish","floor":3,"gold_loss":0,"cards_obtained":["Regret"]},{"damage_healed":0,"gold_gain":0,"player_choice":"Leave","damage_taken":0,"max_hp_gain":0,"max_hp_loss":0,"event_name":"The Cleric","floor":5,"gold_loss":0},{"damage_healed":0,"gold_gain":0,"player_choice":"Became a vampire","damage_taken":0,"max_hp_gain":0,"max_hp_loss":24,"event_name":"Vampires","floor":19,"gold_loss":0,"cards_obtained":["Bite","Bite","Bite","Bite","Bite"]},{"damage_healed":0,"gold_gain":0,"player_choice":"Shed Blood","damage_taken":14,"max_hp_gain":5,"max_hp_loss":0,"event_name":"Forgotten Altar","floor":20,"gold_loss":0},{"damage_healed":0,"gold_gain":90,"player_choice":"GOLD ","damage_taken":12,"max_hp_gain":0,"max_hp_loss":0,"event_name":"Knowing Skull","floor":21,"potions_obtained":[],"gold_loss":0,"cards_obtained":[]}],"is_beta":false,"boss_relics":[{"not_picked":["Runic Cube","Empty Cage"],"picked":"Busted Crown"}],"items_purged_floors":[4],"is_endless":false,"potions_floor_spawned":[1,11,12,14,18],"killed_by":"Snecko","ascension_level":11}}