{"host":"xazfs2cmso1lkipw","time":1609527207,"event":{"mods":["AchievementEnabler","Arknights The Spire","BaseMod","Bestiary","Better Third Choice","BetterRewards","CatGirl Mod","Colored Map","Colored Powertips","Highlight Path","Infinite Spire","Minty Spire (QoL Compilation)","Quick Restart","Railgun Mod","Rare Cards Sparkle","Relic Stats","Replay The Spire","Shop Mod","StSLib"],"gold_per_floor":[119,119,89,89,89,121,121,153,180,180,210,210,240,253,331,406,406,377,395,405,405,417,417,446,446,498,527,527,562,562,562,562,636,636,663,678,701,726,750,793,793,812,858,880,880],"floor_reached":44,"playtime":2318,"items_purged":[],"score":1348,"play_id":"fd61ece3-0f75-4706-b830-73fac17b96d3","local_time":"20210102025327","daily_mods":["Vintage","Heirloom","Time Dilation","Flight","Elite Swarm"],"is_ascension_mode":true,"campfire_choices":[{"data":"DevaForm","floor":7,"key":"SMITH"},{"data":"Echo Form","floor":10,"key":"SMITH"},{"data":"Demon Form","floor":23,"key":"SMITH"},{"data":"theCatGirl:SevenLives","floor":28,"key":"SMITH"},{"floor":32,"key":"DIG"},{"data":"theCatGirl:PerfectBlock","floor":41,"key":"SMITH"}],"circlet_count":0,"master_deck":["Demon Form+1","Wraith Form v2","Echo Form+1","DevaForm+1","TheRailgun:Level_6+1","theCatGirl:AngryForm","AscendersBane","theCatGirl:Strike","theCatGirl:Strike","theCatGirl:Strike","theCatGirl:Strike","theCatGirl:Defend","theCatGirl:Defend","theCatGirl:Defend","theCatGirl:Defend","theCatGirl:ClawStrike","theCatGirl:Evasion","theCatGirl:ChangeOfPlans","theCatGirl:PerfectBlock+1","theCatGirl:PoiseStance","theCatGirl:AllIn","theCatGirl:PerfectBlock","theCatGirl:SevenLives+1","theCatGirl:AccidentalHeadbutt","theCatGirl:LearnThePattern","theCatGirl:LearnThePattern","theCatGirl:ElegantStrike","theCatGirl:Insane","infinitespire:Punishment","theCatGirl:BleedingWounds"],"relics":["theCatGirl:TrainedRelic","replay:Trail_Library","Pocketwatch","Question Card","NeowsBlessing","NeowsBlessing","Meat on the Bone","Ancient Tea Set","Blood Vial","infinitespire:ShieldingShard","Eternal Feather","Gremlin Food","SacredBark","Replay:Baseball","Matryoshka","Nunchaku","NeowsBlessing","Replay:Bottled Flurry","Pen Nib","NeowsBlessing","Lantern","Regal Pillow","infinitespire:WardingShard","Anchor","NeowsBlessing","Replay:Blank Codex","infinitespire:Midas Blood","Onion Ring","Bronze Scales","Blue Doll","ReplayTheSpireMod:Ninjato","MealTicket","Bag of Preparation","Art of War","Orichalcum"],"acts_visited":["Exordium","TheCity","TheBeyond"],"potions_floor_usage":[],"damage_taken":[{"damage":26,"enemies":"Jaw Worm","floor":1,"turns":6},{"damage":30,"enemies":"3 Sentries","floor":6,"turns":4},{"damage":0,"enemies":"Lagavulin","floor":8,"turns":1},{"damage":0,"enemies":"Replay:BlueRogue","floor":11,"turns":1},{"damage":7,"enemies":"3 Sentries","floor":13,"turns":3},{"damage":8,"enemies":"2 Louse","floor":14,"turns":3},{"damage":0,"enemies":"Slime Boss","floor":16,"turns":11},{"damage":22,"enemies":"2 Thieves","floor":18,"turns":5},{"damage":8,"enemies":"3 Byrds","floor":19,"turns":6},{"damage":18,"enemies":"Snake Plant","floor":20,"turns":4},{"damage":0,"enemies":"Centurion and Healer","floor":22,"turns":1},{"damage":26,"enemies":"Slavers","floor":24,"turns":4},{"damage":0,"enemies":"Gremlin Leader","floor":27,"turns":1},{"damage":0,"enemies":"Nightmare","floor":29,"turns":1},{"damage":0,"enemies":"Collector","floor":33,"turns":1},{"damage":39,"enemies":"3 Darklings","floor":35,"turns":7},{"damage":0,"enemies":"Orb Walker","floor":36,"turns":1},{"damage":23,"enemies":"Spire Growth","floor":37,"turns":5},{"damage":0,"enemies":"Maw","floor":38,"turns":6},{"damage":31,"enemies":"3 Darklings","floor":39,"turns":7},{"damage":9,"enemies":"R_Hoarder","floor":40,"turns":7},{"damage":18,"enemies":"Spire Growth","floor":42,"turns":4},{"damage":70,"enemies":"Nightmare","floor":44,"turns":6}],"seed_played":"528093318645872777","potions_obtained":[{"floor":6,"key":"Venom Potion"},{"floor":11,"key":"Fire Potion"},{"floor":42,"key":"Swift Potion"}],"is_trial":true,"path_per_floor":["M","WH","$","WH","?","E","R","E","T","R","E","?","E","M","R_BF","B",null,"M","M","M","WH","M","R","E","WH","T","E","R","NM","WH","?","R_BF","B",null,"M","M","M","M","M","E","R","M","T","NM"],"character_chosen":"THE_CATGIRL","items_purchased":["theCatGirl:ChangeOfPlans"],"campfire_rested":0,"item_purchase_floors":[3],"current_hp_per_floor":[37,37,37,37,37,7,7,19,19,19,33,33,42,50,62,70,70,48,56,52,52,54,66,42,42,42,44,59,61,61,40,55,57,67,51,53,60,70,67,61,70,52,52,0,0],"gold":880,"neow_bonus":"THREE_ENEMY_KILL","is_daily":false,"chose_seed":false,"campfire_upgraded":5,"win_rate":0.0,"timestamp":1609527207,"path_taken":["M","WH","$","WH","?","E","R","E","T","R","E","?","E","M","R_BF","BOSS","M","M","M","WH","M","R","E","WH","T","E","R","NM","WH","?","R_BF","BOSS","M","M","M","M","M","E","R","M","T","NM"],"items_purchased_type":["Card"],"build_version":"2020-12-22","purchased_purges":0,"victory":false,"max_hp_per_floor":[70,70,70,70,70,70,70,70,70,70,70,70,70,70,70,70,70,70,70,70,70,70,70,70,70,70,70,70,70,70,70,70,70,70,70,70,70,70,70,70,70,70,70,70,70],"relic_stats":{"Regal Pillow":0,"counters":[23,95],"Eternal Feather":63,"Pen Nib":[6],"Bag of Preparation":[4],"Orichalcum":[30],"Question Card":17,"Blood Vial":34,"Nunchaku":[7],"Bronze Scales":[117],"MealTicket":0,"Art of War":[2],"obtain_stats":[{"Lantern":26,"Regal Pillow":26,"SacredBark":17,"Blue Doll":37,"Bag of Preparation":40,"Ancient Tea Set":8,"Blood Vial":9,"Nunchaku":20,"infinitespire:ShieldingShard":11,"Matryoshka":19,"MealTicket":39,"Replay:Bottled Flurry":22,"Replay:Blank Codex":31,"replay:Trail_Library":0,"Gremlin Food":14,"theCatGirl:TrainedRelic":0,"ReplayTheSpireMod:Ninjato":38,"NeowsBlessing":2,"Eternal Feather":13,"Pen Nib":24,"Orichalcum":43,"Question Card":1,"Replay:Baseball":18,"Anchor":29,"infinitespire:WardingShard":27,"Bronze Scales":36,"Onion Ring":35,"Art of War":43,"Pocketwatch":0,"Meat on the Bone":6,"infinitespire:Midas Blood":32},{"Lantern":12,"Regal Pillow":12,"SacredBark":7,"Blue Doll":18,"Bag of Preparation":21,"Ancient Tea Set":3,"Blood Vial":3,"Nunchaku":10,"infinitespire:ShieldingShard":4,"Matryoshka":9,"MealTicket":20,"Replay:Bottled Flurry":11,"Replay:Blank Codex":14,"replay:Trail_Library":0,"Gremlin Food":6,"theCatGirl:TrainedRelic":0,"ReplayTheSpireMod:Ninjato":19,"NeowsBlessing":1,"Eternal Feather":5,"Pen Nib":12,"Orichalcum":22,"Question Card":1,"Replay:Baseball":8,"Anchor":14,"infinitespire:WardingShard":13,"Bronze Scales":17,"Onion Ring":16,"Art of War":22,"Pocketwatch":0,"Meat on the Bone":2,"infinitespire:Midas Blood":14},{"Lantern":49,"Regal Pillow":49,"SacredBark":29,"Blue Doll":65,"Bag of Preparation":85,"Ancient Tea Set":11,"Blood Vial":11,"Nunchaku":44,"infinitespire:ShieldingShard":12,"Matryoshka":40,"MealTicket":78,"Replay:Bottled Flurry":45,"Replay:Blank Codex":51,"replay:Trail_Library":0,"Gremlin Food":18,"theCatGirl:TrainedRelic":0,"ReplayTheSpireMod:Ninjato":71,"NeowsBlessing":6,"Eternal Feather":15,"Pen Nib":49,"Orichalcum":89,"Question Card":6,"Replay:Baseball":34,"Anchor":51,"infinitespire:WardingShard":50,"Bronze Scales":60,"Onion Ring":59,"Art of War":89,"Pocketwatch":0,"Meat on the Bone":10,"infinitespire:Midas Blood":51}],"Pocketwatch":[105],"Meat on the Bone":24},"card_choices":[{"not_picked":["theCatGirl:BleedingWounds","theCatGirl:SevenLives","theCatGirl:HungerClaw"],"picked":"theCatGirl:PerfectBlock","floor":6},{"not_picked":["theCatGirl:Howl","theCatGirl:BleedingWounds","theCatGirl:AdventurersInsight"],"picked":"theCatGirl:PoiseStance","floor":8},{"not_picked":["theCatGirl:Insane","theCatGirl:AngryForm","theCatGirl:BleedingWounds"],"picked":"theCatGirl:PerfectBlock","floor":11},{"not_picked":["theCatGirl:PoiseStance","theCatGirl:Insane","theCatGirl:Beastification"],"picked":"theCatGirl:SevenLives","floor":13},{"not_picked":["theCatGirl:AngryForm","theCatGirl:Beastification","theCatGirl:PerfectBlock"],"picked":"theCatGirl:AccidentalHeadbutt","floor":16},{"not_picked":["theCatGirl:SevenLives","theCatGirl:AdventurersInsight","theCatGirl:AngryForm"],"picked":"theCatGirl:LearnThePattern","floor":24},{"not_picked":["theCatGirl:AngryForm","theCatGirl:AdventurersInsight","theCatGirl:PerfectBlock"],"picked":"theCatGirl:LearnThePattern","floor":27},{"not_picked":["theCatGirl:SevenLives","theCatGirl:HungerClaw","theCatGirl:Beastification"],"picked":"theCatGirl:Insane","floor":29},{"not_picked":["infinitespire:NeuralNetwork","infinitespire:Gouge"],"picked":"infinitespire:Punishment","floor":29},{"not_picked":["theCatGirl:PerfectBlock","theCatGirl:Beastification","theCatGirl:HungerClaw"],"picked":"theCatGirl:BleedingWounds","floor":33},{"not_picked":["theCatGirl:AccidentalHeadbutt","theCatGirl:AdventurersInsight","theCatGirl:AngryForm","theCatGirl:Insane"],"picked":"SKIP","floor":40}],"player_experience":1994,"relics_obtained":[{"floor":1,"key":"Question Card"},{"floor":6,"key":"Meat on the Bone"},{"floor":8,"key":"Ancient Tea Set"},{"floor":9,"key":"Blood Vial"},{"floor":11,"key":"infinitespire:ShieldingShard"},{"floor":13,"key":"Eternal Feather"},{"floor":14,"key":"Gremlin Food"},{"floor":18,"key":"Replay:Baseball"},{"floor":19,"key":"Matryoshka"},{"floor":20,"key":"Nunchaku"},{"floor":22,"key":"Replay:Bottled Flurry"},{"floor":24,"key":"Pen Nib"},{"floor":26,"key":"Lantern"},{"floor":26,"key":"Regal Pillow"},{"floor":27,"key":"infinitespire:WardingShard"},{"floor":29,"key":"Anchor"},{"floor":31,"key":"Replay:Blank Codex"},{"floor":32,"key":"infinitespire:Midas Blood"},{"floor":35,"key":"Onion Ring"},{"floor":36,"key":"Bronze Scales"},{"floor":37,"key":"Blue Doll"},{"floor":38,"key":"ReplayTheSpireMod:Ninjato"},{"floor":39,"key":"MealTicket"},{"floor":40,"key":"Bag of Preparation"},{"floor":43,"key":"Art of War"},{"floor":43,"key":"Orichalcum"}],"event_choices":[{"damage_healed":0,"gold_gain":0,"player_choice":"Obtained Book","damage_taken":21,"max_hp_gain":0,"max_hp_loss":0,"event_name":"Cursed Tome","floor":31,"gold_loss":0}],"is_beta":false,"boss_relics":[{"not_picked":["Runic Pyramid","infinitespire:Cupcake"],"picked":"SacredBark"},{"not_picked":["ReplayTheSpireMod:DimensionalGlitch","Kintsugi","Calling Bell"]}],"items_purged_floors":[],"is_endless":false,"potions_floor_spawned":[6,11,13,16,19,22,27,37,40,42],"killed_by":"Nightmare","ascension_level":20}}