{"host":"rmsq46plbpwfbxcc","time":1609516786,"event":{"mods":["AchievementEnabler","BaseMod","Colored Map","Colored Powertips","DeckTracker","KOR Keyword Fix","Minty Spire (QoL Compilation)","Permanent Neow","Quick Restart","SuperFastMode"],"gold_per_floor":[118,138,157,82,98,98,98,98],"floor_reached":7,"playtime":191,"items_purged":[],"score":86,"play_id":"3aa2f0bd-49db-47b1-944b-81fdf99e1886","local_time":"20210102005946","is_ascension_mode":true,"campfire_choices":[{"data":"Blade Dance","floor":6,"key":"SMITH"}],"circlet_count":0,"master_deck":["AscendersBane","Strike_G","Strike_G","Strike_G","Strike_G","Defend_G","Defend_G","Defend_G","Defend_G","Defend_G","Survivor","Neutralize","CurseOfTheBell","Blade Dance+1"],"relics":["Calling Bell","Bag of Marbles","White Beast Statue","Lizard Tail"],"acts_visited":["Exordium"],"potions_floor_usage":[3,7,7],"damage_taken":[{"damage":8,"enemies":"2 Louse","floor":1,"turns":2},{"damage":3,"enemies":"Small Slimes","floor":2,"turns":4},{"damage":2,"enemies":"Jaw Worm","floor":3,"turns":3},{"damage":3,"enemies":"Looter","floor":5,"turns":4},{"damage":29,"enemies":"Lagavulin","floor":7,"turns":8}],"seed_played":"7205817850215677020","potions_obtained":[{"floor":1,"key":"GamblersBrew"},{"floor":2,"key":"SpeedPotion"},{"floor":3,"key":"SteroidPotion"},{"floor":5,"key":"EssenceOfSteel"}],"is_trial":false,"path_per_floor":["M","M","M","?","M","R","E"],"character_chosen":"THE_SILENT","items_purchased":[],"campfire_rested":0,"item_purchase_floors":[],"current_hp_per_floor":[51,48,46,46,43,43,14,14],"gold":98,"neow_bonus":"BOSS_RELIC","is_daily":false,"chose_seed":false,"campfire_upgraded":1,"win_rate":0.0,"timestamp":1609516786,"path_taken":["M","M","M","?","M","R","E"],"items_purchased_type":[],"build_version":"2020-12-22","purchased_purges":0,"victory":false,"max_hp_per_floor":[66,66,66,66,66,66,66,66],"card_choices":[{"not_picked":["Unload","Poisoned Stab","Slice"],"picked":"SKIP","floor":1},{"not_picked":["Quick Slash","PiercingWail"],"picked":"Blade Dance","floor":2},{"not_picked":["Backflip","All Out Attack","Dagger Throw"],"picked":"SKIP","floor":3},{"not_picked":["Crippling Poison","Well Laid Plans","Quick Slash"],"picked":"SKIP","floor":5}],"player_experience":1431191,"relics_obtained":[{"floor":0,"key":"Bag of Marbles"},{"floor":0,"key":"White Beast Statue"},{"floor":0,"key":"Lizard Tail"}],"event_choices":[{"cards_removed":["Strike_G"],"damage_healed":0,"gold_gain":0,"player_choice":"Card Removal","damage_taken":0,"max_hp_gain":0,"max_hp_loss":0,"event_name":"The Cleric","floor":4,"gold_loss":75}],"is_beta":false,"boss_relics":[],"items_purged_floors":[],"is_endless":false,"potions_floor_spawned":[1,2,3,5],"killed_by":"Lagavulin","ascension_level":20}}