{"host":"uxx7prhn9zlu6i2v","time":1609462793,"event":{"mods":["2.2 Compatiblity","AchievementEnabler","Act Like it!","Bard","BaseMod","Better Altar","Better Match","Better Note","Better Sensory Stone","Better Skull","Better Third Choice","CapriCore","ChefMod","Colored Powertips","Conspire","Faster Ascension Climbing","Gensokyo","GifTheSpireLib","Hermit","Hubris","KomeijiMod","Lobotomy","LobotomyExtend","Marisa????????","Minty Spire (QoL Compilation)","Permanent Neow","Quick Restart","RNG Fix","Rare Cards Sparkle","Reimu??????","Relic Filter","Relic Sorter","Relic Stats","Replay The Spire","Reworked Bosses","Spicy Shops","StSLib","Stuff the Spire","The Blue Laboratory","The Bug Knight","The Immortal","Yakumo Yukari mod","??????REMEMod"],"gold_per_floor":[134,134,134,134,134,134,148,148,202,202,127,0,0,45,45,148,148,161,161,161,181,181,181],"floor_reached":22,"playtime":1256,"items_purged":["AT_purpleEX","Defend_purpleEX"],"score":168,"play_id":"d93cc3da-0b83-4196-baa3-d00ebfb25f44","local_time":"20201231185953","is_ascension_mode":false,"campfire_choices":[{"data":"Charmbait_purple","floor":6,"key":"SMITH"},{"data":"Observe_purple_1","floor":8,"key":"SMITH"},{"data":"AT_purpleEX","floor":15,"key":"SMITH"}],"circlet_count":0,"master_deck":["AT_purpleEX","AT_purpleEX","AT_purpleEX+1","Defend_purpleEX","Defend_purpleEX","Defend_purpleEX","Observe_purple_1+1","Observe_purple_2+1","Charmbait_purple+1","Injury","Pain","Fantasy_PerpetualMotionMachine_purple+1","Gensokyo:BlemishedSteel","UniverseFragment","Human_Monster_Realm_purple","Shallow_ocean_purpleEX+1","DemonsDinnerFork+1","MeatLantern"],"relics":["Boundary_crack","Memoryfragments_purpleEX","REME_ComplimentaryCards","CogitoBucket","RabbitCall","LetterFromLob","StuffTheSpire:GrapeVine","WingedGreaves","Gensokyo:LunaticRedEyes","Vajra","Pantograph","Molten Egg 2","Oddly Smooth Stone","Boot","Philosopher\u0027s Stone","Gensokyo:RedStar","Mastiff:ReiMu"],"acts_visited":["Gensokyo:Gensokyo","Gensokyo:Gensokyoer"],"potions_floor_usage":[16,21],"damage_taken":[{"damage":0,"enemies":"Gensokyo:3_Fairies","floor":1,"turns":5},{"damage":3,"enemies":"Gensokyo:2_Kodama","floor":7,"turns":3},{"damage":6,"enemies":"Gensokyo:Reimu","floor":16,"turns":7},{"damage":8,"enemies":"Gensokyo:CosmicMonolith","floor":18,"turns":5},{"damage":21,"enemies":"Gensokyo:Chomper","floor":21,"turns":5},{"damage":51,"enemies":"Gensokyo:Slime_Group","floor":22,"turns":1}],"seed_played":"3885404224014376030","potions_obtained":[{"floor":7,"key":"AttackPotion"},{"floor":16,"key":"MagicPotion:ReiMu"}],"is_trial":false,"path_per_floor":["M","?","T","?","?","R","M","R","T","$","?","COS","$","T","R","B",null,"M","?","?","M","M"],"character_chosen":"Youkari","items_purchased":["AttackPotion","Pantograph","Molten Egg 2","Oddly Smooth Stone"],"campfire_rested":0,"item_purchase_floors":[10,10,10,10],"current_hp_per_floor":[70,70,70,70,70,70,69,69,69,12,12,12,12,12,12,33,70,66,66,66,49,0,0],"gold":181,"neow_bonus":"","is_daily":false,"chose_seed":false,"campfire_upgraded":3,"win_rate":0.0,"timestamp":1609462793,"path_taken":["M","?","?","?","?","R","M","R","T","?","?","COS","?","?","R","BOSS","M","?","?","M","M"],"items_purchased_type":["Potion","Relic","Relic","Relic"],"build_version":"2020-12-22","purchased_purges":2,"victory":false,"max_hp_per_floor":[70,70,70,70,70,70,70,70,70,70,70,70,70,70,70,70,70,70,70,70,70,70,70],"relic_stats":{"counters":[7,27],"Pantograph":25,"Boot":[7],"obtain_stats":[{"RabbitCall":0,"Vajra":9,"Oddly Smooth Stone":10,"StuffTheSpire:GrapeVine":2,"Boundary_crack":0,"Boot":14,"Gensokyo:RedStar":19,"Gensokyo:LunaticRedEyes":4,"CogitoBucket":0,"Mastiff:ReiMu":21,"Pantograph":10,"Molten Egg 2":10,"Philosopher\u0027s Stone":17,"WingedGreaves":3,"LetterFromLob":1,"Memoryfragments_purpleEX":0,"REME_ComplimentaryCards":0},{"RabbitCall":0,"Vajra":2,"Oddly Smooth Stone":2,"StuffTheSpire:GrapeVine":1,"Boundary_crack":0,"Boot":2,"Gensokyo:RedStar":4,"Gensokyo:LunaticRedEyes":1,"CogitoBucket":0,"Mastiff:ReiMu":5,"Pantograph":2,"Molten Egg 2":2,"Philosopher\u0027s Stone":3,"WingedGreaves":1,"LetterFromLob":1,"Memoryfragments_purpleEX":0,"REME_ComplimentaryCards":0},{"RabbitCall":0,"Vajra":8,"Oddly Smooth Stone":8,"StuffTheSpire:GrapeVine":5,"Boundary_crack":0,"Boot":8,"Gensokyo:RedStar":20,"Gensokyo:LunaticRedEyes":5,"CogitoBucket":0,"Mastiff:ReiMu":22,"Pantograph":8,"Molten Egg 2":8,"Philosopher\u0027s Stone":15,"WingedGreaves":5,"LetterFromLob":5,"Memoryfragments_purpleEX":0,"REME_ComplimentaryCards":0}]},"card_choices":[{"not_picked":["MHz","OldLady","DreamingCurrent"],"picked":"Singing Bowl","floor":1},{"not_picked":["RuleDissolution_purple","Umbrella_purple"],"picked":"Charmbait_purple","floor":1},{"not_picked":["Yin","ShyLook","UniverseFragment"],"picked":"Singing Bowl","floor":7},{"not_picked":["Realm_recovery_purpleEX","Shallow_ocean_purpleEX","StretchesForeverDream_purple"],"picked":"SKIP","floor":7},{"not_picked":["Bait_Toxicbait_purple+1","Extrememeaning_purpleEX+1"],"picked":"Fantasy_PerpetualMotionMachine_purple+1","floor":11},{"not_picked":["FairyFestival","MHz","RedShoes"],"picked":"Singing Bowl","floor":16},{"not_picked":["MHz","CrumblingArmor"],"picked":"UniverseFragment","floor":16},{"not_picked":["D_absorption_purple","WasteWire_Metro_purple+1"],"picked":"Human_Monster_Realm_purple","floor":16},{"not_picked":["LaLuna","Scorched","BlackSwan"],"picked":"Singing Bowl","floor":18},{"not_picked":["MetroBOOM_purple","ExistenceContinue_purple+1"],"picked":"Shallow_ocean_purpleEX+1","floor":18},{"not_picked":["FieryBird","Funeral"],"picked":"MeatLantern","floor":21},{"not_picked":["StateDuplicate_purple","OmniscientAndOmnipotent_Monster_purple+1","Charmbait_purple+1"],"picked":"SKIP","floor":21}],"player_experience":1420151,"relics_obtained":[{"floor":1,"key":"LetterFromLob"},{"floor":3,"key":"WingedGreaves"},{"floor":9,"key":"Vajra"},{"floor":14,"key":"Boot"}],"event_choices":[{"damage_healed":0,"gold_gain":0,"player_choice":"2","damage_taken":0,"max_hp_gain":0,"max_hp_loss":0,"event_name":"betterMatch:BetterMatch","floor":11,"gold_loss":0,"cards_obtained":["betterMatch:UncommonCard"]},{"damage_healed":0,"gold_gain":0,"player_choice":"Leave","damage_taken":0,"max_hp_gain":0,"max_hp_loss":0,"event_name":"conspire:Investor","floor":20,"gold_loss":0}],"is_beta":false,"boss_relics":[{"not_picked":["Cursed Key","conspire:RunicOctahedron"],"picked":"Philosopher\u0027s Stone"}],"items_purged_floors":[10,10],"is_endless":false,"potions_floor_spawned":[7,16],"killed_by":"Gensokyo:Slime_Group","ascension_level":0}}