{"host":"9c5kazgg71l3jb6l","time":1609502425,"event":{"mods":["Arknights The Spire","BaseMod","Minty Spire (QoL Compilation)","StSLib","Waifu the Spire"],"gold_per_floor":[110,110,110,110,127,127,161,161,161,194,206,156,179,179,179,179,179],"floor_reached":16,"playtime":422,"items_purged":[],"score":138,"play_id":"573b3b03-3c05-4c4f-80eb-f46d04dd49d4","local_time":"20210101200025","is_ascension_mode":true,"campfire_choices":[{"data":"ats:Burning Ground","floor":6,"key":"SMITH"},{"data":"ats:Emotion Absorption","floor":8,"key":"SMITH"},{"data":"ats:Roar Of Ursus","floor":15,"key":"SMITH"}],"circlet_count":0,"master_deck":["ats:Strike C","ats:Strike G","ats:Strike S","ats:Armor Crushing Shot+1","ats:Defend+1","ats:Defend","ats:Defend","ats:Defend","ats:Emotion Absorption+1","ats:Shell Defense","ats:Burning Ground+1","ats:Automatic Cover","ats:Ignite","ats:Roar Of Ursus+1"],"relics":["ats:Sanity","NeowsBlessing","ats:Ability Aura","ats:Originium","Tiny Chest","Ornamental Fan","Happy Flower","Ancient Tea Set"],"acts_visited":["Exordium"],"potions_floor_usage":[],"damage_taken":[{"damage":0,"enemies":"Cultist","floor":1,"turns":1},{"damage":0,"enemies":"2 Louse","floor":5,"turns":1},{"damage":0,"enemies":"Gremlin Nob","floor":7,"turns":1},{"damage":35,"enemies":"Lagavulin","floor":10,"turns":9},{"damage":2,"enemies":"Small Slimes","floor":11,"turns":3},{"damage":43,"enemies":"Hexaghost","floor":16,"turns":11}],"seed_played":"109926838845943073","potions_obtained":[{"floor":1,"key":"Ancient Potion"},{"floor":10,"key":"CultistPotion"}],"is_trial":false,"path_per_floor":["M","?","$","?","M","R","E","R","T","E","M","?","T","?","R","B"],"character_chosen":"DOCTOR_CLASS","items_purchased":[],"campfire_rested":0,"item_purchase_floors":[],"current_hp_per_floor":[72,58,58,58,58,58,58,58,58,32,33,33,33,26,26,0,0],"gold":179,"neow_bonus":"THREE_ENEMY_KILL","is_daily":false,"chose_seed":false,"campfire_upgraded":3,"win_rate":0.0,"timestamp":1609502425,"path_taken":["M","?","$","?","M","R","E","R","T","E","M","?","?","?","R","BOSS"],"items_purchased_type":[],"build_version":"2020-12-22","purchased_purges":0,"victory":false,"max_hp_per_floor":[72,72,72,72,72,72,72,72,72,72,72,72,72,72,72,72,72],"card_choices":[{"not_picked":["ats:Flexible Camouflage","ats:Curse Doll"],"picked":"ats:Shell Defense","floor":1},{"not_picked":["ats:Cat Scratch","ats:Soul Absorption"],"picked":"ats:Burning Ground","floor":5},{"not_picked":["ats:Leaping Hammer","ats:Revitalization"],"picked":"ats:Automatic Cover","floor":7},{"not_picked":["ats:Apocalypse","ats:Revitalization"],"picked":"ats:Ignite","floor":10},{"not_picked":["ats:Apocalypse","ats:Steam Pump"],"picked":"ats:Roar Of Ursus","floor":11}],"player_experience":1297623,"relics_obtained":[{"floor":7,"key":"ats:Originium"},{"floor":7,"key":"Tiny Chest"},{"floor":9,"key":"Ornamental Fan"},{"floor":10,"key":"ats:Originium"},{"floor":10,"key":"Happy Flower"},{"floor":13,"key":"Ancient Tea Set"}],"event_choices":[{"damage_healed":0,"gold_gain":0,"player_choice":"Entered Light","damage_taken":14,"max_hp_gain":0,"max_hp_loss":0,"event_name":"Shining Light","floor":2,"gold_loss":0,"cards_upgraded":["ats:Armor Crushing Shot","ats:Defend"]},{"damage_healed":0,"gold_gain":0,"player_choice":"Box","damage_taken":0,"relics_obtained":["ats:Ability Aura"],"max_hp_gain":0,"max_hp_loss":0,"event_name":"Big Fish","floor":4,"gold_loss":0,"cards_obtained":["Regret"]},{"cards_removed":["Regret"],"damage_healed":0,"gold_gain":0,"player_choice":"Card Removal","damage_taken":0,"max_hp_gain":0,"max_hp_loss":0,"event_name":"The Cleric","floor":12,"gold_loss":50},{"cards_removed":["ats:Strike V"],"damage_healed":0,"gold_gain":0,"player_choice":"Card Removal","damage_taken":7,"max_hp_gain":0,"max_hp_loss":0,"event_name":"Golden Wing","floor":14,"gold_loss":0}],"is_beta":false,"boss_relics":[],"items_purged_floors":[],"is_endless":false,"potions_floor_spawned":[1,10],"killed_by":"Hexaghost","ascension_level":1}}