{"host":"vlqejv0notyktumz","time":1609464753,"event":{"mods":["AchievementEnabler","BaseMod","Googly Eyes","Minty Spire (QoL Compilation)"],"gold_per_floor":[113,113,131,131,2,27,45,76,76,76,5,17,17,31,31,135,135,150,170,222,238,153,153,153,153],"floor_reached":24,"playtime":600,"items_purged":["Defend_B"],"score":300,"play_id":"298d794f-a072-4942-aa78-3d7144c9a4b8","local_time":"20201231193233","is_ascension_mode":true,"campfire_choices":[{"data":"Zap","floor":10,"key":"SMITH"},{"data":"Leap","floor":15,"key":"SMITH"},{"floor":23,"key":"REST"}],"circlet_count":0,"master_deck":["Strike_B","Strike_B","Strike_B","Defend_B","Defend_B","Defend_B","Zap+1","Dualcast","Loop+1","Cold Snap","Leap","Loop","Sunder","Leap+1","Seek","Electrodynamics","Conserve Battery+1","Loop"],"relics":["Cracked Core","NeowsBlessing","Bird Faced Urn","Pantograph","Ornamental Fan","Black Star","CeramicFish","Bag of Marbles"],"acts_visited":["Exordium","TheCity"],"potions_floor_usage":[14,16,18,24],"damage_taken":[{"damage":0,"enemies":"2 Louse","floor":1,"turns":1},{"damage":0,"enemies":"Cultist","floor":3,"turns":1},{"damage":0,"enemies":"Gremlin Nob","floor":6,"turns":1},{"damage":12,"enemies":"Small Slimes","floor":7,"turns":4},{"damage":16,"enemies":"Lagavulin","floor":8,"turns":6},{"damage":11,"enemies":"Red Slaver","floor":12,"turns":3},{"damage":1,"enemies":"Gremlin Gang","floor":14,"turns":2},{"damage":23,"enemies":"Slime Boss","floor":16,"turns":13},{"damage":30,"enemies":"2 Thieves","floor":18,"turns":4},{"damage":38,"enemies":"Chosen","floor":19,"turns":5},{"damage":15,"enemies":"Snake Plant","floor":21,"turns":4},{"damage":39,"enemies":"Slavers","floor":24,"turns":3}],"seed_played":"-3808641549647078043","potions_obtained":[{"floor":1,"key":"FocusPotion"},{"floor":7,"key":"Explosive Potion"},{"floor":8,"key":"Fire Potion"},{"floor":14,"key":"Swift Potion"},{"floor":16,"key":"Strength Potion"},{"floor":18,"key":"LiquidBronze"},{"floor":19,"key":"FearPotion"}],"is_trial":false,"path_per_floor":["M","?","M","?","$","E","M","E","T","R","$","M","$","M","R","B",null,"M","M","T","M","?","R","E"],"character_chosen":"DEFECT","items_purchased":["Leap","Sunder"],"campfire_rested":1,"item_purchase_floors":[5,11],"current_hp_per_floor":[68,68,68,68,68,68,60,48,48,48,48,41,41,44,44,50,69,45,13,13,4,4,26,0,0],"gold":153,"neow_bonus":"THREE_ENEMY_KILL","is_daily":false,"chose_seed":false,"campfire_upgraded":2,"win_rate":0.0,"timestamp":1609464753,"path_taken":["M","?","?","?","$","E","M","E","T","R","$","M","$","M","R","BOSS","M","M","?","?","?","R","E"],"items_purchased_type":["Card","Card"],"build_version":"2020-12-22","purchased_purges":1,"victory":false,"max_hp_per_floor":[75,75,75,75,75,75,75,75,75,75,75,75,75,75,75,75,75,75,75,75,75,75,75,75,75],"card_choices":[{"not_picked":["Beam Cell","Go for the Eyes"],"picked":"Loop","floor":1},{"not_picked":["Stack","Coolheaded"],"picked":"Cold Snap","floor":3},{"not_picked":["Storm","Leap"],"picked":"Loop","floor":6},{"not_picked":["Barrage","Reprogram","Skim"],"picked":"SKIP","floor":7},{"not_picked":["Streamline","Hologram","Rebound"],"picked":"SKIP","floor":8},{"not_picked":["Recycle","Go for the Eyes"],"picked":"Leap","floor":12},{"not_picked":["Genetic Algorithm","Leap"],"picked":"Seek","floor":14},{"not_picked":["Reboot","Creative AI"],"picked":"Electrodynamics","floor":16},{"not_picked":["Hologram+1","Undo"],"picked":"Conserve Battery+1","floor":18},{"not_picked":["Steam","Streamline"],"picked":"Loop","floor":19},{"not_picked":["Gash","Rebound","Auto Shields+1"],"picked":"SKIP","floor":21}],"player_experience":280732,"relics_obtained":[{"floor":6,"key":"Bird Faced Urn"},{"floor":8,"key":"Pantograph"},{"floor":9,"key":"Ornamental Fan"},{"floor":20,"key":"CeramicFish"}],"event_choices":[{"damage_healed":0,"gold_gain":0,"player_choice":"Forge","damage_taken":0,"max_hp_gain":0,"max_hp_loss":0,"event_name":"Accursed Blacksmith","floor":2,"gold_loss":0,"cards_upgraded":["Loop"]},{"cards_removed":["Strike_B"],"damage_healed":0,"gold_gain":0,"player_choice":"Offered Basic","damage_taken":0,"max_hp_gain":0,"max_hp_loss":0,"event_name":"Bonfire Elementals","floor":4,"gold_loss":0},{"damage_healed":0,"gold_gain":0,"player_choice":"Obtained Relic","damage_taken":0,"relics_obtained":["Bag of Marbles"],"max_hp_gain":0,"max_hp_loss":0,"event_name":"Addict","floor":22,"gold_loss":85}],"is_beta":false,"boss_relics":[{"not_picked":["Velvet Choker","Runic Dome"],"picked":"Black Star"}],"items_purged_floors":[5],"is_endless":false,"potions_floor_spawned":[1,7,8,14,16,18,19],"killed_by":"Slavers","ascension_level":6}}