{"host":"6za4ayowsop7ft3x","time":1609514870,"event":{"mods":["AchievementEnabler","BaseMod","Bestiary","Colored Map","Colored Powertips","Curses Come First","Highlight Path","Minty Spire (QoL Compilation)","Quick Restart","StSLib"],"gold_per_floor":[117,127,138,138,88,88,120,120,120,139,157,13,39,57,57,158,158,172,172,191,210,309,309,340,357,381,381,381,381,381],"floor_reached":29,"playtime":1279,"items_purged":[],"score":294,"play_id":"3b404ae2-8fd7-4eaf-b2b2-cbea82bf67da","local_time":"20210101232750","is_ascension_mode":true,"campfire_choices":[{"data":"Noxious Fumes","floor":6,"key":"SMITH"},{"floor":8,"key":"REST"},{"floor":15,"key":"REST"},{"floor":23,"key":"REST"}],"circlet_count":0,"master_deck":["Strike_G","Strike_G","Strike_G","Strike_G","Defend_G","Defend_G","Defend_G","Defend_G","Defend_G","Survivor","Neutralize","CurseOfTheBell","Acrobatics","Endless Agony","Noxious Fumes+1","Corpse Explosion","Deflect","Finesse","Prepared","Catalyst","Slice+1","Deflect","PiercingWail"],"relics":["Calling Bell","Happy Flower","Mango","Meat on the Bone","Du-Vu Doll","Pantograph","Molten Egg 2","Black Star","Bottled Flame","Regal Pillow","Toy Ornithopter"],"acts_visited":["Exordium","TheCity"],"potions_floor_usage":[7,7,25,29,29],"damage_taken":[{"damage":0,"enemies":"Small Slimes","floor":1,"turns":3},{"damage":11,"enemies":"Jaw Worm","floor":2,"turns":7},{"damage":0,"enemies":"2 Louse","floor":3,"turns":3},{"damage":68,"enemies":"Gremlin Nob","floor":7,"turns":7},{"damage":5,"enemies":"Large Slime","floor":10,"turns":5},{"damage":0,"enemies":"2 Fungi Beasts","floor":11,"turns":2},{"damage":15,"enemies":"Lagavulin","floor":13,"turns":6},{"damage":0,"enemies":"3 Louse","floor":14,"turns":1},{"damage":65,"enemies":"Slime Boss","floor":16,"turns":11},{"damage":29,"enemies":"Shell Parasite","floor":18,"turns":6},{"damage":20,"enemies":"Chosen","floor":20,"turns":6},{"damage":41,"enemies":"3 Cultists","floor":21,"turns":5},{"damage":19,"enemies":"Gremlin Leader","floor":24,"turns":6},{"damage":25,"enemies":"Centurion and Healer","floor":25,"turns":7},{"damage":42,"enemies":"Slavers","floor":29,"turns":3}],"seed_played":"2165678725486498508","potions_obtained":[{"floor":1,"key":"SneckoOil"},{"floor":2,"key":"Regen Potion"},{"floor":10,"key":"Fire Potion"},{"floor":14,"key":"GamblersBrew"},{"floor":16,"key":"ColorlessPotion"}],"is_trial":false,"path_per_floor":["M","M","M","?","?","R","E","R","T","M","M","$","E","M","R","B",null,"M","?","M","M","?","R","E","M","T","?","?","E"],"character_chosen":"THE_SILENT","items_purchased":["Finesse","Prepared"],"campfire_rested":3,"item_purchase_floors":[12,12],"current_hp_per_floor":[84,73,73,73,73,73,26,51,51,46,46,46,43,43,68,31,84,55,55,47,18,18,43,36,23,23,23,23,0,0],"gold":381,"neow_bonus":"BOSS_RELIC","is_daily":false,"chose_seed":false,"campfire_upgraded":1,"win_rate":0.0,"timestamp":1609514870,"path_taken":["M","M","M","?","?","R","E","R","T","M","M","$","E","M","R","BOSS","M","?","M","M","?","R","E","M","T","?","?","E"],"items_purchased_type":["Card","Card"],"build_version":"2020-12-22","purchased_purges":0,"victory":false,"max_hp_per_floor":[84,84,84,84,84,84,84,84,84,84,84,84,84,84,84,84,84,84,84,84,84,84,84,84,84,84,84,84,84,84],"card_choices":[{"not_picked":["Dodge and Roll","Sucker Punch"],"picked":"Acrobatics","floor":1},{"not_picked":["Flying Knee","Dodge and Roll"],"picked":"Endless Agony","floor":2},{"not_picked":["Dagger Spray","Dodge and Roll"],"picked":"Noxious Fumes","floor":3},{"not_picked":["Deadly Poison","Accuracy"],"picked":"Corpse Explosion","floor":7},{"not_picked":["Acrobatics","PiercingWail"],"picked":"Deflect","floor":10},{"not_picked":["Terror","Deadly Poison","Heel Hook"],"picked":"SKIP","floor":11},{"not_picked":["Phantasmal Killer","Heel Hook+1","Slice+1"],"picked":"SKIP","floor":13},{"not_picked":["Expertise","Predator+1","Dagger Throw+1"],"picked":"SKIP","floor":14},{"not_picked":["Malaise","Burst"],"picked":"After Image","floor":16},{"not_picked":["Prepared+1","Underhanded Strike+1","Reflex"],"picked":"SKIP","floor":18},{"not_picked":["Dagger Spray+1","Dodge and Roll"],"picked":"Slice+1","floor":20},{"not_picked":["Infinite Blades","Blade Dance","Flying Knee+1"],"picked":"SKIP","floor":21},{"not_picked":["Slice+1","Escape Plan"],"picked":"Deflect","floor":24},{"not_picked":["Prepared","Calculated Gamble"],"picked":"PiercingWail","floor":25}],"player_experience":29302,"relics_obtained":[{"floor":0,"key":"Happy Flower"},{"floor":0,"key":"Mango"},{"floor":0,"key":"Meat on the Bone"},{"floor":7,"key":"Du-Vu Doll"},{"floor":9,"key":"Pantograph"},{"floor":13,"key":"Molten Egg 2"},{"floor":24,"key":"Bottled Flame"},{"floor":24,"key":"Regal Pillow"},{"floor":26,"key":"Toy Ornithopter"}],"event_choices":[{"damage_healed":0,"gold_gain":0,"player_choice":"Ignored","damage_taken":0,"max_hp_gain":0,"max_hp_loss":0,"event_name":"Liars Game","floor":4,"gold_loss":0},{"cards_removed":["Strike_G"],"damage_healed":0,"gold_gain":0,"player_choice":"Card Removal","damage_taken":0,"max_hp_gain":0,"max_hp_loss":0,"event_name":"The Cleric","floor":5,"gold_loss":50},{"damage_healed":0,"gold_gain":0,"player_choice":"Read","damage_taken":0,"max_hp_gain":0,"max_hp_loss":0,"event_name":"The Library","floor":19,"gold_loss":0,"cards_obtained":["Catalyst"]},{"damage_healed":0,"gold_gain":99,"player_choice":"Stole From Cult","damage_taken":0,"max_hp_gain":0,"max_hp_loss":0,"event_name":"Nest","floor":22,"gold_loss":0},{"damage_healed":0,"gold_gain":0,"player_choice":"Ignored","damage_taken":0,"max_hp_gain":0,"max_hp_loss":0,"event_name":"The Mausoleum","floor":27,"gold_loss":0},{"cards_removed":["After Image"],"damage_healed":0,"gold_gain":0,"player_choice":"Elegance","damage_taken":0,"max_hp_gain":0,"max_hp_loss":0,"event_name":"Back to Basics","floor":28,"gold_loss":0}],"is_beta":false,"boss_relics":[{"not_picked":["HoveringKite","Cursed Key"],"picked":"Black Star"}],"items_purged_floors":[],"is_endless":false,"potions_floor_spawned":[1,2,10,14,16,20,21],"killed_by":"Slavers","ascension_level":1}}