{"host":"j204k34h42bd6fas","time":1609475458,"event":{"mods":["Aspiration","BaseMod","Colored Map","Colored Powertips","Conspire","Energized Spire","Hubris","Infinite Spire","JesterMod","Mimic Mod","Minty Spire (QoL Compilation)","Rare Cards Sparkle","Relic Stats","Replay The Spire","Say the Spire","StSLib","The Cursed","The Marked"],"gold_per_floor":[117,130,130,144,158,189,13,33,33,33,58,70,70,70],"floor_reached":13,"playtime":397,"items_purged":[],"score":126,"play_id":"be3998fc-8861-4da9-89c1-d74065a9a8e2","local_time":"20201231233058","is_ascension_mode":true,"campfire_choices":[{"floor":10,"key":"REST"}],"circlet_count":0,"master_deck":["Strike_R","Strike_R","Strike_R","Strike_R","Strike_R","Defend_R","Defend_R","Defend_R","Defend_R","Bash","Armaments","Clothesline","infinitespire:OneForAll","Havoc","Pommel Strike","hubris:DuctTapeCard","Replay:Many Hands","ReplayTheSpireMod:LeadingStrike"],"relics":["Burning Blood","NeowsBlessing","hubris:Towel","infinitespire:Lucky Rock","infinitespire:FocusingShard","hubris:DuctTape"],"acts_visited":["Exordium"],"potions_floor_usage":[13],"damage_taken":[{"damage":0,"enemies":"infinitespire:Voidling","floor":1,"turns":1},{"damage":0,"enemies":"Cultist","floor":2,"turns":1},{"damage":0,"enemies":"2 Louse","floor":4,"turns":1},{"damage":14,"enemies":"Looter","floor":5,"turns":4},{"damage":56,"enemies":"Lagavulin","floor":6,"turns":9},{"damage":1,"enemies":"conspire:2 RoseBushes","floor":8,"turns":3},{"damage":41,"enemies":"Replay:BlueRogue","floor":11,"turns":6},{"damage":13,"enemies":"Large Slime","floor":12,"turns":5},{"damage":0,"enemies":"Lagavulin","floor":13,"turns":2}],"seed_played":"-1290932143631202047","potions_obtained":[{"floor":6,"key":"Explosive Potion"},{"floor":8,"key":"Energy Potion"},{"floor":11,"key":"PowerPotion"}],"is_trial":false,"path_per_floor":["M","M","?","M","M","E","$","M","T","R","E","M","E"],"character_chosen":"IRONCLAD","items_purchased":["The Bomb"],"campfire_rested":1,"item_purchase_floors":[7],"current_hp_per_floor":[78,80,80,80,72,22,22,27,27,51,16,9,9,9],"gold":70,"neow_bonus":"THREE_ENEMY_KILL","is_daily":false,"chose_seed":false,"campfire_upgraded":0,"win_rate":0.0,"timestamp":1609475458,"path_taken":["M","?","?","M","M","E","$","M","T","R","E","M","E"],"items_purchased_type":["Card"],"build_version":"2020-12-22","purchased_purges":0,"victory":false,"max_hp_per_floor":[80,80,80,80,80,80,80,80,80,80,80,80,80,80],"relic_stats":{"counters":[9,32],"obtain_stats":[{"NeowsBlessing":0,"hubris:DuctTape":11,"infinitespire:FocusingShard":9,"infinitespire:Lucky Rock":6,"hubris:Towel":3,"Burning Blood":0},{"NeowsBlessing":0,"hubris:DuctTape":7,"infinitespire:FocusingShard":6,"infinitespire:Lucky Rock":5,"hubris:Towel":2,"Burning Blood":0},{"NeowsBlessing":0,"hubris:DuctTape":25,"infinitespire:FocusingShard":19,"infinitespire:Lucky Rock":16,"hubris:Towel":2,"Burning Blood":0}],"Burning Blood":38},"card_choices":[{"not_picked":["Clash","Headbutt"],"picked":"Armaments","floor":1},{"not_picked":["Anger","Run Through"],"picked":"Clothesline","floor":2},{"not_picked":["Metallicize","Flame Barrier"],"picked":"infinitespire:OneForAll","floor":4},{"not_picked":["Warcry","Flex"],"picked":"Havoc","floor":5},{"not_picked":["ReplayTheSpireMod:Muscle Training","Iron Wave"],"picked":"Flame Barrier","floor":6},{"not_picked":["Flex","Demon Form"],"picked":"Pommel Strike","floor":8},{"not_picked":["Sever Soul","Replay:Undeath\u0027s Touch"],"picked":"Replay:Many Hands","floor":11},{"not_picked":["Havoc","Shrug It Off"],"picked":"ReplayTheSpireMod:LeadingStrike","floor":12}],"player_experience":314928,"relics_obtained":[{"floor":6,"key":"infinitespire:Lucky Rock"},{"floor":9,"key":"infinitespire:FocusingShard"},{"floor":11,"key":"hubris:DuctTape"}],"event_choices":[],"is_beta":false,"boss_relics":[],"items_purged_floors":[],"is_endless":false,"potions_floor_spawned":[6,8,11],"killed_by":"Lagavulin","ascension_level":6}}