{"host":"vhvubw4jk4f204qs","time":1609467869,"event":{"mods":["AchievementEnabler","Act Like it!","BaseMod","Better Altar","Better Match","Better Note","Better Sensory Stone","Better Skull","Better Third Choice","BetterRewards","Colored Powertips","Conspire","GifTheSpireLib","Googly Eyes","Highlight Path","Hubris","Infinite Spire","Jorbs Mod","Marisa????????","Minty Spire (QoL Compilation)","Permanent Neow","Quick Restart","Replay The Spire","StSLib","SuperFastMode","The IronCluck","The Mystic","The Poker Player","The Servant 0.9.4","slay the spire mod where everything is the same but ironclad has a cowboy hat"],"gold_per_floor":[113,113,127,157,157,157,14,39,119,119,130,150,182,257,257,328,328,341,361,361,361,208,208,235,235,235,248,92,106,140,151,151,228,228,242,242,257,257,28,56,56,56],"floor_reached":41,"playtime":3479,"items_purged":["Strike_MRS","MaximisePower+1"],"score":957,"play_id":"5a0561f7-850c-4d15-a14d-3a28167562b6","local_time":"20201231212429","is_ascension_mode":true,"campfire_choices":[{"data":"MasterSpark","floor":6,"key":"SMITH"},{"data":"AsteroidBelt","floor":10,"key":"SMITH"},{"floor":15,"key":"REST"},{"data":"MaximisePower","floor":23,"key":"SMITH"},{"floor":32,"key":"REST"}],"circlet_count":0,"master_deck":["AscendersBane","BottledTime+1","Strike_MRS","Strike_MRS","Strike_MRS","Defend_MRS","Defend_MRS","Defend_MRS+1","Defend_MRS+1","MasterSpark+1","UpSweep","GalacticHalo+1","AsteroidBelt+1","Parasite","Parasite","RefractionSpark","RefractionSpark","GalacticHalo","ChargingUp+1","Sanctity","RitualDagger","GalacticHalo","Pot Of Greed","Pot Of Greed","EnergyRecoil","Pot Of Greed","OneTimeOff","TreasureHunter","DoubleSpark","DoubleSpark","Singularity","OpenUniverse+1"],"relics":["MiniHakkero","infinitespire:Joker Card","Replay:Baseball","hubris:DeckOfHolding","ShroomBag","Replay:Bottled Flurry","conspire:DeflatedDodgeball","War Paint","conspire:SpecialSausage","Red Mask","ReplayTheSpireMod:Ninjato","Counterbalance","Grinning Jar","Omamori","conspire:SlowCooker","Pear"],"acts_visited":["Exordium","TheCity","TheBeyond"],"potions_floor_usage":[16,16,19,24,30,31,37,40,40],"damage_taken":[{"damage":6,"enemies":"conspire:RoseBush","floor":1,"turns":3},{"damage":0,"enemies":"Small Slimes","floor":3,"turns":3},{"damage":0,"enemies":"conspire:MimicChest","floor":4,"turns":5},{"damage":0,"enemies":"Replay:BlueRogue","floor":8,"turns":5},{"damage":7,"enemies":"Jaw Worm","floor":11,"turns":4},{"damage":0,"enemies":"Large Slime","floor":12,"turns":5},{"damage":19,"enemies":"3 Sentries","floor":13,"turns":8},{"damage":21,"enemies":"The Guardian","floor":16,"turns":11},{"damage":9,"enemies":"Spheric Guardian","floor":18,"turns":6},{"damage":18,"enemies":"3 Byrds","floor":19,"turns":9},{"damage":7,"enemies":"Masked Bandits","floor":24,"turns":6},{"damage":5,"enemies":"conspire:HollyBat","floor":27,"turns":7},{"damage":0,"enemies":"Snecko","floor":29,"turns":7},{"damage":15,"enemies":"Slavers","floor":30,"turns":8},{"damage":6,"enemies":"Shelled Parasite and Fungi","floor":31,"turns":10},{"damage":0,"enemies":"Champ","floor":33,"turns":8},{"damage":16,"enemies":"3 Darklings","floor":35,"turns":5},{"damage":16,"enemies":"3 Shapes","floor":37,"turns":4},{"damage":41,"enemies":"Reptomancer","floor":40,"turns":4},{"damage":26,"enemies":"Writhing Mass","floor":41,"turns":2}],"seed_played":"4048610285633647757","potions_obtained":[{"floor":8,"key":"ColorlessPotion"},{"floor":13,"key":"Explosive Potion"},{"floor":16,"key":"Adrenaline Potion"},{"floor":18,"key":"SpeedPotion"},{"floor":24,"key":"BlessingOfTheForge"},{"floor":31,"key":"LiquidBronze"},{"floor":35,"key":"SkillPotion"},{"floor":37,"key":"Flashbang"}],"is_trial":false,"path_per_floor":["M","?","M","?","T","R","$","E","T","R","M","M","E","?","R","B",null,"M","M","?","?","$","R","?","AVR","T","M","$","M","E","M","R","B",null,"M","?","M","?","$","E","M"],"character_chosen":"MARISA","items_purchased":["ShroomBag","infinitespire:BlackPotion","Grinning Jar","Singularity","DistilledChaos"],"campfire_rested":2,"item_purchase_floors":[7,22,28,39,39],"current_hp_per_floor":[39,39,39,39,39,39,39,45,45,45,42,46,31,20,41,24,59,54,40,40,34,34,34,31,31,31,32,32,36,25,23,44,48,65,53,53,43,39,39,14,0,0],"gold":56,"neow_bonus":"ONE_RARE_RELIC","is_daily":false,"chose_seed":false,"campfire_upgraded":3,"win_rate":0.0,"timestamp":1609467869,"path_taken":["M","?","M","?","?","R","$","E","T","R","M","M","E","?","R","BOSS","M","M","?","?","$","R","?","AVR","T","M","$","M","E","M","R","BOSS","M","?","?","?","$","E","M"],"items_purchased_type":["Relic","Potion","Relic","Card","Potion"],"build_version":"2020-12-22","purchased_purges":2,"victory":false,"max_hp_per_floor":[70,70,70,70,70,70,70,70,70,70,70,70,70,70,70,70,70,70,70,70,70,70,70,70,70,70,70,70,70,70,70,70,70,70,70,70,70,70,70,80,80,80],"card_choices":[{"not_picked":["MilkyWay","SporeBomb"],"picked":"GalacticHalo","floor":1},{"not_picked":["MysteriousBeam","SporeBomb"],"picked":"AsteroidBelt","floor":3},{"not_picked":["SatelliteIllusion","Acceleration","GrandCross"],"picked":"SKIP","floor":8},{"not_picked":["Acceleration","SporeBomb"],"picked":"RefractionSpark","floor":11},{"not_picked":["AsteroidBelt","ShootingEcho","OpenUniverse"],"picked":"SKIP","floor":12},{"not_picked":["Occultation","AsteroidBelt"],"picked":"RefractionSpark","floor":13},{"not_picked":["StarDustReverie","BlazingStar"],"picked":"MaximisePower","floor":16},{"not_picked":["SuperPerseids","PulseMagic"],"picked":"GalacticHalo","floor":18},{"not_picked":["FairyDestructionRay","PowerUp"],"picked":"ChargingUp+1","floor":19},{"not_picked":["SuperPerseids+1","DC"],"picked":"GalacticHalo","floor":27},{"not_picked":["WitchLeyline","DC","SprinkleStarSeal"],"picked":"SKIP","floor":29},{"not_picked":["DC","DarkSpark+1"],"picked":"EnergyRecoil","floor":30},{"not_picked":["AsteroidBelt","OrrerysSun"],"picked":"OneTimeOff","floor":31},{"not_picked":["BigCrunch","SuperNova"],"picked":"TreasureHunter","floor":33},{"not_picked":["SporeBomb+1","SuperPerseids"],"picked":"DoubleSpark","floor":35},{"not_picked":["6A","Occultation"],"picked":"DoubleSpark","floor":37},{"not_picked":["GasGiant+1","LuminesStrike+1"],"picked":"OpenUniverse+1","floor":40}],"player_experience":1074577,"relics_obtained":[{"floor":4,"key":"Replay:Baseball"},{"floor":5,"key":"hubris:DeckOfHolding"},{"floor":8,"key":"Replay:Bottled Flurry"},{"floor":9,"key":"conspire:DeflatedDodgeball"},{"floor":13,"key":"War Paint"},{"floor":24,"key":"Red Mask"},{"floor":26,"key":"Counterbalance"},{"floor":30,"key":"Omamori"},{"floor":40,"key":"Pear"}],"event_choices":[{"damage_healed":0,"gold_gain":75,"player_choice":"Gold","damage_taken":11,"max_hp_gain":0,"max_hp_loss":0,"event_name":"betterThird:BetterGoop","floor":14,"gold_loss":0},{"damage_healed":0,"gold_gain":0,"player_choice":"Read","damage_taken":0,"max_hp_gain":0,"max_hp_loss":0,"event_name":"The Library","floor":20,"gold_loss":0,"cards_obtained":["Sanctity"]},{"damage_healed":0,"gold_gain":0,"player_choice":"Dagger","damage_taken":6,"max_hp_gain":0,"max_hp_loss":0,"event_name":"betterThird:BetterNest","floor":21,"gold_loss":0,"cards_obtained":["RitualDagger"]},{"damage_healed":0,"gold_gain":0,"player_choice":"Fought Bandits","damage_taken":0,"max_hp_gain":0,"max_hp_loss":0,"event_name":"Masked Bandits","floor":24,"gold_loss":0},{"damage_healed":0,"gold_gain":0,"player_choice":"Ignored","damage_taken":0,"max_hp_gain":0,"max_hp_loss":0,"event_name":"Fountain of Cleansing","floor":36,"gold_loss":0},{"damage_healed":0,"gold_gain":0,"player_choice":"Leave","damage_taken":0,"max_hp_gain":0,"max_hp_loss":0,"event_name":"conspire:Investor","floor":38,"gold_loss":0}],"is_beta":false,"boss_relics":[{"not_picked":["hubris:Stopwatch","Empty Cage"],"picked":"conspire:SpecialSausage"},{"not_picked":["Tiny House","hubris:BlackHole"],"picked":"conspire:SlowCooker"}],"items_purged_floors":[25,39],"is_endless":false,"potions_floor_spawned":[8,13,16,18,24,27,31,35,37],"killed_by":"Writhing Mass","ascension_level":15}}