{"host":"yrg76c7uz5ttoxj0","time":1609504789,"event":{"mods":["2.2 Compatiblity","AchievementEnabler","BaseMod","Colored Map","DeckTracker","Highlight Path","Minty Spire (QoL Compilation)","Permanent Neow","Random Character Button","Rare Cards Sparkle","StSLib","SuperFastMode"],"gold_per_floor":[119,131,146,158,3,35,35,35,35,66,66,66,66,42,42,42,42],"floor_reached":16,"playtime":532,"items_purged":[],"score":146,"play_id":"ce441c8c-8b3c-4315-974f-444571ea1ca0","local_time":"20210101133949","is_ascension_mode":true,"campfire_choices":[{"data":"Streamline","floor":8,"key":"SMITH"},{"data":"Dualcast","floor":11,"key":"SMITH"},{"floor":15,"key":"REST"}],"circlet_count":0,"master_deck":["Strike_B","Strike_B","Strike_B","Defend_B","Defend_B","Defend_B","Defend_B","Zap","Dualcast+1","Streamline+1","BootSequence","Steam"],"relics":["SlaversCollar","Akabeko","Nunchaku","InkBottle","Gremlin Horn","Golden Idol"],"acts_visited":["Exordium"],"potions_floor_usage":[6],"damage_taken":[{"damage":11,"enemies":"Cultist","floor":1,"turns":4},{"damage":3,"enemies":"2 Louse","floor":2,"turns":4},{"damage":10,"enemies":"Small Slimes","floor":3,"turns":3},{"damage":5,"enemies":"2 Fungi Beasts","floor":4,"turns":3},{"damage":5,"enemies":"Gremlin Nob","floor":6,"turns":3},{"damage":5,"enemies":"3 Sentries","floor":10,"turns":6},{"damage":36,"enemies":"The Guardian","floor":16,"turns":9}],"seed_played":"2150569485439439985","potions_obtained":[{"floor":4,"key":"LiquidMemories"}],"is_trial":false,"path_per_floor":["M","M","M","M","$","E","?","R","T","E","R","$","?","$","R","B"],"character_chosen":"DEFECT","items_purchased":["Akabeko","Steam"],"campfire_rested":1,"item_purchase_floors":[5,14],"current_hp_per_floor":[57,54,44,39,39,34,34,34,34,29,29,29,11,11,33,0,0],"gold":42,"neow_bonus":"BOSS_RELIC","is_daily":false,"chose_seed":false,"campfire_upgraded":2,"win_rate":0.0,"timestamp":1609504789,"path_taken":["M","M","?","?","$","E","?","R","T","E","R","?","?","$","R","BOSS"],"items_purchased_type":["Relic","Card"],"build_version":"2020-12-22","purchased_purges":0,"victory":false,"max_hp_per_floor":[75,75,75,75,75,75,75,75,75,75,75,75,75,75,75,75,75],"card_choices":[{"not_picked":["Redo","Stack"],"picked":"Streamline","floor":1},{"not_picked":["Glacier","Conserve Battery","Stack"],"picked":"SKIP","floor":2},{"not_picked":["Hologram","Reprogram"],"picked":"BootSequence","floor":3},{"not_picked":["Stack","Compile Driver","Rebound"],"picked":"SKIP","floor":4},{"not_picked":["Recycle","BootSequence","Ball Lightning"],"picked":"SKIP","floor":6},{"not_picked":["Barrage","Thunder Strike","Melter"],"picked":"SKIP","floor":10}],"player_experience":367813,"relics_obtained":[{"floor":6,"key":"Nunchaku"},{"floor":9,"key":"InkBottle"},{"floor":10,"key":"Gremlin Horn"}],"event_choices":[{"cards_removed":["Strike_B"],"damage_healed":0,"gold_gain":0,"player_choice":"Offered Basic","damage_taken":0,"max_hp_gain":0,"max_hp_loss":0,"event_name":"Bonfire Elementals","floor":7,"gold_loss":0},{"damage_healed":0,"gold_gain":0,"player_choice":"Take Damage","damage_taken":18,"relics_obtained":["Golden Idol"],"max_hp_gain":0,"max_hp_loss":0,"event_name":"Golden Idol","floor":13,"gold_loss":0}],"is_beta":false,"boss_relics":[],"items_purged_floors":[],"is_endless":false,"potions_floor_spawned":[4],"killed_by":"The Guardian","ascension_level":7}}