{"host":"w2kjv12xyhtt0cv2","time":1609518761,"event":{"mods":["Act Like it!","BaseMod","Colored Map","Friendly Minions","Gensokyo","Highlight Path","Hubris","Kiyohime（清姬）","Marisa（F雨　魔理沙）","Minty Spire (QoL Compilation)","Quick Restart","Reimu（博丽灵梦）","Relic Stats","Replay The Spire","RumiaBox-露米娅的神秘盒子","Shop Mod","Spicy Shops","StSLib","The Cursed","The Servant 0.9.4","UnlockEverythingMod","Waifu the Spire","[功能]功能增强和修复MOD","vexMod","【功能Mod】Neow奖励","【遗物卡牌】REMEMod","没有小屋子和绿帽子啦"],"gold_per_floor":[115,115,133,144,5,33,33,44,90,121,133,167,167,117,117,216,216,232,232,249,249,249,282,294,157,157,157,173,173,198,57,57,153,153,172,172,172,0,0,0,28,28,54,82,82,82,82,82],"floor_reached":47,"playtime":3375,"items_purged":["TheCursedMod:Strike_TheCursed"],"score":1110,"play_id":"7711aaab-6451-43b3-986d-9d4252529619","local_time":"20210102003241","is_ascension_mode":false,"campfire_choices":[{"data":"Apotheosis","floor":13.0,"key":"SMITH"},{"data":"TheCursedMod:LuckyCharm","floor":15.0,"key":"SMITH"},{"data":"TheCursedMod:CursedSpellbook","floor":27.0,"key":"SMITH"},{"data":"TheCursedMod:LuckyCharm","floor":32.0,"key":"SMITH"},{"floor":40,"key":"RECALL"},{"data":"TheCursedMod:NeowsMight","floor":42,"key":"SMITH"},{"data":"TheCursedMod:NeowsMight","floor":46,"key":"SMITH"}],"circlet_count":0,"master_deck":["TheCursedMod:Defend_TheCursed","TheCursedMod:Defend_TheCursed","TheCursedMod:Defend_TheCursed","TheCursedMod:Defend_TheCursed","TheCursedMod:CursedWand","TheCursedMod:CleanUpWorkshop","Apotheosis+1","TheCursedMod:NeowsMight+1","TheCursedMod:CursedSpellbook+1","TheCursedMod:RapidMovement","TheCursedMod:Stigma","TheCursedMod:CircleOfAbyss","TheCursedMod:SpitefulPray","TheCursedMod:LuckyCharm+1","TheCursedMod:SpitefulStrike","TheCursedMod:ParallelWorld","TheCursedMod:DemonSword","TheCursedMod:Stigma+1","TheCursedMod:EmpowerCircles","TheCursedMod:CursedWand","TheCursedMod:CursedArmor+1","TheCursedMod:HellsGateOpen","TheCursedMod:BloodBarrier","TheCursedMod:WearCloak","TheCursedMod:SmokeScreen+1","TheCursedMod:CircleOfFlame+1","TheCursedMod:NeowsMight+1","TheCursedMod:CircleOfCorruption+1","TheCursedMod:VitalStrike+1","TheCursedMod:LuckyCharm+1","TheCursedMod:NeowsMight","TheCursedMod:CircleOfCorruption+1","Looming Evil","TheCursedMod:HellsGateOpen","TheCursedMod:CircleOfCorruption+1","TheCursedMod:Stigma+1"],"relics":["TheCursedMod:BlackMagic101","REME_ComplimentaryCards","vexMod:Cooldron","Mummified Hand","FaceOfCleric","Bag of Marbles","Darkstone Periapt","Ccalipers","vexMod:NewClearReactor","ReplayFunnel","Orrery","Shuriken","Molten Egg 2","RuthlessExorcism:ReiMu","SoulBox","Dead Branch","Ring of Searing","ReplayTheSpireMod:Ring of Addiction","hubris:EmptyBottle","Toy Ornithopter","Pen Nib","PreservedInsect","ReplayTheSpireMod:Lightbulb"],"acts_visited":["Exordium","TheCity","Gensokyo:Gensokyoest"],"potions_floor_usage":[41,41,41,41,44,44,44,44,44,44,44,44,44,44,44,44,47,47,47,47,47,47,47,47,47,47,47,47,47,47,47,47],"damage_taken":[{"damage":0.0,"enemies":"Jaw Worm","floor":1.0,"turns":3.0},{"damage":0.0,"enemies":"Cultist","floor":3.0,"turns":2.0},{"damage":0.0,"enemies":"2 Louse","floor":4.0,"turns":2.0},{"damage":12.0,"enemies":"3 Sentries","floor":6.0,"turns":8.0},{"damage":3.0,"enemies":"Gremlin Gang","floor":8.0,"turns":7.0},{"damage":0.0,"enemies":"Lagavulin","floor":10.0,"turns":7.0},{"damage":0.0,"enemies":"Lots of Slimes","floor":11.0,"turns":3.0},{"damage":0.0,"enemies":"Gremlin Nob","floor":12.0,"turns":3.0},{"damage":0.0,"enemies":"Hexaghost","floor":16.0,"turns":9.0},{"damage":0.0,"enemies":"3 Byrds","floor":18.0,"turns":6.0},{"damage":0.0,"enemies":"Shell Parasite","floor":20.0,"turns":2.0},{"damage":13.0,"enemies":"Gremlin Leader","floor":23.0,"turns":6.0},{"damage":0.0,"enemies":"3 Cultists","floor":24.0,"turns":5.0},{"damage":0.0,"enemies":"Chosen and Byrds","floor":28.0,"turns":3.0},{"damage":0.0,"enemies":"REME_1_Revenger","floor":30.0,"turns":3.0},{"damage":3.0,"enemies":"Pondfish","floor":33.0,"turns":8.0},{"damage":0.0,"enemies":"Gensokyo:3_Boulders","floor":35.0,"turns":5.0},{"damage":10,"enemies":"Gensokyo:Kasen","floor":41,"turns":2},{"damage":0,"enemies":"Gensokyo:Doremy","floor":44,"turns":1},{"damage":109,"enemies":"hubris:Merchant","floor":47,"turns":6}],"seed_played":"2020957849470636937","potions_obtained":[{"floor":3.0,"key":"Elixir"},{"floor":4.0,"key":"SteroidPotion"},{"floor":10.0,"key":"EntropicBrew"},{"floor":12.0,"key":"EntropicBrew"},{"floor":16.0,"key":"EntropicBrew"},{"floor":18.0,"key":"EntropicBrew"},{"floor":24.0,"key":"EntropicBrew"},{"floor":30.0,"key":"EntropicBrew"},{"floor":37.0,"key":"EntropicBrew"},{"floor":37.0,"key":"EntropicBrew"},{"floor":37.0,"key":"EntropicBrew"},{"floor":41,"key":"EntropicBrew"},{"floor":44,"key":"EntropicBrew"}],"is_trial":false,"path_per_floor":["M","?","M","M","$","E","?","M","T","E","M","E","R","?","R","B",null,"M","?","M","?","?","E","M","$","T","R","M","T","E","$","R","B",null,"M","?","?","$","?","R","E","R","T","E","?","R","$"],"character_chosen":"THE_CURSED","items_purchased":["vexMod:Cooldron","Orrery","TheCursedMod:LuckyCharm","Pen Nib","TheCursedMod:HellsGateOpen"],"campfire_rested":0,"item_purchase_floors":[5,25,31,38,38],"current_hp_per_floor":[68,68,68,68,68,56,56,54,54,55,56,57,57,57,57,58,73,74,74,75,75,61,49,50,50,50,50,51,51,52,52,52,50,85,86,52,58,58,67,67,78,78,78,94,94,94,0,0],"gold":82,"neow_bonus":"THREE_RARE_CARDS","is_daily":false,"chose_seed":false,"campfire_upgraded":6,"win_rate":0.0,"timestamp":1609518761,"path_taken":["M","?","?","M","$","E","?","?","T","E","?","E","R","?","R","BOSS","M","?","?","?","?","E","M","?","T","R","?","?","E","$","R","BOSS","M","?","?","$","?","R","E","R","T","E","?","R","$"],"items_purchased_type":["Relic","Relic","Card","Relic","Card"],"build_version":"2020-12-22","purchased_purges":1,"victory":false,"max_hp_per_floor":[68,68,68,68,68,68,68,69,69,70,71,72,72,72,72,73,73,74,74,75,75,80,81,82,82,82,82,83,83,84,84,84,85,85,86,86,92,92,92,92,93,93,93,94,94,94,94,94],"relic_stats":{"Darkstone Periapt":6,"FaceOfCleric":15,"counters":[20,91],"Mummified Hand":[26],"Shuriken":[12],"Dead Branch":[28],"Pen Nib":[1],"PreservedInsect":63,"obtain_stats":[{"Darkstone Periapt":10,"ReplayFunnel":23,"TheCursedMod:BlackMagic101":0,"Dead Branch":36,"ReplayTheSpireMod:Ring of Addiction":37,"SoulBox":34,"Pen Nib":38,"PreservedInsect":41,"hubris:EmptyBottle":37,"Ring of Searing":37,"vexMod:Cooldron":5,"FaceOfCleric":7,"Mummified Hand":6,"Ccalipers":12,"Shuriken":26,"Orrery":25,"Molten Egg 2":29,"Bag of Marbles":9,"vexMod:NewClearReactor":17,"ReplayTheSpireMod:Lightbulb":44,"Toy Ornithopter":37,"REME_ComplimentaryCards":0,"RuthlessExorcism:ReiMu":30},{"Darkstone Periapt":6,"ReplayFunnel":12,"TheCursedMod:BlackMagic101":0,"Dead Branch":17,"ReplayTheSpireMod:Ring of Addiction":17,"SoulBox":16,"Pen Nib":17,"PreservedInsect":18,"hubris:EmptyBottle":17,"Ring of Searing":17,"vexMod:Cooldron":3,"FaceOfCleric":4,"Mummified Hand":4,"Ccalipers":8,"Shuriken":13,"Orrery":13,"Molten Egg 2":14,"Bag of Marbles":5,"vexMod:NewClearReactor":9,"ReplayTheSpireMod:Lightbulb":19,"Toy Ornithopter":17,"REME_ComplimentaryCards":0,"RuthlessExorcism:ReiMu":15},{"Darkstone Periapt":29,"ReplayFunnel":58,"TheCursedMod:BlackMagic101":0,"Dead Branch":82,"ReplayTheSpireMod:Ring of Addiction":82,"SoulBox":77,"Pen Nib":82,"PreservedInsect":84,"hubris:EmptyBottle":82,"Ring of Searing":82,"vexMod:Cooldron":7,"FaceOfCleric":15,"Mummified Hand":15,"Ccalipers":35,"Shuriken":63,"Orrery":63,"Molten Egg 2":66,"Bag of Marbles":22,"vexMod:NewClearReactor":44,"ReplayTheSpireMod:Lightbulb":85,"Toy Ornithopter":82,"REME_ComplimentaryCards":0,"RuthlessExorcism:ReiMu":69}],"Toy Ornithopter":50},"card_choices":[{"not_picked":["TheCursedMod:ParallelWorld","TheCursedMod:ShockAndAwe"],"picked":"TheCursedMod:NeowsMight","floor":0.0},{"not_picked":["TheCursedMod:Wield","TheCursedMod:SpitefulStrike"],"picked":"TheCursedMod:CursedSpellbook","floor":1.0},{"not_picked":["TheCursedMod:VitalStrike","TheCursedMod:SoulReap"],"picked":"TheCursedMod:RapidMovement","floor":3.0},{"not_picked":["TheCursedMod:SpitefulStrike","TheCursedMod:CircleOfFlame"],"picked":"TheCursedMod:Stigma","floor":4.0},{"not_picked":["TheCursedMod:CircleOfWindfury","TheCursedMod:AshesToAshes"],"picked":"TheCursedMod:CircleOfAbyss","floor":6.0},{"not_picked":["TheCursedMod:CursedAmulet","TheCursedMod:DoubleShield"],"picked":"TheCursedMod:SpitefulPray","floor":8.0},{"not_picked":["TheCursedMod:SpitefulStrike","TheCursedMod:Grudge"],"picked":"TheCursedMod:LuckyCharm","floor":10.0},{"not_picked":["TheCursedMod:Torture","TheCursedMod:Wield"],"picked":"TheCursedMod:SpitefulStrike","floor":11.0},{"not_picked":["TheCursedMod:SpitefulStrike","TheCursedMod:SpreadPlague"],"picked":"TheCursedMod:ParallelWorld","floor":12.0},{"not_picked":["TheCursedMod:AntiAging","TheCursedMod:Neurasthenia"],"picked":"TheCursedMod:DemonSword","floor":16.0},{"not_picked":["TheCursedMod:CursedBlade","TheCursedMod:SpitefulStrike"],"picked":"TheCursedMod:Stigma+1","floor":18.0},{"not_picked":["TheCursedMod:SmokeScreen","TheCursedMod:CursedShiv"],"picked":"TheCursedMod:CursedArmor+1","floor":20.0},{"not_picked":["TheCursedMod:ReleasedKnowledge","TheCursedMod:CursedShiv"],"picked":"TheCursedMod:BloodBarrier","floor":23.0},{"not_picked":["TheCursedMod:Stretching","TheCursedMod:SmokeScreen"],"picked":"TheCursedMod:WearCloak","floor":24.0},{"not_picked":["TheCursedMod:SurpriseAttack","TheCursedMod:CursedShiv"],"picked":"TheCursedMod:SmokeScreen+1","floor":25.0},{"not_picked":["TheCursedMod:StingEye","TheCursedMod:BlessingInDisguise"],"picked":"TheCursedMod:CircleOfFlame+1","floor":25.0},{"not_picked":["TheCursedMod:Grudge","TheCursedMod:Torture"],"picked":"TheCursedMod:NeowsMight","floor":25.0},{"not_picked":["TheCursedMod:RavingStaff","TheCursedMod:CircleOfFlame"],"picked":"TheCursedMod:Grudge+1","floor":25.0},{"not_picked":["TheCursedMod:SurpriseAttack","TheCursedMod:SoulCrush"],"picked":"TheCursedMod:CircleOfCorruption+1","floor":28.0},{"not_picked":["TheCursedMod:FleshFromBone","TheCursedMod:DoubleShield"],"picked":"TheCursedMod:VitalStrike+1","floor":30.0},{"not_picked":["TheCursedMod:DemonSword+1","TheCursedMod:StunningStrike+1"],"picked":"TheCursedMod:NeowsMight","floor":33.0},{"not_picked":["TheCursedMod:BloodBarrier+1","TheCursedMod:SpitefulStrike+1"],"picked":"TheCursedMod:CircleOfCorruption+1","floor":35.0},{"not_picked":["TheCursedMod:DoubleShield+1","TheCursedMod:Stigma+1"],"picked":"TheCursedMod:CircleOfCorruption+1","floor":41},{"not_picked":["TheCursedMod:SpitefulPlan","TheCursedMod:FleshFromBone+1"],"picked":"TheCursedMod:Stigma+1","floor":44}],"player_experience":89708,"relics_obtained":[{"floor":6.0,"key":"Mummified Hand"},{"floor":9.0,"key":"Bag of Marbles"},{"floor":10.0,"key":"Darkstone Periapt"},{"floor":12.0,"key":"Ccalipers"},{"floor":23.0,"key":"ReplayFunnel"},{"floor":26.0,"key":"Shuriken"},{"floor":29.0,"key":"Molten Egg 2"},{"floor":30.0,"key":"RuthlessExorcism:ReiMu"},{"floor":37.0,"key":"Ring of Searing"},{"floor":37.0,"key":"ReplayTheSpireMod:Ring of Addiction"},{"floor":37.0,"key":"hubris:EmptyBottle"},{"floor":37.0,"key":"Toy Ornithopter"},{"floor":41,"key":"PreservedInsect"},{"floor":44,"key":"ReplayTheSpireMod:Lightbulb"}],"event_choices":[{"cards_removed":["TheCursedMod:Dregs"],"damage_healed":0.0,"max_hp_gain":0.0,"max_hp_loss":0.0,"gold_gain":0.0,"event_name":"Purifier","player_choice":"Purged","floor":2.0,"gold_loss":0.0,"damage_taken":0.0},{"damage_healed":0.0,"max_hp_gain":0.0,"max_hp_loss":0.0,"gold_gain":0.0,"event_name":"FaceTrader","player_choice":"Trade","floor":7.0,"gold_loss":0.0,"damage_taken":0.0,"relics_obtained":["FaceOfCleric"]},{"cards_removed":["TheCursedMod:Strike_TheCursed"],"damage_healed":0.0,"max_hp_gain":0.0,"max_hp_loss":0.0,"gold_gain":0.0,"event_name":"The Cleric","player_choice":"Card Removal","floor":14.0,"gold_loss":50.0,"damage_taken":0.0},{"damage_healed":0.0,"max_hp_gain":0.0,"max_hp_loss":0.0,"gold_gain":0.0,"event_name":"Match and Keep!","player_choice":"2 cards matched","floor":19.0,"gold_loss":0.0,"damage_taken":0.0,"cards_obtained":["TheCursedMod:EmpowerCircles","TheCursedMod:CursedWand"]},{"damage_healed":0.0,"max_hp_gain":0.0,"max_hp_loss":0.0,"gold_gain":0.0,"event_name":"The Library","player_choice":"Read","floor":21.0,"gold_loss":0.0,"damage_taken":0.0,"cards_obtained":["TheCursedMod:HellsGateOpen"]},{"damage_healed":0.0,"max_hp_gain":5.0,"max_hp_loss":0.0,"gold_gain":0.0,"event_name":"Forgotten Altar","player_choice":"Shed Blood","floor":22.0,"gold_loss":0.0,"damage_taken":19.0}],"is_beta":false,"boss_relics":[{"not_picked":["REME_DuelDisc","TheCursedMod:BlackMagicAdvanced"],"picked":"vexMod:NewClearReactor"},{"not_picked":["Empty Cage","Sozu"],"picked":"SoulBox"}],"items_purged_floors":[31],"is_endless":false,"potions_floor_spawned":[3,4,10,12,16,18,24,30,41,44],"killed_by":"hubris:Merchant","ascension_level":0}}