{"host":"axuns55dzq466eei","time":1609488584,"event":{"mods":["BaseMod","Colored Map","Keyboard Shortcuts","Minty Spire (QoL Compilation)","StSLib","SuperFastMode"],"gold_per_floor":[118,268,22,22,42,42,55,55,79,79,113,113,126,141,141,220,220,235,252,266,97,114,114,145,145,169,184,184,194,109,124,124,201,201,219,59,59,59,73,104,104,119,119,132,132,157,177,194,194,194,194],"floor_reached":50,"playtime":1091,"items_purged":["Strike_G"],"score":1102,"play_id":"90ecc167-a6a8-4df7-886c-711d94ef1c84","local_time":"20210101170944","is_ascension_mode":true,"campfire_choices":[{"data":"Cloak And Dagger","floor":6.0,"key":"SMITH"},{"data":"Accuracy","floor":8.0,"key":"SMITH"},{"data":"Blade Dance","floor":10.0,"key":"SMITH"},{"floor":15.0,"key":"REST"},{"data":"Accuracy","floor":23.0,"key":"SMITH"},{"data":"Blade Dance","floor":25.0,"key":"SMITH"},{"floor":28.0,"key":"REST"},{"data":"Acrobatics","floor":32.0,"key":"SMITH"},{"data":"Adrenaline","floor":41.0,"key":"SMITH"},{"floor":45.0,"key":"REST"},{"data":"Tactician","floor":49.0,"key":"SMITH"}],"circlet_count":0,"master_deck":["AscendersBane","Strike_G","Defend_G","Defend_G","Defend_G","Defend_G","Survivor","Neutralize","Accuracy+1","Blade Dance+1","Cloak And Dagger+1","Acrobatics+1","Footwork+1","Infinite Blades","Blade Dance+1","Accuracy+1","Adrenaline+1","Blur","Phantasmal Killer+1","Storm of Steel+1","Heel Hook+1","Wraith Form v2+1","PiercingWail+1","Blur","Reflex","Escape Plan","Tactician+1"],"relics":["Ring of the Snake","Orrery","Toy Ornithopter","Blue Candle","WristBlade","ClockworkSouvenir","Bottled Tornado","Bronze Scales","Gambling Chip","Astrolabe","TheAbacus","Dream Catcher","Mercury Hourglass"],"acts_visited":["Exordium","TheCity","TheBeyond"],"potions_floor_usage":[50,50],"damage_taken":[{"damage":2.0,"enemies":"2 Louse","floor":1.0,"turns":4.0},{"damage":3.0,"enemies":"Small Slimes","floor":5.0,"turns":4.0},{"damage":0.0,"enemies":"Cultist","floor":7.0,"turns":3.0},{"damage":50.0,"enemies":"Gremlin Nob","floor":11.0,"turns":5.0},{"damage":5.0,"enemies":"Gremlin Gang","floor":13.0,"turns":4.0},{"damage":9.0,"enemies":"Exordium Wildlife","floor":14.0,"turns":3.0},{"damage":19.0,"enemies":"The Guardian","floor":16.0,"turns":9.0},{"damage":0.0,"enemies":"2 Thieves","floor":18.0,"turns":2.0},{"damage":6.0,"enemies":"Shell Parasite","floor":19.0,"turns":2.0},{"damage":0.0,"enemies":"Cultist and Chosen","floor":20.0,"turns":2.0},{"damage":16.0,"enemies":"Snake Plant","floor":22.0,"turns":5.0},{"damage":18.0,"enemies":"Book of Stabbing","floor":24.0,"turns":3.0},{"damage":13.0,"enemies":"Centurion and Healer","floor":27.0,"turns":3.0},{"damage":0.0,"enemies":"Sentry and Sphere","floor":29.0,"turns":3.0},{"damage":0.0,"enemies":"3 Cultists","floor":31.0,"turns":3.0},{"damage":16.0,"enemies":"Automaton","floor":33.0,"turns":5.0},{"damage":5.0,"enemies":"Orb Walker","floor":35.0,"turns":2.0},{"damage":0.0,"enemies":"3 Darklings","floor":39.0,"turns":2.0},{"damage":22.0,"enemies":"Reptomancer","floor":40.0,"turns":4.0},{"damage":23.0,"enemies":"Jaw Worm Horde","floor":42.0,"turns":4.0},{"damage":16.0,"enemies":"Maw","floor":44.0,"turns":3.0},{"damage":0.0,"enemies":"Nemesis","floor":46.0,"turns":3.0},{"damage":0.0,"enemies":"Spire Growth","floor":47.0,"turns":2.0},{"damage":3.0,"enemies":"Transient","floor":48.0,"turns":6.0},{"damage":42,"enemies":"Awakened One","floor":50,"turns":9}],"seed_played":"6863824908639929098","potions_obtained":[{"floor":1.0,"key":"Fruit Juice"},{"floor":7.0,"key":"SneckoOil"},{"floor":13.0,"key":"LiquidBronze"},{"floor":19.0,"key":"CunningPotion"},{"floor":20.0,"key":"Fire Potion"},{"floor":27.0,"key":"Fruit Juice"},{"floor":31.0,"key":"LiquidBronze"},{"floor":35.0,"key":"EntropicBrew"},{"floor":39.0,"key":"AttackPotion"}],"is_trial":false,"path_per_floor":["M","?","$","?","M","R","M","R","T","R","E","?","M","M","R","B",null,"M","M","M","$","M","R","E","R","T","M","R","M","?","M","R","B",null,"M","$","?","$","M","E","R","M","T","M","R","E","M","M","R","B"],"character_chosen":"THE_SILENT","items_purchased":["Orrery","ClockworkSouvenir","TheAbacus"],"campfire_rested":3,"item_purchase_floors":[3,21,36],"current_hp_per_floor":[57,57,57,50,47,47,47,47,47,47,7,7,7,3,24,5,55,55,49,54,54,38,38,20,20,20,12,33,33,33,33,33,22,59,54,54,54,54,64,52,52,29,29,13,35,35,35,32,32,0,0],"gold":194,"neow_bonus":"REMOVE_CARD","is_daily":false,"chose_seed":false,"campfire_upgraded":8,"win_rate":0.0,"timestamp":1609488584,"path_taken":["M","?","$","?","M","R","M","R","T","R","E","?","M","M","R","BOSS","M","M","?","$","?","R","E","R","T","M","R","M","?","M","R","BOSS","M","$","?","?","M","E","R","M","T","M","R","E","M","M","R","BOSS"],"items_purchased_type":["Relic","Relic","Relic"],"build_version":"2020-12-22","purchased_purges":1,"victory":false,"max_hp_per_floor":[66,66,66,66,66,66,66,66,66,66,71,71,71,71,71,71,71,71,71,71,71,71,71,71,71,71,71,71,71,71,71,71,71,71,71,71,71,71,76,76,76,76,76,76,76,76,76,76,76,76,76],"card_choices":[{"not_picked":["Riddle With Holes","Dagger Throw"],"picked":"Accuracy","floor":1.0},{"not_picked":["Backflip","Venomology"],"picked":"Blade Dance","floor":3.0},{"not_picked":["Deflect","Underhanded Strike"],"picked":"Cloak And Dagger","floor":3.0},{"not_picked":["Cloak And Dagger","Dagger Throw"],"picked":"Acrobatics","floor":3.0},{"not_picked":["Bouncing Flask","Deflect"],"picked":"Footwork","floor":3.0},{"not_picked":["Deflect","Setup","Bane"],"picked":"SKIP","floor":5.0},{"not_picked":["Footwork","Dagger Spray"],"picked":"Infinite Blades","floor":7.0},{"not_picked":["Flying Knee","Slice","Distraction"],"picked":"SKIP","floor":11.0},{"not_picked":["Concentrate","Deadly Poison"],"picked":"Blade Dance","floor":13.0},{"not_picked":["Cloak And Dagger","Sucker Punch"],"picked":"Accuracy","floor":14.0},{"not_picked":["A Thousand Cuts","Phantasmal Killer"],"picked":"Adrenaline","floor":16.0},{"not_picked":["Choke","Prepared","Bouncing Flask"],"picked":"SKIP","floor":18.0},{"not_picked":["Underhanded Strike","Predator+1","Outmaneuver"],"picked":"SKIP","floor":19.0},{"not_picked":["Flying Knee+1","Slice","Acrobatics"],"picked":"SKIP","floor":20.0},{"not_picked":["Deadly Poison","Dagger Spray","Underhanded Strike"],"picked":"SKIP","floor":22.0},{"not_picked":["Backstab","Infinite Blades"],"picked":"Blur","floor":24.0},{"not_picked":["Expertise+1","Skewer","Flying Knee"],"picked":"SKIP","floor":27.0},{"not_picked":["Slice","Quick Slash","Flechettes"],"picked":"SKIP","floor":29.0},{"not_picked":["Doppelganger","Endless Agony","Slice+1"],"picked":"SKIP","floor":31.0},{"not_picked":["Burst","Wraith Form v2"],"picked":"Phantasmal Killer","floor":33.0},{"not_picked":["Infinite Blades","Dagger Spray","Eviscerate+1"],"picked":"SKIP","floor":35.0},{"not_picked":["Heel Hook","Dash+1"],"picked":"PiercingWail+1","floor":39.0},{"not_picked":["Bouncing Flask","Slice","Blade Dance"],"picked":"SKIP","floor":40.0},{"not_picked":["Bouncing Flask","Slice","Blade Dance"],"picked":"SKIP","floor":40.0},{"not_picked":["Quick Slash","Underhanded Strike"],"picked":"Blur","floor":42.0},{"not_picked":["Deadly Poison","Crippling Poison","Dagger Spray"],"picked":"SKIP","floor":44.0},{"not_picked":["PiercingWail","Acrobatics"],"picked":"Reflex","floor":45.0},{"not_picked":["Dash","Choke+1","Wraith Form v2"],"picked":"SKIP","floor":46.0},{"not_picked":["Deflect","Backflip"],"picked":"Escape Plan","floor":47.0},{"not_picked":["Poisoned Stab","Outmaneuver+1"],"picked":"Tactician","floor":48.0}],"player_experience":1048508,"relics_obtained":[{"floor":9.0,"key":"Toy Ornithopter"},{"floor":11.0,"key":"Blue Candle"},{"floor":24.0,"key":"Bottled Tornado"},{"floor":26.0,"key":"Bronze Scales"},{"floor":40.0,"key":"Dream Catcher"},{"floor":46.0,"key":"Mercury Hourglass"}],"event_choices":[{"damage_healed":0.0,"max_hp_gain":0.0,"max_hp_loss":0.0,"gold_gain":150.0,"event_name":"Liars Game","player_choice":"AGREE","floor":2.0,"gold_loss":0.0,"damage_taken":0.0,"cards_obtained":["Doubt"]},{"cards_removed":["Doubt"],"damage_healed":0.0,"max_hp_gain":0.0,"max_hp_loss":0.0,"gold_gain":0.0,"event_name":"Golden Wing","player_choice":"Card Removal","floor":4.0,"gold_loss":0.0,"damage_taken":7.0},{"damage_healed":0.0,"max_hp_gain":0.0,"max_hp_loss":0.0,"gold_gain":0.0,"event_name":"Accursed Blacksmith","player_choice":"Forge","floor":12.0,"gold_loss":0.0,"damage_taken":0.0,"cards_upgraded":["Footwork"]},{"damage_healed":0.0,"max_hp_gain":0.0,"max_hp_loss":0.0,"gold_gain":0.0,"event_name":"Addict","player_choice":"Obtained Relic","floor":30.0,"gold_loss":85.0,"damage_taken":0.0,"relics_obtained":["Gambling Chip"]},{"damage_healed":0.0,"max_hp_gain":0.0,"max_hp_loss":0.0,"gold_gain":0.0,"event_name":"Upgrade Shrine","player_choice":"Upgraded","floor":37.0,"gold_loss":0.0,"damage_taken":0.0,"cards_upgraded":["Phantasmal Killer"]}],"is_beta":false,"boss_relics":[{"not_picked":["Fusion Hammer","Coffee Dripper"],"picked":"WristBlade"},{"not_picked":["Pandora\u0027s Box","Snecko Eye"],"picked":"Astrolabe"}],"items_purged_floors":[3],"is_endless":false,"potions_floor_spawned":[1,7,13,19,20,27,31,35,39,46],"killed_by":"Awakened One","ascension_level":20}}