{"host":"jt62yzdgnrkmwwqv","time":1609462795,"event":{"mods":["AchievementEnabler","Arknights The Spire","BaseMod","CapriCore","Colored Map","Colored Powertips","GungeonMod","Lobotomy","LobotomyExtend","Luminous","Minty Spire (QoL Compilation)","StSLib","SuperFastMode","The Alterego","The Dragon Tamer"],"gold_per_floor":[112,37,54,73,73,104,28,48,48,48,62,62,80,80,80,183,183,201,51,51,51,67,101,200,217,217,247,247,266,291,9,9,104,104,120,120,120,120],"floor_reached":37,"playtime":1428,"items_purged":["ats:Strike C","ats:Sunburst","ats:Strike G"],"score":427,"play_id":"542dda42-21d8-4be8-a8ea-8d20bbc5e87b","local_time":"20210101095955","is_ascension_mode":false,"campfire_choices":[{"floor":15.0,"key":"REST"},{"data":"ats:Strike V+1","floor":32,"key":"PURGE"}],"circlet_count":0,"master_deck":["ats:Defend","ats:Echo Reverb","ats:Explosion Area Strengthen","ats:Hammer On","ats:Spore Proliferation","BigBadWolf","ats:Neurotoxin","MeatLantern","ats:Explosion Area Strengthen","ats:Calcification","ats:Shell Defense","ats:Flexible Camouflage","QueenOfHatred","ats:Revitalization+1","ats:Nebulous Foxfire","Doubt","ats:Rapid Magazine","ats:Rapid Magazine","ats:Calcification","ats:Flexible Camouflage+1","Writhe"],"relics":["ats:Sanity","RabbitCall","LetterFromLob","ats:Originium","Omamori","ats:Rhine Circuitry","WarpedTongs","Cursed Key","Dream Catcher","DemoMod:BlueGuonStone","Whetstone","Nloth\u0027s Gift","Peace Pipe","ats:Snipe","ats:Omniscience","DemoMod:GlassGuonStoneRelic"],"acts_visited":["Exordium","TheCity","TheBeyond"],"potions_floor_usage":[],"damage_taken":[{"damage":5.0,"enemies":"Jaw Worm","floor":1.0,"turns":5.0},{"damage":0.0,"enemies":"2 Louse","floor":3.0,"turns":3.0},{"damage":0.0,"enemies":"Small Slimes","floor":4.0,"turns":4.0},{"damage":31.0,"enemies":"Gremlin Nob","floor":6.0,"turns":5.0},{"damage":10.0,"enemies":"Red Slaver","floor":8.0,"turns":3.0},{"damage":14.0,"enemies":"Lagavulin","floor":10.0,"turns":7.0},{"damage":10.0,"enemies":"Large Slime","floor":11.0,"turns":3.0},{"damage":0.0,"enemies":"3 Louse","floor":13.0,"turns":2.0},{"damage":18.0,"enemies":"Slime Boss","floor":16.0,"turns":7.0},{"damage":0.0,"enemies":"Shell Parasite","floor":18.0,"turns":4.0},{"damage":16.0,"enemies":"3 Byrds","floor":22.0,"turns":4.0},{"damage":32.0,"enemies":"Book of Stabbing","floor":23.0,"turns":5.0},{"damage":22.0,"enemies":"Sentry and Sphere","floor":25.0,"turns":8.0},{"damage":24,"enemies":"Slavers","floor":27,"turns":5},{"damage":5,"enemies":"3 Cultists","floor":29,"turns":5},{"damage":36,"enemies":"Gremlin Leader","floor":30,"turns":7},{"damage":81,"enemies":"Collector","floor":33,"turns":13},{"damage":31,"enemies":"3 Darklings","floor":35,"turns":12},{"damage":0,"enemies":"3 Shapes","floor":37,"turns":1}],"seed_played":"-3674997353564749412","potions_obtained":[{"floor":1.0,"key":"FairyPotion"},{"floor":3.0,"key":"DistilledChaos"},{"floor":8.0,"key":"Regen Potion"},{"floor":16.0,"key":"Strength Potion"}],"is_trial":false,"path_per_floor":["M","$","M","M","?","E","$","M","T","E","M","?","M","?","R","B",null,"M","$","?","?","M","E","?","M","T","E","?","M","E","$","R","B",null,"M","?","M"],"character_chosen":"DOCTOR_CLASS","items_purchased":["ats:Overload","ats:Flexible Camouflage","ats:Snipe"],"campfire_rested":1,"item_purchase_floors":[7,19,31],"current_hp_per_floor":[67,67,67,67,67,36,36,26,26,18,13,13,13,13,34,19,72,72,72,72,72,61,34,34,55,55,43,43,70,48,48,48,35,72,65,72,72,72],"gold":120,"neow_bonus":"","is_daily":false,"chose_seed":false,"campfire_upgraded":0,"win_rate":0.0,"timestamp":1609462795,"path_taken":["M","$","M","M","?","E","$","M","T","E","M","?","M","?","R","BOSS","M","$","?","?","M","E","?","M","T","E","?","M","E","$","R","BOSS","M","?","M"],"items_purchased_type":["Card","Card","Relic"],"build_version":"2020-12-22","purchased_purges":3,"victory":false,"max_hp_per_floor":[72,72,72,72,72,72,72,72,72,72,72,72,72,72,72,72,72,72,72,72,72,72,72,72,72,72,72,72,72,72,72,72,72,72,72,72,72,72],"card_choices":[{"not_picked":["SpiderBud","BigBadWolf"],"picked":"OldLady","floor":1.0},{"not_picked":["ats:Flexible Camouflage","ats:Cat Scratch"],"picked":"ats:Poison Spread","floor":1.0},{"not_picked":["SingingMachine","QueenBee","Murderer"],"picked":"Singing Bowl","floor":3.0},{"not_picked":["ats:Leaping Hammer","ats:Curse Doll"],"picked":"ats:Echo Reverb","floor":3.0},{"not_picked":["WallGazer","Yin","Mercenary"],"picked":"Singing Bowl","floor":4.0},{"not_picked":["ats:Revitalization","ats:Poison Spread"],"picked":"ats:Explosion Area Strengthen","floor":4.0},{"not_picked":["PunishingBird","SpiderBud","Bloodbath"],"picked":"Singing Bowl","floor":6.0},{"not_picked":["ats:Counter Healing Mode","ats:Leaping Hammer"],"picked":"ats:Shell Defense","floor":6.0},{"not_picked":["CrumblingArmor","WhitesApple"],"picked":"BigBadWolf","floor":8.0},{"not_picked":["ats:Part Time Job","ats:Shell Defense"],"picked":"ats:Neurotoxin","floor":8.0},{"not_picked":["Wellcheers","MeltingLove"],"picked":"MeatLantern","floor":11.0},{"not_picked":["ats:Leaping Hammer","ats:Consecutive Shot Auto"],"picked":"ats:Explosion Area Strengthen","floor":11.0},{"not_picked":["BeautyBeast","Murderer","Rudolta"],"picked":"Singing Bowl","floor":13.0},{"not_picked":["ats:Ignite","ats:Collapsing Strike","ats:Curse Doll"],"picked":"SKIP","floor":13.0},{"not_picked":["QueenBee","CrumblingArmor","Rudolta"],"picked":"Singing Bowl","floor":16.0},{"not_picked":["ats:Fractured Body","ats:Volcano"],"picked":"ats:Calcification","floor":16.0},{"not_picked":["LaLuna","BodiesMountain"],"picked":"BigBird","floor":18.0},{"not_picked":["ats:Apocalypse","ats:Childhood Dance"],"picked":"ats:Shell Defense","floor":18.0},{"not_picked":["Murderer","ShyLook","HeroicMonk"],"picked":"Singing Bowl","floor":22.0},{"not_picked":["ats:Curse Doll+1","ats:Charging Defense+1"],"picked":"ats:Poison Spread+1","floor":22.0},{"not_picked":["Scorched","SnowQueen"],"picked":"QueenOfHatred","floor":23.0},{"not_picked":["ats:Poison Spread","ats:Ignite+1"],"picked":"ats:Revitalization+1","floor":23.0},{"not_picked":["ats:Counter Healing Mode","ats:Poison Spread"],"picked":"ats:Nebulous Foxfire","floor":25},{"not_picked":["GalaxyChild","SpiderBud","Bloodbath"],"picked":"Singing Bowl","floor":27},{"not_picked":["GreedKing","Woodsman"],"picked":"PunishingBird","floor":27},{"not_picked":["ats:Hammer On","ats:Spore Proliferation+1"],"picked":"ats:Rapid Magazine","floor":27},{"not_picked":["ats:Consecutive Shot Auto","ats:Flexible Camouflage","ats:Poison Spread"],"picked":"SKIP","floor":29},{"not_picked":["ats:Consecutive Shot Auto","ats:Ignite"],"picked":"ats:Rapid Magazine","floor":30},{"not_picked":["ats:Disruption Kick","ats:Soul Rend"],"picked":"ats:Calcification","floor":33},{"not_picked":["ats:Spore Proliferation","ats:Hammer On"],"picked":"ats:Flexible Camouflage+1","floor":35}],"player_experience":171658,"relics_obtained":[{"floor":1.0,"key":"LetterFromLob"},{"floor":6.0,"key":"ats:Originium"},{"floor":6.0,"key":"Omamori"},{"floor":9.0,"key":"ats:Rhine Circuitry"},{"floor":23.0,"key":"ats:Originium"},{"floor":23.0,"key":"DemoMod:BlueGuonStone"},{"floor":27,"key":"ats:Originium"},{"floor":27,"key":"Whetstone"},{"floor":30,"key":"Peace Pipe"}],"event_choices":[{"damage_healed":0.0,"max_hp_gain":0.0,"max_hp_loss":0.0,"gold_gain":0.0,"event_name":"Living Wall","player_choice":"Grow","floor":12.0,"gold_loss":0.0,"damage_taken":0.0,"cards_upgraded":["ats:Overload"]},{"damage_healed":0.0,"max_hp_gain":0.0,"max_hp_loss":0.0,"gold_gain":0.0,"event_name":"Accursed Blacksmith","player_choice":"Rummage","floor":14.0,"gold_loss":0.0,"damage_taken":0.0,"relics_obtained":["WarpedTongs"],"cards_obtained":["Pain"]},{"damage_healed":0.0,"max_hp_gain":0.0,"max_hp_loss":0.0,"gold_gain":0.0,"event_name":"Addict","player_choice":"Stole Relic","floor":20.0,"gold_loss":0.0,"damage_taken":0.0,"relics_obtained":["Dream Catcher"],"cards_obtained":["Shame"]},{"damage_healed":0.0,"max_hp_gain":0.0,"max_hp_loss":0.0,"gold_gain":0.0,"event_name":"Ghosts","player_choice":"Ignored","floor":21.0,"gold_loss":0.0,"damage_taken":0.0},{"damage_healed":0.0,"max_hp_gain":0.0,"max_hp_loss":0.0,"gold_gain":99.0,"event_name":"Nest","player_choice":"Stole From Cult","floor":24.0,"gold_loss":0.0,"damage_taken":0.0},{"damage_healed":0,"gold_gain":0,"player_choice":"Traded Relic","damage_taken":0,"relics_obtained":["Nloth\u0027s Gift"],"max_hp_gain":0,"max_hp_loss":0,"event_name":"N\u0027loth","floor":28,"relics_lost":["CogitoBucket"],"gold_loss":0},{"damage_healed":18,"gold_gain":0,"player_choice":"Writhe","damage_taken":0,"max_hp_gain":0,"max_hp_loss":0,"event_name":"Winding Halls","floor":36,"gold_loss":0,"cards_obtained":["Writhe"]}],"is_beta":false,"boss_relics":[{"not_picked":["Snecko Eye","Astrolabe"],"picked":"Cursed Key"},{"not_picked":["Philosopher\u0027s Stone","Tiny House"],"picked":"ats:Omniscience"}],"items_purged_floors":[2,19,31],"is_endless":false,"potions_floor_spawned":[1,3,8,10,16,18,29,30],"killed_by":"3 Shapes","ascension_level":0}}