{"host":"c2og1cp357bgjv9b","time":1609486453,"event":{"mods":["BaseMod","Colored Map","Minty Spire (QoL Compilation)","Replay The Spire","StSLib"],"gold_per_floor":[113,113,113,2,64,89,103,28,74,85,85,105,118,118,118,217,217,237,237,80,95,118,118,217,217,217,217,217,117,142,159,159,256,306,321,321,321,321,339,339,367,385,385,385,385,459,20,34,34,34],"floor_reached":51,"playtime":2948,"items_purged":["Strike_R","Strike_R","Parasite"],"score":714,"play_id":"0244e352-2e29-41ef-ba24-5d6c3b5daf36","local_time":"20210101153413","is_ascension_mode":false,"campfire_choices":[{"data":"ReplayTheSpireMod:Limb From Limb","floor":11,"key":"SMITH"},{"data":"ReplayTheSpireMod:LeadingStrike","floor":15,"key":"SMITH"},{"data":"Shrug It Off","floor":23,"key":"SMITH"},{"data":"Blood for Blood","floor":25,"key":"SMITH"},{"data":"True Grit","floor":28,"key":"SMITH"},{"data":"Heavy Blade","floor":32,"key":"SMITH"},{"data":"Reaper","floor":40,"key":"SMITH"}],"circlet_count":0,"master_deck":["Strike_R+1","Defend_R","Defend_R","Defend_R","Bash+1","ReplayTheSpireMod:Muscle Training","ReplayTheSpireMod:Limb From Limb+1","ReplayTheSpireMod:Limb From Limb+1","True Grit+1","Inflame","Inflame+1","ReplayTheSpireMod:LeadingStrike+1","Blood for Blood+1","ReplayTheSpireMod:Stacked","Reaper","Shrug It Off+1","Bloodletting+1","Heavy Blade+1","Reaper+1","Dropkick","Shrug It Off+1","Spot Weakness+1","Flex+1"],"relics":["Burning Blood","Ring of Searing","ReplayTheSpireMod:Ring of Collecting","Shuriken","Whetstone","ReplayTheSpireMod:Ring of Addiction","Potion Belt","Chameleon Ring","Ancient Tea Set","Philosopher\u0027s Stone","MutagenicStrength","Vajra","Blood Vial","Juzu Bracelet","Calipers","Tiny House","InkBottle","Ring of Panic","Mercury Hourglass","Magic Flower"],"acts_visited":["Exordium","TheCity","TheBeyond"],"potions_floor_usage":[12,13,16,21,27,30,31,31,33,33,35,41,42,48],"damage_taken":[{"damage":4,"enemies":"Small Slimes","floor":1,"turns":4},{"damage":30,"enemies":"3 Sentries","floor":6,"turns":6},{"damage":0,"enemies":"2 Louse","floor":7,"turns":2},{"damage":3,"enemies":"Jaw Worm","floor":10,"turns":2},{"damage":0,"enemies":"Exordium Wildlife","floor":12,"turns":1},{"damage":0,"enemies":"Red Slaver","floor":13,"turns":1},{"damage":23,"enemies":"The Guardian","floor":16,"turns":5},{"damage":47,"enemies":"3 Byrds","floor":18,"turns":4},{"damage":5,"enemies":"2 Thieves","floor":21,"turns":2},{"damage":46,"enemies":"Gremlin Leader","floor":30,"turns":4},{"damage":23,"enemies":"Shelled Parasite and Fungi","floor":31,"turns":3},{"damage":27,"enemies":"Pondfish","floor":33,"turns":6},{"damage":33,"enemies":"3 Darklings","floor":35,"turns":6},{"damage":11,"enemies":"Orb Walker","floor":39,"turns":2},{"damage":51,"enemies":"Nemesis","floor":41,"turns":5},{"damage":2,"enemies":"Writhing Mass","floor":42,"turns":4},{"damage":20,"enemies":"Transient","floor":48,"turns":5},{"damage":52,"enemies":"Replay:Hell Engine","floor":50,"turns":6}],"seed_played":"-3609662926332340250","potions_obtained":[{"floor":1,"key":"SpeedPotion"},{"floor":7,"key":"BloodPotion"},{"floor":9,"key":"GamblersBrew"},{"floor":9,"key":"Explosive Potion"},{"floor":9,"key":"EntropicBrew"},{"floor":12,"key":"Fire Potion"},{"floor":13,"key":"SteroidPotion"},{"floor":18,"key":"FearPotion"},{"floor":34,"key":"AttackPotion"},{"floor":35,"key":"ColorlessPotion"},{"floor":45,"key":"FairyPotion"},{"floor":45,"key":"Weak Potion"},{"floor":49,"key":"SteroidPotion"},{"floor":49,"key":"Fire Potion"}],"is_trial":false,"path_per_floor":["M","?","?","$","?","E","M","$","T","M","R","M","M","?","R","B",null,"M","?","$","M","T","R","?","R","T","?","R","$","E","M","R","B",null,"M","?","?","?","M","R","E","M","T","?","R","T","$","M","R","B",null],"character_chosen":"IRONCLAD","items_purchased":["ReplayTheSpireMod:Limb From Limb","True Grit","Vajra","Magic Flower"],"campfire_rested":0,"item_purchase_floors":[4,4,20,47],"current_hp_per_floor":[80,80,64,64,64,40,46,46,46,49,49,55,61,61,61,44,80,53,53,53,64,64,64,64,64,64,76,76,76,36,41,41,44,81,65,65,65,65,62,62,28,34,34,34,34,34,34,60,60,34],"gold":34,"neow_bonus":"REMOVE_CARD","is_daily":false,"chose_seed":false,"campfire_upgraded":7,"win_rate":0.0,"timestamp":1609486453,"path_taken":["M","?","?","$","?","E","?","?","T","M","R","M","M","?","R","BOSS","M","?","$","M","?","R","?","R","T","?","R","$","E","M","R","BOSS","M","?","?","?","M","R","E","M","T","?","R","?","$","M","R","BOSS"],"items_purchased_type":["Card","Card","Relic","Relic"],"build_version":"2020-12-22","purchased_purges":3,"victory":true,"max_hp_per_floor":[80,80,80,80,80,80,80,80,80,80,80,80,80,80,80,80,80,80,80,78,78,78,78,78,76,76,76,76,76,76,76,76,76,81,81,77,77,77,75,75,75,75,75,75,75,73,70,70,70,70],"card_choices":[{"not_picked":["Spot Weakness","Anger"],"picked":"ReplayTheSpireMod:Muscle Training","floor":1},{"not_picked":["Twin Strike","ReplayTheSpireMod:Strike From Hell"],"picked":"Inflame","floor":5},{"not_picked":["Warcry","Second Wind"],"picked":"Inflame","floor":5},{"not_picked":["Brutality","ReplayTheSpireMod:Muscle Training"],"picked":"ReplayTheSpireMod:LeadingStrike","floor":6},{"not_picked":["Sentinel","ReplayTheSpireMod:LeadingStrike"],"picked":"Blood for Blood","floor":7},{"not_picked":["Armaments","True Grit","Carnage"],"picked":"SKIP","floor":10},{"not_picked":["Armaments","True Grit","Carnage"],"picked":"SKIP","floor":10},{"not_picked":["Wild Strike","Twin Strike"],"picked":"ReplayTheSpireMod:Stacked","floor":12},{"not_picked":["Seeing Red","Armaments","Havoc"],"picked":"SKIP","floor":13},{"not_picked":["Berserk","Bludgeon"],"picked":"Reaper","floor":16},{"not_picked":["Uppercut","Seeing Red","Iron Wave"],"picked":"SKIP","floor":18},{"not_picked":["Twin Strike","Perfected Strike"],"picked":"Shrug It Off","floor":21},{"not_picked":["Havoc","Iron Wave"],"picked":"Bloodletting+1","floor":30},{"not_picked":["Sword Boomerang+1","Headbutt"],"picked":"Heavy Blade","floor":31},{"not_picked":["Perfected Strike+1","ReplayTheSpireMod:Strike From Hell+1"],"picked":"Reaper","floor":35},{"not_picked":["Pommel Strike+1","ReplayTheSpireMod:Strike From Hell+1"],"picked":"Shrug It Off+1","floor":39},{"not_picked":["Hemokinesis+1","Sentinel"],"picked":"Spot Weakness+1","floor":41},{"not_picked":["Dropkick+1","Cleave+1","Blood for Blood"],"picked":"SKIP","floor":42},{"not_picked":["Body Slam+1","Pummel"],"picked":"Flex+1","floor":48}],"player_experience":142692,"relics_obtained":[{"floor":2,"key":"Ring of Searing"},{"floor":2,"key":"ReplayTheSpireMod:Ring of Collecting"},{"floor":5,"key":"Shuriken"},{"floor":6,"key":"Whetstone"},{"floor":9,"key":"ReplayTheSpireMod:Ring of Addiction"},{"floor":9,"key":"Potion Belt"},{"floor":9,"key":"Chameleon Ring"},{"floor":9,"key":"Ancient Tea Set"},{"floor":22,"key":"Blood Vial"},{"floor":26,"key":"Juzu Bracelet"},{"floor":30,"key":"Calipers"},{"floor":41,"key":"InkBottle"},{"floor":46,"key":"Ring of Panic"},{"floor":46,"key":"Mercury Hourglass"}],"event_choices":[{"damage_healed":0,"gold_gain":0,"player_choice":"Entered Light","damage_taken":16,"max_hp_gain":0,"max_hp_loss":0,"event_name":"Shining Light","floor":3,"gold_loss":0,"cards_upgraded":["Bash","Defend_R"]},{"cards_removed":["Strike_R"],"damage_healed":0,"gold_gain":0,"player_choice":"Forget","damage_taken":0,"max_hp_gain":0,"max_hp_loss":0,"event_name":"Living Wall","floor":14,"gold_loss":0},{"damage_healed":0,"gold_gain":0,"player_choice":"Inject Mutagens","damage_taken":0,"relics_obtained":["MutagenicStrength"],"max_hp_gain":0,"max_hp_loss":0,"event_name":"Drug Dealer","floor":19,"gold_loss":0},{"damage_healed":0,"gold_gain":99,"player_choice":"Stole From Cult","damage_taken":0,"max_hp_gain":0,"max_hp_loss":0,"event_name":"Nest","floor":24,"gold_loss":0},{"damage_healed":0,"gold_gain":0,"player_choice":"Ignored","damage_taken":0,"max_hp_gain":0,"max_hp_loss":0,"event_name":"Ghosts","floor":27,"gold_loss":0},{"damage_healed":0,"gold_gain":0,"player_choice":"Max HP","damage_taken":0,"max_hp_gain":0,"max_hp_loss":4,"event_name":"Winding Halls","floor":36,"gold_loss":0},{"damage_healed":0,"gold_gain":0,"player_choice":"1 cards matched","damage_taken":0,"max_hp_gain":0,"max_hp_loss":0,"event_name":"Match and Keep!","floor":37,"gold_loss":0,"cards_obtained":["Dropkick"]},{"cards_removed":["Defend_R"],"damage_healed":0,"gold_gain":0,"player_choice":"Removed Skill","damage_taken":0,"max_hp_gain":0,"max_hp_loss":0,"event_name":"Falling","floor":38,"gold_loss":0},{"damage_healed":0,"gold_gain":0,"player_choice":"Ignored","damage_taken":0,"max_hp_gain":0,"max_hp_loss":0,"event_name":"The Moai Head","floor":44,"gold_loss":0}],"is_beta":false,"boss_relics":[{"not_picked":["Calling Bell","Busted Crown"],"picked":"Philosopher\u0027s Stone"},{"not_picked":["Runic Dome","Snecko Eye"],"picked":"Tiny House"}],"items_purged_floors":[8,29,47],"is_endless":false,"potions_floor_spawned":[1,7,12,13,18,35],"ascension_level":0}}