{"host":"g76rhe4j5kh9hdf9","time":1609544298,"event":{"mods":["Act Like it!","BaseMod","Better Third Choice","GifTheSpireLib","Minty Spire (QoL Compilation)","Relic Stats","Spicy Shops","StSLib","TheSwordswoman"],"gold_per_floor":[112,127,27,0,19,19,44,44,71,97,97,111,140,140,140,242,242,261,9,109,82,93,93,121,21,47,47,80,80,114,133,133,133,133],"floor_reached":33,"playtime":6938,"items_purged":["Regret","Shame"],"score":337,"play_id":"b3f08128-cecb-43b0-8260-5cdb634deb7b","local_time":"20210101153818","is_ascension_mode":true,"campfire_choices":[{"data":"blazmod:TrueOfHeart","floor":6,"key":"SMITH"},{"data":"blazmod:ButterFlutter","floor":8,"key":"SMITH"},{"data":"blazmod:RevolvingPhoenix","floor":15,"key":"SMITH"},{"data":"blazmod:ButterflyForm","floor":23,"key":"SMITH"},{"data":"blazmod:RevolvingPhoenix","floor":29,"key":"SMITH"},{"floor":32,"key":"REST"}],"circlet_count":0,"master_deck":["blazmod:Strike","blazmod:Strike","blazmod:Strike","blazmod:Strike","blazmod:Defend","blazmod:Defend","blazmod:Defend","blazmod:Defend","blazmod:ButterflyEffect","blazmod:Kyokasuigetsu","blazmod:ButterFlutter+1","blazmod:Trasient","blazmod:TrueOfHeart+1","blazmod:RevolvingPhoenix+1","blazmod:LoveAndHonor","blazmod:ButterflyForm+1","blazmod:ButterFlutter+1","blazmod:ButterFlutter","blazmod:BladeOfEnlightenment","blazmod:RevolvingPhoenix+1","blazmod:StanceChange+1","blazmod:FlashRock+1"],"relics":["blazmod:Venustas","Du-Vu Doll","betterThird:SlimedRelic","Blood Vial","Vajra","InkBottle","Centennial Puzzle","Boot","Bottled Flame","blazmod:Vyxaba","OrangePellets","Juzu Bracelet","Ornamental Fan","The Courier"],"acts_visited":["Exordium","TheCity"],"potions_floor_usage":[10,13,13,13,13,24,24,24,24,24,28,30],"damage_taken":[{"damage":0,"enemies":"Jaw Worm","floor":1,"turns":4},{"damage":0,"enemies":"2 Louse","floor":2,"turns":5},{"damage":0,"enemies":"Cultist","floor":5,"turns":4},{"damage":8,"enemies":"3 Sentries","floor":7,"turns":9},{"damage":6,"enemies":"Gremlin Nob","floor":10,"turns":4},{"damage":6,"enemies":"Gremlin Gang","floor":12,"turns":4},{"damage":6,"enemies":"Lagavulin","floor":13,"turns":4},{"damage":5,"enemies":"The Guardian","floor":16,"turns":11},{"damage":1,"enemies":"Spheric Guardian","floor":18,"turns":6},{"damage":7,"enemies":"2 Thieves","floor":21,"turns":5},{"damage":1,"enemies":"Cultist and Chosen","floor":22,"turns":4},{"damage":9,"enemies":"Slavers","floor":24,"turns":7},{"damage":6,"enemies":"Gremlin Leader","floor":28,"turns":8},{"damage":11,"enemies":"Slavers","floor":30,"turns":5},{"damage":13,"enemies":"Snake Plant","floor":31,"turns":4},{"damage":20,"enemies":"Collector","floor":33,"turns":2}],"seed_played":"-1874703017305062737","potions_obtained":[{"floor":2,"key":"SteroidPotion"},{"floor":7,"key":"Dexterity Potion"},{"floor":10,"key":"Energy Potion"},{"floor":12,"key":"EntropicBrew"},{"floor":22,"key":"EntropicBrew"},{"floor":24,"key":"PowerPotion"},{"floor":28,"key":"LiquidMemories"}],"is_trial":false,"path_per_floor":["M","M","$","?","M","R","E","R","T","E","?","M","E","T","R","B",null,"M","$","?","M","M","R","E","$","T","$","E","R","E","M","R","B"],"character_chosen":"THE_SWORDSWOMAN","items_purchased":["blazmod:TrueOfHeart","OrangePellets","blazmod:ButterFlutter"],"campfire_rested":1,"item_purchase_floors":[3,19,19],"current_hp_per_floor":[40,40,40,29,29,29,21,21,21,17,17,13,9,9,9,6,40,39,39,39,33,34,34,27,27,27,27,23,23,14,3,15,0,0],"gold":133,"neow_bonus":"ONE_RARE_RELIC","is_daily":false,"chose_seed":false,"campfire_upgraded":5,"win_rate":0.0,"timestamp":1609544298,"path_taken":["M","M","$","?","M","R","E","R","T","E","?","M","E","?","R","BOSS","M","$","?","?","M","R","E","?","T","$","E","R","E","M","R","BOSS"],"items_purchased_type":["Card","Relic","Card"],"build_version":"2020-12-22","purchased_purges":2,"victory":false,"max_hp_per_floor":[40,40,40,40,40,40,40,40,40,40,40,40,40,40,40,40,40,40,40,40,40,40,40,40,40,40,40,40,40,40,40,40,40,40],"relic_stats":{"Blood Vial":21,"OrangePellets":[4],"Centennial Puzzle":[33],"counters":[16,86],"Ornamental Fan":[16],"Juzu Bracelet":0,"Boot":[2],"obtain_stats":[{"Vajra":9,"The Courier":30,"blazmod:Vyxaba":17,"Juzu Bracelet":24,"Boot":13,"Du-Vu Doll":0,"Blood Vial":7,"OrangePellets":19,"blazmod:Venustas":0,"Centennial Puzzle":11,"Bottled Flame":14,"Ornamental Fan":28,"betterThird:SlimedRelic":4,"InkBottle":10},{"Vajra":4,"The Courier":14,"blazmod:Vyxaba":8,"Juzu Bracelet":12,"Boot":7,"Du-Vu Doll":0,"Blood Vial":4,"OrangePellets":9,"blazmod:Venustas":0,"Centennial Puzzle":5,"Bottled Flame":7,"Ornamental Fan":13,"betterThird:SlimedRelic":2,"InkBottle":5},{"Vajra":22,"The Courier":80,"blazmod:Vyxaba":45,"Juzu Bracelet":67,"Boot":34,"Du-Vu Doll":0,"Blood Vial":22,"OrangePellets":51,"blazmod:Venustas":0,"Centennial Puzzle":26,"Bottled Flame":34,"Ornamental Fan":75,"betterThird:SlimedRelic":9,"InkBottle":26}],"InkBottle":[22]},"card_choices":[{"not_picked":["blazmod:Crosscut","blazmod:MentalFocus"],"picked":"blazmod:ButterFlutter","floor":1},{"not_picked":["blazmod:Crosscut","blazmod:KatanaStrike"],"picked":"blazmod:Trasient","floor":2},{"not_picked":["blazmod:KatanaStrike","blazmod:SidewaySolace","blazmod:Valiance"],"picked":"SKIP","floor":5},{"not_picked":["blazmod:BoulderFlash","blazmod:FlashRock","blazmod:Crosscut"],"picked":"SKIP","floor":7},{"not_picked":["blazmod:ButterFlutter","blazmod:SecondSight","blazmod:PhysicalEndurance"],"picked":"SKIP","floor":10},{"not_picked":["blazmod:TenThousand","blazmod:MyEverything"],"picked":"blazmod:RevolvingPhoenix","floor":12},{"not_picked":["blazmod:TravelJournal","blazmod:FleetOfFoot"],"picked":"blazmod:LoveAndHonor","floor":13},{"not_picked":["blazmod:SeismicSlash","blazmod:TrueSelf"],"picked":"blazmod:ButterflyForm","floor":16},{"not_picked":["blazmod:SidewaySolace","blazmod:PhysicalEndurance+1","blazmod:MentalFocus"],"picked":"SKIP","floor":18},{"not_picked":["blazmod:QuickBlade","blazmod:Valiance"],"picked":"blazmod:BladeOfEnlightenment","floor":21},{"not_picked":["blazmod:Trasient","blazmod:KatanaStrike"],"picked":"blazmod:RevolvingPhoenix","floor":22},{"not_picked":["blazmod:PhysicalEndurance","blazmod:ButterFlutter","blazmod:FlashRock+1"],"picked":"SKIP","floor":24},{"not_picked":["blazmod:HarmonyComplete","blazmod:ButterflyBlade"],"picked":"blazmod:StanceChange+1","floor":28},{"not_picked":["blazmod:PhysicalEndurance","blazmod:FortifiedVigor"],"picked":"blazmod:FlashRock+1","floor":30},{"not_picked":["blazmod:Valiance","blazmod:MentalFocus","blazmod:PhysicalEndurance"],"picked":"SKIP","floor":31}],"player_experience":454382,"relics_obtained":[{"floor":7,"key":"Blood Vial"},{"floor":9,"key":"Vajra"},{"floor":10,"key":"InkBottle"},{"floor":13,"key":"Boot"},{"floor":14,"key":"Bottled Flame"},{"floor":24,"key":"Juzu Bracelet"},{"floor":28,"key":"Ornamental Fan"},{"floor":30,"key":"The Courier"}],"event_choices":[{"damage_healed":0,"gold_gain":0,"player_choice":"Slimed","damage_taken":11,"max_hp_gain":0,"max_hp_loss":0,"event_name":"betterThird:BetterGoop","floor":4,"gold_loss":27},{"damage_healed":0,"gold_gain":0,"player_choice":"Box","damage_taken":0,"relics_obtained":["Centennial Puzzle"],"max_hp_gain":0,"max_hp_loss":0,"event_name":"Big Fish","floor":11,"gold_loss":0,"cards_obtained":["Regret"]},{"damage_healed":0,"gold_gain":100,"player_choice":"Pray","damage_taken":0,"max_hp_gain":0,"max_hp_loss":0,"event_name":"Golden Shrine","floor":20,"gold_loss":0}],"is_beta":false,"boss_relics":[{"not_picked":["Fusion Hammer","Pandora\u0027s Box"],"picked":"blazmod:Vyxaba"}],"items_purged_floors":[19,25],"is_endless":false,"potions_floor_spawned":[2,7,10,12,22,24,28],"killed_by":"Collector","ascension_level":1}}