{"host":"toh0bbw446wnuexf","time":1609474911,"event":{"mods":["BaseMod","Downfall","Hermit","Minty Spire (QoL Compilation)","Random Character Button","StSLib"],"gold_per_floor":[99,114,129,129,149,149,149,165,165,165,187,187,97,114,133,133,133,133],"floor_reached":16,"playtime":1636,"items_purged":["champ:Execute"],"score":97,"play_id":"c9442283-1f1a-45f2-9d36-6f2e2043f0ce","local_time":"20210101172151","is_ascension_mode":true,"campfire_choices":[{"data":"champ:Taunt","floor":1,"key":"SMITH"},{"data":"champ:Strike","floor":6,"key":"SMITH"},{"data":"champ:Shatter","floor":10,"key":"SMITH"},{"floor":12,"key":"REST"}],"circlet_count":0,"master_deck":["champ:Strike+1","champ:Strike","champ:Strike","champ:Strike","champ:Defend","champ:Defend","champ:Defend","champ:Defend","champ:Taunt+1","champ:AdrenalArmor+1","champ:Shatter+1","champ:ArenaPreparation","champ:ViciousMockery"],"relics":["Black Star","Question Card","Odd Mushroom"],"acts_visited":["Exordium"],"potions_floor_usage":[],"damage_taken":[{"damage":1,"enemies":"2 Louse","floor":2,"turns":6},{"damage":18,"enemies":"Cultist","floor":3,"turns":4},{"damage":14,"enemies":"Jaw Worm","floor":5,"turns":5},{"damage":18,"enemies":"2 Fungi Beasts","floor":8,"turns":6},{"damage":63,"enemies":"The Mushroom Lair","floor":11,"turns":8},{"damage":24,"enemies":"downfall:FleeingMerchant","floor":13,"turns":4},{"damage":32,"enemies":"Lots of Slimes","floor":14,"turns":6},{"damage":13,"enemies":"2 Fungi Beasts","floor":15,"turns":5},{"damage":64,"enemies":"downfall:Ironclad","floor":16,"turns":8}],"seed_played":"9216334375359128382","potions_obtained":[{"floor":8,"key":"hexamod:EctoCoolerPotion"},{"floor":14,"key":"SpeedPotion"}],"is_trial":false,"path_per_floor":["R","M","M","?","M","R","T","M","?","R","?","R","$","M","M","B"],"character_chosen":"THE_CHAMP","items_purchased":[],"campfire_rested":1,"item_purchase_floors":[],"current_hp_per_floor":[90,89,85,85,84,84,84,80,80,80,44,71,71,63,61,0,0,0],"gold":133,"neow_bonus":"BOSS_RELIC","is_daily":false,"chose_seed":false,"campfire_upgraded":3,"win_rate":0.0,"timestamp":1609474911,"path_taken":["R","M","M","?","M","R","T","?","?","R","?","R","$","M","M","BOSS"],"items_purchased_type":[],"build_version":"2020-12-22","purchased_purges":1,"victory":false,"max_hp_per_floor":[90,90,90,90,90,90,90,90,90,90,90,90,90,90,90,90,90,90],"card_choices":[{"not_picked":["champ:PerfectedStrike","champ:BladeFlurry"],"picked":"champ:AdrenalArmor","floor":2},{"not_picked":["champ:RisingSlash","champ:CrookedStrike","champ:BladeFlurry"],"picked":"SKIP","floor":3},{"not_picked":["champ:FightOn","champ:FocusedGladiator","champ:RisingSlash"],"picked":"SKIP","floor":5},{"not_picked":["champ:Lariat","champ:Backstep","champ:FalseCounter"],"picked":"champ:Shatter","floor":8},{"not_picked":["champ:FalseCounter","champ:DefensiveShout","champ:FocusedGladiator"],"picked":"champ:ArenaPreparation","floor":11},{"not_picked":["champ:Backstep","champ:CalledShot","champ:DefensiveShout","champ:RecklessLeap"],"picked":"SKIP","floor":13},{"not_picked":["champ:RecklessLeap","champ:Control","champ:DancingMaster","champ:TornadoPunch"],"picked":"SKIP","floor":14},{"not_picked":["champ:BringItOn","champ:TornadoPunch","champ:AdrenalArmor"],"picked":"champ:ViciousMockery","floor":15}],"player_experience":581660,"relics_obtained":[{"floor":7,"key":"Question Card"},{"floor":11,"key":"Odd Mushroom"}],"event_choices":[{"damage_healed":0,"gold_gain":0,"player_choice":"Forge","damage_taken":0,"max_hp_gain":0,"max_hp_loss":0,"event_name":"Accursed Blacksmith","floor":4,"gold_loss":0,"cards_upgraded":["champ:AdrenalArmor"]},{"damage_healed":0,"gold_gain":0,"player_choice":"Fought Mushrooms","damage_taken":0,"max_hp_gain":0,"max_hp_loss":0,"event_name":"Mushrooms","floor":11,"gold_loss":0}],"is_beta":false,"boss_relics":[],"items_purged_floors":[13],"is_endless":false,"potions_floor_spawned":[8,14],"killed_by":"downfall:Ironclad","ascension_level":1}}