{"host":"sav7uxregyirlf69","time":1609484255,"event":{"mods":["AchievementEnabler","BaseMod","Colored Map","DeckTracker","Keyboard Shortcuts","Minty Spire (QoL Compilation)","READ ME - Guardian Mod","StSLib","SuperFastMode"],"gold_per_floor":[17,17,17,29,29,29,63,63,63,138,138,138,39,39,39,39,39],"floor_reached":16,"playtime":168,"items_purged":[],"score":188,"play_id":"3331af8a-e7ec-4d0d-b2d5-172c89d5b323","local_time":"20210101155735","is_ascension_mode":true,"campfire_choices":[{"data":"Glass Knife","floor":6,"key":"SMITH"},{"data":"Neutralize","floor":8,"key":"SMITH"},{"floor":11,"key":"REST"},{"data":"Finesse","floor":15,"key":"SMITH"}],"circlet_count":0,"master_deck":["AscendersBane","Strike_G","Strike_G+1","Strike_G+1","Defend_G","Defend_G","Defend_G","Defend_G","Survivor","Neutralize+1","Dagger Spray","Glass Knife+1","Blade Dance","Finesse+1"],"relics":["Ring of the Snake","Pocketwatch","Strawberry","MealTicket","Mummified Hand"],"acts_visited":["Exordium"],"potions_floor_usage":[],"damage_taken":[{"damage":1,"enemies":"Cultist","floor":1,"turns":4},{"damage":0,"enemies":"Jaw Worm","floor":4,"turns":3},{"damage":17,"enemies":"Lagavulin","floor":7,"turns":6},{"damage":76,"enemies":"Hexaghost","floor":16,"turns":11}],"seed_played":"4820889190012199881","potions_obtained":[],"is_trial":false,"path_per_floor":["M","T","?","M","?","R","E","R","T","?","R","T","$","$","R","B"],"character_chosen":"THE_SILENT","items_purchased":["Finesse"],"campfire_rested":1,"item_purchase_floors":[13],"current_hp_per_floor":[58,58,58,58,38,38,28,28,28,17,38,38,53,68,68,0,0],"gold":39,"neow_bonus":"REMOVE_TWO","is_daily":false,"chose_seed":false,"campfire_upgraded":3,"win_rate":0.0,"timestamp":1609484255,"path_taken":["M","?","?","?","?","R","E","R","T","?","R","?","?","$","R","BOSS"],"items_purchased_type":["Card"],"build_version":"2020-12-22","purchased_purges":0,"victory":false,"max_hp_per_floor":[66,66,66,66,66,66,73,73,73,73,73,73,73,73,73,73,73],"card_choices":[{"not_picked":["Slice","Eviscerate"],"picked":"Dagger Spray","floor":1},{"not_picked":["Underhanded Strike","Riddle With Holes","Dash"],"picked":"SKIP","floor":4},{"not_picked":["Expertise","Masterful Stab"],"picked":"Blade Dance","floor":7}],"player_experience":1095855,"relics_obtained":[{"floor":2,"key":"Pocketwatch"},{"floor":7,"key":"Strawberry"},{"floor":9,"key":"MealTicket"},{"floor":12,"key":"Mummified Hand"}],"event_choices":[{"damage_healed":0,"gold_gain":0,"cards_transformed":["Strike_G"],"player_choice":"Transformed","damage_taken":0,"max_hp_gain":0,"max_hp_loss":0,"event_name":"Transmorgrifier","floor":3,"gold_loss":0,"cards_obtained":["Glass Knife"]},{"damage_healed":0,"gold_gain":0,"player_choice":"Entered Light","damage_taken":20,"max_hp_gain":0,"max_hp_loss":0,"event_name":"Shining Light","floor":5,"gold_loss":0,"cards_upgraded":["Strike_G","Strike_G"]},{"damage_healed":0,"gold_gain":75,"player_choice":"Gather Gold","damage_taken":11,"max_hp_gain":0,"max_hp_loss":0,"event_name":"World of Goop","floor":10,"gold_loss":0}],"is_beta":false,"boss_relics":[],"items_purged_floors":[],"is_endless":false,"potions_floor_spawned":[],"killed_by":"Hexaghost","ascension_level":20}}