{"host":"lxgv1wbl12oya7hr","time":1609528208,"event":{"mods":["BaseMod","Minty Spire (QoL Compilation)","Permanent Neow","StSLib"],"gold_per_floor":[119,119,119,119,135,135,163,21,47,64,74,105,117,13,13,113,113,125,111,111,125,203,203,216,249,276,25,125,450,470,503,503,607,607,617,628,644,300,310,335,335,360,360,392,392,13,13,25,25,25,25,25,25,58,58],"floor_reached":56,"playtime":3942,"items_purged":["Regret","Strike_G","Strike_G","Strike_G"],"score":1457,"play_id":"87df9966-d1b6-4779-bb92-539f3f4c7cb7","local_time":"20210101111008","is_ascension_mode":true,"campfire_choices":[{"data":"Infinite Blades","floor":6,"key":"SMITH"},{"data":"Noxious Fumes","floor":15,"key":"SMITH"},{"data":"After Image","floor":23,"key":"SMITH"},{"floor":32,"key":"REST"},{"floor":41,"key":"RECALL"},{"data":"Catalyst","floor":47,"key":"SMITH"},{"data":"Accuracy","floor":49,"key":"SMITH"},{"data":"After Image","floor":52,"key":"SMITH"}],"circlet_count":0,"master_deck":["Defend_G","Defend_G+1","Defend_G","Defend_G+1","Defend_G","Survivor","Neutralize","Infinite Blades+1","Bane","Caltrops","Noxious Fumes+1","Quick Slash","Dodge and Roll","Bane","Cloak And Dagger","Noxious Fumes","Dagger Spray","After Image+1","Prepared","Accuracy+1","Heel Hook","Backflip","Poisoned Stab","Blade Dance+1","Die Die Die","Infinite Blades","Blade Dance","Cloak And Dagger","Cloak And Dagger+1","Poisoned Stab","Catalyst+1","Outmaneuver","After Image+1","Caltrops","Cloak And Dagger+1","Crippling Poison+1","Accuracy+1","Die Die Die","Outmaneuver+1","Blade Dance","Quick Slash","Malaise+1","Noxious Fumes","Dodge and Roll+1","Terror+1"],"relics":["Ring of the Snake","NeowsBlessing","Snake Skull","Ornamental Fan","Pen Nib","Lantern","Art of War","Black Star","Ninja Scroll","Bag of Preparation","Blood Vial","Torii","Bottled Tornado","Anchor","Old Coin","Ginger","Omamori","Coffee Dripper","Lizard Tail","Bottled Lightning","Toxic Egg 2","Happy Flower","Mercury Hourglass","Potion Belt","Regal Pillow","Lee\u0027s Waffle","Letter Opener","Du-Vu Doll"],"acts_visited":["Exordium","TheCity","TheBeyond","TheEnding"],"potions_floor_usage":[11,12,16,25,25,33,40,50,55,55,55],"damage_taken":[{"damage":0,"enemies":"Small Slimes","floor":1,"turns":1},{"damage":0,"enemies":"2 Louse","floor":5,"turns":1},{"damage":0,"enemies":"Gremlin Nob","floor":7,"turns":1},{"damage":0,"enemies":"Jaw Worm","floor":10,"turns":4},{"damage":1,"enemies":"Gremlin Gang","floor":11,"turns":4},{"damage":1,"enemies":"3 Sentries","floor":12,"turns":5},{"damage":0,"enemies":"3 Louse","floor":13,"turns":3},{"damage":9,"enemies":"Hexaghost","floor":16,"turns":8},{"damage":6,"enemies":"Chosen","floor":18,"turns":6},{"damage":12,"enemies":"2 Thieves","floor":19,"turns":5},{"damage":4,"enemies":"Shelled Parasite and Fungi","floor":21,"turns":5},{"damage":0,"enemies":"Snecko","floor":24,"turns":5},{"damage":7,"enemies":"Slavers","floor":25,"turns":7},{"damage":0,"enemies":"Colosseum Slavers","floor":28,"turns":4},{"damage":15,"enemies":"Colosseum Nobs","floor":28,"turns":5},{"damage":1,"enemies":"Book of Stabbing","floor":29,"turns":5},{"damage":7,"enemies":"Centurion and Healer","floor":30,"turns":4},{"damage":8,"enemies":"Slavers","floor":31,"turns":4},{"damage":22,"enemies":"Collector","floor":33,"turns":7},{"damage":0,"enemies":"3 Shapes","floor":35,"turns":4},{"damage":0,"enemies":"Orb Walker","floor":36,"turns":3},{"damage":0,"enemies":"Jaw Worm Horde","floor":37,"turns":4},{"damage":0,"enemies":"Writhing Mass","floor":39,"turns":5},{"damage":0,"enemies":"Nemesis","floor":40,"turns":7},{"damage":16,"enemies":"Reptomancer","floor":42,"turns":5},{"damage":11,"enemies":"Giant Head","floor":44,"turns":7},{"damage":0,"enemies":"Spire Growth","floor":48,"turns":3},{"damage":14,"enemies":"Awakened One","floor":50,"turns":12},{"damage":1,"enemies":"Shield and Spear","floor":54,"turns":5},{"damage":49,"enemies":"The Heart","floor":55,"turns":8}],"seed_played":"3631496095972449287","potions_obtained":[{"floor":1,"key":"Block Potion"},{"floor":7,"key":"BlessingOfTheForge"},{"floor":11,"key":"GamblersBrew"},{"floor":21,"key":"BlessingOfTheForge"},{"floor":24,"key":"EssenceOfSteel"},{"floor":31,"key":"Energy Potion"},{"floor":33,"key":"FairyPotion"},{"floor":35,"key":"ColorlessPotion"},{"floor":37,"key":"CultistPotion"},{"floor":44,"key":"Regen Potion"},{"floor":48,"key":"SneckoOil"},{"floor":54,"key":"Swift Potion"}],"is_trial":false,"path_per_floor":["M","?","?","?","M","R","E","$","T","M","M","E","M","$","R","B",null,"M","M","?","M","T","R","M","E","T","$","?","E","M","E","R","B",null,"M","M","M","$","M","E","R","E","T","E","?","$","R","M","R","B",null,"R","$","E","B",null],"character_chosen":"THE_SILENT","items_purchased":["Noxious Fumes","Noxious Fumes","Dagger Spray","Infinite Blades","Blade Dance","Cloak And Dagger","Accuracy","Die Die Die","Noxious Fumes","Lee\u0027s Waffle"],"campfire_rested":1,"item_purchase_floors":[8,14,14,27,27,27,38,38,46,46],"current_hp_per_floor":[70,70,56,31,31,31,31,31,31,31,30,29,29,29,29,20,70,64,52,52,48,48,48,48,41,41,41,30,31,26,20,41,21,70,70,70,70,70,70,70,70,54,54,45,45,77,77,77,77,63,77,77,77,76,43],"gold":58,"neow_bonus":"THREE_ENEMY_KILL","is_daily":false,"chose_seed":false,"campfire_upgraded":6,"win_rate":0.0,"timestamp":1609528208,"path_taken":["M","?","?","?","M","R","E","$","T","M","M","E","M","?","R","BOSS","M","?","?","M","?","R","M","E","T","?","?","E","M","E","R","BOSS","M","M","M","$","M","E","R","E","T","E","?","$","R","?","R","BOSS","R","$","E","BOSS"],"items_purchased_type":["Card","Card","Card","Card","Card","Card","Card","Card","Card","Relic"],"build_version":"2020-12-22","purchased_purges":4,"victory":true,"max_hp_per_floor":[70,70,70,70,70,70,70,70,70,70,70,70,70,70,70,70,70,70,70,70,70,70,70,70,70,70,70,70,70,70,70,70,70,70,70,70,70,70,70,70,70,70,70,70,70,77,77,77,77,77,77,77,77,77,77],"card_choices":[{"not_picked":["Accuracy","Quick Slash"],"picked":"Infinite Blades","floor":1},{"not_picked":["Well Laid Plans","Flying Knee"],"picked":"Bane","floor":5},{"not_picked":["Dash","Cloak And Dagger"],"picked":"Caltrops","floor":7},{"not_picked":["Acrobatics","Distraction"],"picked":"Quick Slash","floor":10},{"not_picked":["Outmaneuver","Cloak And Dagger"],"picked":"Dodge and Roll","floor":11},{"not_picked":["PiercingWail","Dagger Spray"],"picked":"Bane","floor":12},{"not_picked":["Sucker Punch","Backflip"],"picked":"Cloak And Dagger","floor":13},{"not_picked":["Bullet Time","Venomology"],"picked":"After Image","floor":16},{"not_picked":["Riddle With Holes","Endless Agony"],"picked":"Prepared","floor":18},{"not_picked":["Dodge and Roll","Flechettes+1"],"picked":"Accuracy+1","floor":19},{"not_picked":["Endless Agony+1","Backstab"],"picked":"Poisoned Stab","floor":21},{"not_picked":["Dodge and Roll","Expertise"],"picked":"Blade Dance+1","floor":24},{"not_picked":["All Out Attack","Dash+1"],"picked":"Die Die Die","floor":25},{"not_picked":["Prepared","Setup"],"picked":"Cloak And Dagger+1","floor":28},{"not_picked":["Bullet Time","Slice+1"],"picked":"Poisoned Stab","floor":29},{"not_picked":["Poisoned Stab+1","Dodge and Roll"],"picked":"Catalyst","floor":30},{"not_picked":["Finisher","Prepared"],"picked":"Outmaneuver","floor":31},{"not_picked":["Bullet Time","Phantasmal Killer"],"picked":"After Image","floor":33},{"not_picked":["Heel Hook","All Out Attack+1"],"picked":"Caltrops","floor":35},{"not_picked":["Poisoned Stab+1","Acrobatics+1"],"picked":"Cloak And Dagger+1","floor":36},{"not_picked":["Terror","Masterful Stab+1"],"picked":"Crippling Poison+1","floor":37},{"not_picked":["Underhanded Strike+1","Eviscerate+1"],"picked":"Outmaneuver+1","floor":39},{"not_picked":["Unload","PiercingWail"],"picked":"Blade Dance","floor":40},{"not_picked":["Deadly Poison+1","Deflect+1"],"picked":"Quick Slash","floor":42},{"not_picked":["Deadly Poison+1","Distraction+1"],"picked":"Malaise+1","floor":44},{"not_picked":["Poisoned Stab","Masterful Stab+1"],"picked":"Dodge and Roll+1","floor":48},{"not_picked":["Poisoned Stab+1","Predator"],"picked":"Terror+1","floor":54}],"player_experience":2218794,"relics_obtained":[{"floor":7,"key":"Pen Nib"},{"floor":9,"key":"Lantern"},{"floor":12,"key":"Art of War"},{"floor":25,"key":"Ninja Scroll"},{"floor":25,"key":"Bag of Preparation"},{"floor":26,"key":"Blood Vial"},{"floor":28,"key":"Torii"},{"floor":28,"key":"Bottled Tornado"},{"floor":29,"key":"Anchor"},{"floor":29,"key":"Old Coin"},{"floor":31,"key":"Ginger"},{"floor":31,"key":"Omamori"},{"floor":40,"key":"Lizard Tail"},{"floor":40,"key":"Bottled Lightning"},{"floor":42,"key":"Toxic Egg 2"},{"floor":42,"key":"Happy Flower"},{"floor":43,"key":"Mercury Hourglass"},{"floor":44,"key":"Potion Belt"},{"floor":44,"key":"Regal Pillow"},{"floor":54,"key":"Letter Opener"},{"floor":54,"key":"Du-Vu Doll"}],"event_choices":[{"damage_healed":0,"gold_gain":0,"player_choice":"Box","damage_taken":0,"relics_obtained":["Snake Skull"],"max_hp_gain":0,"max_hp_loss":0,"event_name":"Big Fish","floor":2,"gold_loss":0,"cards_obtained":["Regret"]},{"damage_healed":0,"gold_gain":0,"player_choice":"Entered Light","damage_taken":14,"max_hp_gain":0,"max_hp_loss":0,"event_name":"Shining Light","floor":3,"gold_loss":0,"cards_upgraded":["Defend_G","Defend_G"]},{"damage_healed":0,"gold_gain":0,"player_choice":"Success","damage_taken":25,"relics_obtained":["Ornamental Fan"],"max_hp_gain":0,"max_hp_loss":0,"event_name":"Scrap Ooze","floor":4,"gold_loss":0},{"damage_healed":0,"gold_gain":0,"cards_transformed":["Strike_G","Strike_G"],"player_choice":"Became Test Subject","damage_taken":0,"max_hp_gain":0,"max_hp_loss":0,"event_name":"Drug Dealer","floor":20,"gold_loss":0,"cards_obtained":["Heel Hook","Backflip"]},{"damage_healed":0,"gold_gain":0,"player_choice":"Fight","damage_taken":0,"max_hp_gain":0,"max_hp_loss":0,"event_name":"Colosseum","floor":28,"gold_loss":0},{"damage_healed":0,"gold_gain":0,"player_choice":"Fought Nobs","damage_taken":0,"max_hp_gain":0,"max_hp_loss":0,"event_name":"Colosseum","floor":28,"gold_loss":0},{"damage_healed":0,"gold_gain":0,"player_choice":"Ignored","damage_taken":0,"max_hp_gain":0,"max_hp_loss":0,"event_name":"SecretPortal","floor":45,"gold_loss":0}],"is_beta":false,"boss_relics":[{"not_picked":["Cursed Key","HoveringKite"],"picked":"Black Star"},{"not_picked":["Velvet Choker","Runic Pyramid"],"picked":"Coffee Dripper"}],"items_purged_floors":[8,27,38,46],"is_endless":false,"potions_floor_spawned":[1,7,11,21,24,28,31,33,35,37,39,44,48,54],"ascension_level":1}}