{"host":"f6tqpspb2ou2a4h5","time":1609482641,"event":{"mods":["2.2 Compatiblity","Ascension Unlocker","BaseMod","Colored Map","DeckTracker","Hermit","Highlight Path","KOR Keyword Fix","Keyboard Shortcuts","Minty Spire (QoL Compilation)","Permanent Neow","Quick Restart","Random Character Button","StSLib","SuperFastMode","The Poker Player","everything is the same but u backflip on backflip"],"gold_per_floor":[113,130,48,58,74,102,102,136,136,136,171,191,191,207,207,307,307,324,335,355,103,103,135,135,35,35,46,46,46,46,65,65,65,65],"floor_reached":33,"playtime":1195,"items_purged":["Strike_B","Strike_B"],"score":499,"play_id":"34885e20-2500-4513-a959-bf030dcf8ed4","local_time":"20210101153041","is_ascension_mode":true,"campfire_choices":[{"data":"Fission","floor":7.0,"key":"SMITH"},{"data":"Zap","floor":10.0,"key":"SMITH"},{"floor":13.0,"key":"REST"},{"data":"Chaos","floor":15.0,"key":"SMITH"},{"data":"Steam","floor":24,"key":"SMITH"},{"data":"Loop","floor":28,"key":"SMITH"},{"data":"Dualcast","floor":30,"key":"SMITH"},{"data":"Steam Power","floor":32,"key":"SMITH"}],"circlet_count":0,"master_deck":["AscendersBane","Strike_B","Strike_B","Defend_B","Defend_B","Defend_B","Defend_B","Zap+1","Dualcast+1","Ball Lightning","Sweeping Beam+1","Dramatic Entrance+1","Fission+1","Compile Driver","Cold Snap","Chaos+1","Loop+1","Steam Power+1","Meteor Strike","Steam+1","Barrage+1","Conserve Battery","PokerPlayerMod:Fold","Dodge and Roll+1","hermit:BodyArmor+1"],"relics":["Cracked Core","Omamori","Whetstone","Symbiotic Virus","InkBottle","Mercury Hourglass","Coffee Dripper","PrismaticShard","Pantograph","Toxic Egg 2"],"acts_visited":["Exordium","TheCity"],"potions_floor_usage":[23,31,33],"damage_taken":[{"damage":3.0,"enemies":"2 Louse","floor":1.0,"turns":3.0},{"damage":2.0,"enemies":"Jaw Worm","floor":2.0,"turns":3.0},{"damage":0.0,"enemies":"Cultist","floor":4.0,"turns":2.0},{"damage":0.0,"enemies":"Lots of Slimes","floor":5.0,"turns":2.0},{"damage":10.0,"enemies":"3 Sentries","floor":6.0,"turns":7.0},{"damage":23.0,"enemies":"Lagavulin","floor":8.0,"turns":7.0},{"damage":5.0,"enemies":"3 Sentries","floor":11.0,"turns":3.0},{"damage":6.0,"enemies":"Exordium Thugs","floor":12.0,"turns":2.0},{"damage":0.0,"enemies":"3 Louse","floor":14.0,"turns":1.0},{"damage":12.0,"enemies":"The Guardian","floor":16.0,"turns":11.0},{"damage":0.0,"enemies":"Spheric Guardian","floor":18.0,"turns":1.0},{"damage":0.0,"enemies":"3 Byrds","floor":19.0,"turns":3.0},{"damage":27.0,"enemies":"Shelled Parasite and Fungi","floor":20.0,"turns":5.0},{"damage":0,"enemies":"Gremlin Leader","floor":23,"turns":5},{"damage":0,"enemies":"3 Cultists","floor":27,"turns":3},{"damage":8,"enemies":"Snake Plant","floor":31,"turns":2},{"damage":60,"enemies":"Champ","floor":33,"turns":6}],"seed_played":"4876083119992583747","potions_obtained":[{"floor":5.0,"key":"AttackPotion"},{"floor":6.0,"key":"Energy Potion"},{"floor":8.0,"key":"SkillPotion"},{"floor":12.0,"key":"PotionOfCapacity"},{"floor":16.0,"key":"FocusPotion"},{"floor":27,"key":"Fruit Juice"}],"is_trial":false,"path_per_floor":["M","M","$","M","M","E","R","E","T","R","E","M","R","M","R","B",null,"M","M","M","$","?","E","R","$","T","M","R","?","R","M","R","B"],"character_chosen":"DEFECT","items_purchased":["Dramatic Entrance","PrismaticShard","Conserve Battery"],"campfire_rested":1,"item_purchase_floors":[3,21,21],"current_hp_per_floor":[65,63,63,63,63,53,53,30,30,30,25,19,41,41,41,29,64,64,64,37,37,37,37,37,37,37,37,37,37,37,34,34,0,0],"gold":65,"neow_bonus":"RANDOM_COMMON_RELIC","is_daily":false,"chose_seed":false,"campfire_upgraded":7,"win_rate":0.0,"timestamp":1609482641,"path_taken":["M","M","$","M","M","E","R","E","T","R","E","M","R","M","R","BOSS","M","M","M","$","?","E","R","$","T","M","R","?","R","M","R","BOSS"],"items_purchased_type":["Card","Relic","Card"],"build_version":"2020-12-22","purchased_purges":2,"victory":false,"max_hp_per_floor":[75,75,75,75,75,75,75,75,75,75,75,75,75,75,75,75,75,75,75,75,75,75,75,75,75,75,75,75,75,75,80,80,80,80],"card_choices":[{"not_picked":["Leap","Turbo"],"picked":"Ball Lightning","floor":1.0},{"not_picked":["Compile Driver","Hello World"],"picked":"Sweeping Beam","floor":2.0},{"not_picked":["Rebound","Hologram"],"picked":"Fission","floor":4.0},{"not_picked":["Sweeping Beam","Barrage"],"picked":"Compile Driver","floor":5.0},{"not_picked":["Sunder","Skim"],"picked":"Cold Snap","floor":6.0},{"not_picked":["Doom and Gloom","Sweeping Beam","Gash"],"picked":"SKIP","floor":8.0},{"not_picked":["Doom and Gloom","Ball Lightning"],"picked":"Chaos","floor":11.0},{"not_picked":["Fission","Redo"],"picked":"Loop","floor":12.0},{"not_picked":["Auto Shields","Chaos"],"picked":"Steam Power","floor":14.0},{"not_picked":["Echo Form","Amplify"],"picked":"Meteor Strike","floor":16.0},{"not_picked":["Sweeping Beam","FTL","Force Field"],"picked":"SKIP","floor":18.0},{"not_picked":["Doom and Gloom","Leap"],"picked":"Steam","floor":19.0},{"not_picked":["Sweeping Beam+1","Stack"],"picked":"Barrage+1","floor":20.0},{"not_picked":["JustLucky","Madness"],"picked":"PokerPlayerMod:Fold","floor":23},{"not_picked":["Sucker Punch","Force Field+1"],"picked":"Dodge and Roll+1","floor":27},{"not_picked":["Nirvana","Double Energy+1"],"picked":"hermit:BodyArmor+1","floor":31}],"player_experience":59759,"relics_obtained":[{"floor":6.0,"key":"Whetstone"},{"floor":8.0,"key":"Symbiotic Virus"},{"floor":9.0,"key":"InkBottle"},{"floor":11.0,"key":"Mercury Hourglass"},{"floor":23,"key":"Pantograph"},{"floor":26,"key":"Toxic Egg 2"}],"event_choices":[{"damage_healed":0.0,"max_hp_gain":0.0,"max_hp_loss":0.0,"gold_gain":0.0,"event_name":"Vampires","player_choice":"Ignored","floor":22.0,"gold_loss":0.0,"damage_taken":0.0},{"damage_healed":0,"gold_gain":0,"player_choice":"Ignored","damage_taken":0,"max_hp_gain":0,"max_hp_loss":0,"event_name":"Ghosts","floor":29,"gold_loss":0}],"is_beta":false,"boss_relics":[{"not_picked":["FrozenCore","Empty Cage"],"picked":"Coffee Dripper"}],"items_purged_floors":[21,25],"is_endless":false,"potions_floor_spawned":[5,6,8,12,16,18,19,27],"killed_by":"Champ","ascension_level":12}}