{"host":"axuns55dzq466eei","time":1609473166,"event":{"mods":["BaseMod","Colored Map","Keyboard Shortcuts","Minty Spire (QoL Compilation)","StSLib","SuperFastMode"],"gold_per_floor":[114,39,49,49,64,64,74,103,127,127,27,27,38,49,49,123,123,134,134,134,34,47,47,47,47,96,96,106,106,106],"floor_reached":29,"playtime":529,"items_purged":["Decay","Strike_G"],"score":446,"play_id":"e476fa7f-7908-4ea8-82d1-ba3ad76c9fbb","local_time":"20210101125246","is_ascension_mode":true,"campfire_choices":[{"data":"Crippling Poison","floor":6,"key":"SMITH"},{"data":"Cloak And Dagger","floor":12,"key":"SMITH"},{"data":"Cloak And Dagger","floor":15,"key":"SMITH"},{"data":"Tactician","floor":23,"key":"SMITH"},{"data":"Accuracy","floor":25,"key":"SMITH"},{"data":"Accuracy","floor":27,"key":"SMITH"}],"circlet_count":0,"master_deck":["AscendersBane","Strike_G","Strike_G","Strike_G","Defend_G","Defend_G","Defend_G","Defend_G","Survivor","Neutralize","Die Die Die","Doppelganger","Accuracy+1","All Out Attack","Crippling Poison+1","Acrobatics","Bouncing Flask+1","Cloak And Dagger+1","Accuracy+1","Cloak And Dagger+1","Adrenaline","Tactician+1","Pain"],"relics":["Ring of the Snake","Oddly Smooth Stone","MealTicket","Cursed Key"],"acts_visited":["Exordium","TheCity"],"potions_floor_usage":[8,29,29],"damage_taken":[{"damage":18,"enemies":"Jaw Worm","floor":1,"turns":6},{"damage":0,"enemies":"2 Louse","floor":3,"turns":2},{"damage":6,"enemies":"Cultist","floor":5,"turns":4},{"damage":0,"enemies":"2 Fungi Beasts","floor":7,"turns":2},{"damage":17,"enemies":"3 Sentries","floor":8,"turns":7},{"damage":4,"enemies":"Looter","floor":13,"turns":3},{"damage":1,"enemies":"Large Slime","floor":14,"turns":5},{"damage":28,"enemies":"Slime Boss","floor":16,"turns":7},{"damage":21,"enemies":"2 Thieves","floor":18,"turns":4},{"damage":0,"enemies":"3 Byrds","floor":22,"turns":3},{"damage":24,"enemies":"Snake Plant","floor":28,"turns":4},{"damage":19,"enemies":"Cultist and Chosen","floor":29,"turns":4}],"seed_played":"-2945308299440816507","potions_obtained":[{"floor":1,"key":"Dexterity Potion"},{"floor":5,"key":"BlessingOfTheForge"},{"floor":22,"key":"Energy Potion"},{"floor":28,"key":"SkillPotion"}],"is_trial":false,"path_per_floor":["M","$","M","?","M","R","M","E","T","?","$","R","M","M","R","B",null,"M","?","?","$","M","R","?","R","T","R","M","M"],"character_chosen":"THE_SILENT","items_purchased":["Cloak And Dagger","Accuracy"],"campfire_rested":0,"item_purchase_floors":[11,11],"current_hp_per_floor":[41,41,41,46,40,40,40,23,23,23,38,38,34,33,33,5,55,34,34,34,49,49,49,29,29,29,29,5,0,0],"gold":106,"neow_bonus":"TRANSFORM_TWO_CARDS","is_daily":false,"chose_seed":false,"campfire_upgraded":6,"win_rate":0.0,"timestamp":1609473166,"path_taken":["M","$","M","?","M","R","M","E","T","?","$","R","?","M","R","BOSS","M","?","?","$","M","R","?","R","T","R","M","M"],"items_purchased_type":["Card","Card"],"build_version":"2020-12-22","purchased_purges":2,"victory":false,"max_hp_per_floor":[66,66,66,71,71,71,71,71,71,71,71,71,71,71,71,71,71,71,71,71,71,71,71,76,76,76,76,76,76,76],"card_choices":[{"not_picked":["Masterful Stab","Expertise"],"picked":"Accuracy","floor":1},{"not_picked":["PiercingWail","Backflip"],"picked":"All Out Attack","floor":3},{"not_picked":["Flying Knee","Masterful Stab"],"picked":"Crippling Poison","floor":5},{"not_picked":["Prepared","Dagger Throw"],"picked":"Acrobatics","floor":7},{"not_picked":["Sucker Punch","Deflect"],"picked":"Bouncing Flask","floor":8},{"not_picked":["Distraction","Dagger Throw"],"picked":"Cloak And Dagger","floor":13},{"not_picked":["Flying Knee","Eviscerate","Poisoned Stab"],"picked":"SKIP","floor":14},{"not_picked":["Grand Finale","Unload"],"picked":"Adrenaline","floor":16},{"not_picked":["Prepared","Noxious Fumes"],"picked":"Tactician","floor":18},{"not_picked":["Deflect","Crippling Poison","Endless Agony"],"picked":"SKIP","floor":22},{"not_picked":["Deflect","Crippling Poison","Endless Agony"],"picked":"SKIP","floor":22},{"not_picked":["Dodge and Roll","Underhanded Strike","Skewer"],"picked":"SKIP","floor":28}],"player_experience":1041012,"relics_obtained":[{"floor":8,"key":"Oddly Smooth Stone"},{"floor":9,"key":"MealTicket"}],"event_choices":[{"damage_healed":0,"gold_gain":0,"player_choice":"Donut","damage_taken":0,"max_hp_gain":5,"max_hp_loss":0,"event_name":"Big Fish","floor":4,"gold_loss":0},{"damage_healed":0,"gold_gain":0,"player_choice":"Upgraded","damage_taken":0,"max_hp_gain":0,"max_hp_loss":0,"event_name":"Upgrade Shrine","floor":10,"gold_loss":0,"cards_upgraded":["Bouncing Flask"]},{"damage_healed":0,"gold_gain":0,"player_choice":"Ignored","damage_taken":0,"max_hp_gain":0,"max_hp_loss":0,"event_name":"Vampires","floor":19,"gold_loss":0},{"damage_healed":0,"gold_gain":0,"player_choice":"Ignored","damage_taken":0,"max_hp_gain":0,"max_hp_loss":0,"event_name":"Ghosts","floor":20,"gold_loss":0},{"damage_healed":0,"gold_gain":0,"player_choice":"Shed Blood","damage_taken":25,"max_hp_gain":5,"max_hp_loss":0,"event_name":"Forgotten Altar","floor":24,"gold_loss":0}],"is_beta":false,"boss_relics":[{"not_picked":["Philosopher\u0027s Stone","Velvet Choker"],"picked":"Cursed Key"}],"items_purged_floors":[2,21],"is_endless":false,"potions_floor_spawned":[1,5,7,22,28],"killed_by":"Cultist and Chosen","ascension_level":20}}