{"host":"9tch52zpouts7b2p","time":1609479791,"event":{"mods":["BaseMod","Colored Map","Minty Spire (QoL Compilation)","StSLib","UnlockEverythingMod"],"gold_per_floor":[112,126,126,126,146,172,132,144,144,144,155,1,1,12,12,12,12],"floor_reached":16,"playtime":693,"items_purged":[],"score":112,"play_id":"4c4fbd42-86ca-445d-9271-6c634de44bd6","local_time":"20210101134311","is_ascension_mode":true,"campfire_choices":[{"floor":10,"key":"REST"},{"floor":15,"key":"REST"}],"circlet_count":0,"master_deck":["Strike_B","Strike_B","Strike_B","Strike_B","Defend_B","Defend_B","Defend_B","Defend_B","Zap","Dualcast","Sunder","Coolheaded","Compile Driver","Turbo","Hologram","Steam","Fission","Self Repair"],"relics":["Cracked Core","NeowsBlessing","Akabeko","Regal Pillow","PrismaticShard","Matryoshka"],"acts_visited":["Exordium"],"potions_floor_usage":[6,6,8,8,16],"damage_taken":[{"damage":0,"enemies":"Jaw Worm","floor":1,"turns":1},{"damage":0,"enemies":"Cultist","floor":2,"turns":1},{"damage":0,"enemies":"2 Louse","floor":5,"turns":1},{"damage":37,"enemies":"Lagavulin","floor":6,"turns":6},{"damage":18,"enemies":"Exordium Thugs","floor":8,"turns":4},{"damage":0,"enemies":"Exordium Wildlife","floor":11,"turns":2},{"damage":5,"enemies":"2 Fungi Beasts","floor":14,"turns":3},{"damage":52,"enemies":"Slime Boss","floor":16,"turns":9}],"seed_played":"8278084717442769952","potions_obtained":[{"floor":1,"key":"LiquidBronze"},{"floor":5,"key":"Strength Potion"},{"floor":7,"key":"PowerPotion"},{"floor":7,"key":"PowerPotion"},{"floor":7,"key":"EssenceOfSteel"},{"floor":14,"key":"Weak Potion"}],"is_trial":false,"path_per_floor":["M","M","?","?","M","E","?","M","T","R","M","$","T","M","R","B"],"character_chosen":"DEFECT","items_purchased":["PrismaticShard"],"campfire_rested":2,"item_purchase_floors":[12],"current_hp_per_floor":[75,75,80,80,80,43,43,25,25,64,64,64,64,59,80,28,28],"gold":12,"neow_bonus":"THREE_ENEMY_KILL","is_daily":false,"chose_seed":false,"campfire_upgraded":0,"win_rate":0.0,"timestamp":1609479791,"path_taken":["M","M","?","?","?","E","?","M","T","R","M","?","?","M","R","BOSS"],"items_purchased_type":["Relic"],"build_version":"2020-12-22","purchased_purges":0,"victory":false,"max_hp_per_floor":[75,75,80,80,80,80,80,80,80,80,80,80,80,80,80,80,80],"card_choices":[{"not_picked":["Doom and Gloom","Steam"],"picked":"Sunder","floor":1},{"not_picked":["Gash","Blizzard"],"picked":"Coolheaded","floor":2},{"not_picked":["Double Energy","Compile Driver"],"picked":"Turbo","floor":5},{"not_picked":["Coolheaded","Redo"],"picked":"Hologram","floor":6},{"not_picked":["Hologram","Static Discharge"],"picked":"Steam","floor":8},{"not_picked":["Steam","Recycle"],"picked":"Fission","floor":11},{"not_picked":["FlyingSleeves","Havoc"],"picked":"Self Repair","floor":14}],"player_experience":98560,"relics_obtained":[{"floor":6,"key":"Akabeko"},{"floor":9,"key":"Regal Pillow"},{"floor":13,"key":"Matryoshka"}],"event_choices":[{"damage_healed":0,"gold_gain":0,"player_choice":"Donut","damage_taken":0,"max_hp_gain":5,"max_hp_loss":0,"event_name":"Big Fish","floor":3,"gold_loss":0},{"damage_healed":0,"gold_gain":0,"player_choice":"1 cards matched","damage_taken":0,"max_hp_gain":0,"max_hp_loss":0,"event_name":"Match and Keep!","floor":4,"gold_loss":0,"cards_obtained":["Compile Driver"]},{"damage_healed":0,"gold_gain":0,"player_choice":"Bought 3 Potions","damage_taken":0,"max_hp_gain":0,"max_hp_loss":0,"event_name":"The Woman in Blue","floor":7,"gold_loss":0}],"is_beta":false,"boss_relics":[],"items_purged_floors":[],"is_endless":false,"potions_floor_spawned":[1,5,14],"killed_by":"Slime Boss","ascension_level":2}}