{"host":"n4oa921u88t6jog9","time":1609511233,"event":{"mods":["AchievementEnabler","BaseMod","DeckTracker","Keyboard Shortcuts","Minty Spire (QoL Compilation)","Quick Restart","StSLib","SuperFastMode"],"gold_per_floor":[115,115,115,136,27,27,63,63,63,83,102,116,147,168,168,261,261,274,290,290,88,88,88],"floor_reached":22,"playtime":767,"items_purged":["All Out Attack"],"score":409,"play_id":"0debf109-26f2-4d64-983c-3f7224410a7b","local_time":"20210101232713","is_ascension_mode":true,"campfire_choices":[{"data":"Well Laid Plans","floor":6.0,"key":"SMITH"},{"data":"Dagger Spray","floor":15.0,"key":"SMITH"}],"circlet_count":0,"master_deck":["AscendersBane","Strike_G","Strike_G","Defend_G","Defend_G","Defend_G","Defend_G","Defend_G","Survivor","Neutralize","Backflip","Dagger Spray+1","Well Laid Plans+1","Dagger Spray","Blur","Flying Knee","Infinite Blades","Noxious Fumes+1","Burst","Accuracy","Cloak And Dagger"],"relics":["Ring of the Snake","NeowsBlessing","Golden Idol","Pantograph","Incense Burner","Kunai","Fusion Hammer"],"acts_visited":["Exordium","TheCity"],"potions_floor_usage":[22],"damage_taken":[{"damage":0.0,"enemies":"Small Slimes","floor":1.0,"turns":1.0},{"damage":0.0,"enemies":"Jaw Worm","floor":4.0,"turns":1.0},{"damage":0.0,"enemies":"Gremlin Nob","floor":7.0,"turns":1.0},{"damage":8.0,"enemies":"2 Louse","floor":10.0,"turns":3.0},{"damage":0.0,"enemies":"2 Fungi Beasts","floor":11.0,"turns":2.0},{"damage":0.0,"enemies":"3 Louse","floor":12.0,"turns":3.0},{"damage":28.0,"enemies":"Lagavulin","floor":13.0,"turns":10.0},{"damage":0.0,"enemies":"Gremlin Gang","floor":14.0,"turns":1.0},{"damage":29.0,"enemies":"Slime Boss","floor":16.0,"turns":11.0},{"damage":0.0,"enemies":"3 Byrds","floor":18.0,"turns":6.0},{"damage":23.0,"enemies":"Shell Parasite","floor":19.0,"turns":6.0},{"damage":34,"enemies":"Masked Bandits","floor":22,"turns":3}],"seed_played":"-2517492954803802453","potions_obtained":[{"floor":4.0,"key":"LiquidMemories"},{"floor":7.0,"key":"Dexterity Potion"},{"floor":16.0,"key":"Dexterity Potion"}],"is_trial":false,"path_per_floor":["M","?","T","M","$","R","E","?","T","M","M","M","E","M","R","B",null,"M","M","?","$","?"],"character_chosen":"THE_SILENT","items_purchased":["Well Laid Plans","Dagger Spray","Accuracy","Cloak And Dagger"],"campfire_rested":0,"item_purchase_floors":[5,5,21,21],"current_hp_per_floor":[59,59,59,59,59,59,59,59,59,51,51,51,23,23,23,19,50,50,27,27,27,0,0],"gold":88,"neow_bonus":"THREE_ENEMY_KILL","is_daily":false,"chose_seed":false,"campfire_upgraded":2,"win_rate":0.0,"timestamp":1609511233,"path_taken":["M","?","?","?","$","R","E","?","T","M","M","M","E","M","R","BOSS","M","M","?","$","?"],"items_purchased_type":["Card","Card","Card","Card"],"build_version":"2020-12-22","purchased_purges":1,"victory":false,"max_hp_per_floor":[66,60,60,60,60,60,60,60,60,60,60,60,60,60,60,60,60,60,60,60,60,60,60],"card_choices":[{"not_picked":["Dodge and Roll","Endless Agony"],"picked":"Backflip","floor":1.0},{"not_picked":["Bane","Accuracy"],"picked":"Dagger Spray","floor":4.0},{"not_picked":["Noxious Fumes","Slice"],"picked":"Blur","floor":7.0},{"not_picked":["Poisoned Stab","Outmaneuver"],"picked":"Flying Knee","floor":10.0},{"not_picked":["Outmaneuver","Riddle With Holes","Expertise"],"picked":"SKIP","floor":11.0},{"not_picked":["Phantasmal Killer","Underhanded Strike","Slice"],"picked":"SKIP","floor":12.0},{"not_picked":["Backstab","Crippling Poison"],"picked":"Infinite Blades","floor":13.0},{"not_picked":["Deadly Poison","Acrobatics","Underhanded Strike"],"picked":"SKIP","floor":14.0},{"not_picked":["Deadly Poison","Acrobatics","Underhanded Strike"],"picked":"SKIP","floor":14.0},{"not_picked":["Deadly Poison","Acrobatics","Underhanded Strike"],"picked":"SKIP","floor":14.0},{"not_picked":["Sucker Punch","Riddle With Holes"],"picked":"Noxious Fumes+1","floor":18.0},{"not_picked":["Flying Knee","Distraction","Flechettes"],"picked":"SKIP","floor":19.0}],"player_experience":373555,"relics_obtained":[{"floor":3.0,"key":"Pantograph"},{"floor":7.0,"key":"Incense Burner"},{"floor":13.0,"key":"Kunai"}],"event_choices":[{"damage_healed":0.0,"max_hp_gain":0.0,"max_hp_loss":6.0,"gold_gain":0.0,"event_name":"Golden Idol","player_choice":"Lose Max HP","floor":2.0,"gold_loss":0.0,"damage_taken":0.0,"relics_obtained":["Golden Idol"]},{"cards_removed":["Strike_G"],"damage_healed":0.0,"max_hp_gain":0.0,"max_hp_loss":0.0,"gold_gain":0.0,"event_name":"Living Wall","player_choice":"Forget","floor":8.0,"gold_loss":0.0,"damage_taken":0.0},{"damage_healed":0.0,"max_hp_gain":0.0,"max_hp_loss":0.0,"gold_gain":0.0,"cards_transformed":["Strike_G","Strike_G"],"event_name":"Drug Dealer","player_choice":"Became Test Subject","floor":20.0,"gold_loss":0.0,"damage_taken":0.0,"cards_obtained":["All Out Attack","Burst"]},{"damage_healed":0,"gold_gain":0,"player_choice":"Fought Bandits","damage_taken":0,"max_hp_gain":0,"max_hp_loss":0,"event_name":"Masked Bandits","floor":22,"gold_loss":0}],"is_beta":false,"boss_relics":[{"not_picked":["Runic Dome","Cursed Key"],"picked":"Fusion Hammer"}],"items_purged_floors":[21],"is_endless":false,"potions_floor_spawned":[4,7,12,16],"killed_by":"Masked Bandits","ascension_level":17}}