{"host":"sfkslwp4t49i7lrt","time":1609526456,"event":{"mods":["BaseMod","Bestiary","Block Reminder","Downfall","Highlight Path","Minty Spire (QoL Compilation)","Relic Stats","StSLib","everything is the same but u backflip on backflip","slay the spire mod where everything is the same but ironclad has a cowboy hat"],"gold_per_floor":[99,99,99,99,99,113,113,132,164,149,182,182,194,194,208,304,304,304,324,334,353,193,193,193,208,208,208,218,218,218,318,335,335,335,335],"floor_reached":33,"playtime":1342,"items_purged":["Guardian:Strike_Guardian"],"score":344,"play_id":"60fe89f1-17d8-4538-a737-1170ec3139fe","local_time":"20210102014056","is_ascension_mode":true,"campfire_choices":[{"data":"Guardian:TwinSlam","floor":1,"key":"SMITH"},{"data":"Guardian:BaubleBeam","floor":12,"key":"SMITH"},{"data":"Guardian:SentryBeam","floor":18,"key":"SMITH"},{"floor":23,"key":"REST"},{"floor":26,"key":"REST"}],"circlet_count":0,"master_deck":["Guardian:Strike_Guardian","Guardian:Strike_Guardian","Guardian:Defend_Guardian","Guardian:Defend_Guardian","Guardian:Defend_Guardian","Guardian:Defend_Guardian","Guardian:CurlUp","Guardian:TwinSlam+1","Guardian:PrimingBeam","Guardian:CrystalBeam","Guardian:Incinerate","Guardian:SentryBeam+1","Guardian:Harden","Guardian:PrimingBeam","Guardian:BaubleBeam+1","Guardian:ShieldCharger","Guardian:RollAttack","Guardian:StasisField","Guardian:ShieldSpikes","Guardian:TemporalStrike","Guardian:ChargeUp","Guardian:EvasiveProtocol","Guardian:FastForward"],"relics":["Guardian:ModeShifter","downfall:HeartsMalice","StrikeDummy","Matryoshka","Vajra","Sozu","Juzu Bracelet","Gambling Chip","champ:DuelingGlove","Meat on the Bone"],"acts_visited":["Exordium","TheCity"],"potions_floor_usage":[15,33,33],"damage_taken":[{"damage":0,"enemies":"Jaw Worm","floor":2,"turns":1},{"damage":0,"enemies":"Cultist","floor":3,"turns":1},{"damage":0,"enemies":"Small Slimes","floor":4,"turns":1},{"damage":15,"enemies":"3 Louse","floor":6,"turns":3},{"damage":0,"enemies":"Exordium Wildlife","floor":8,"turns":2},{"damage":12,"enemies":"3 Sentries","floor":9,"turns":5},{"damage":5,"enemies":"downfall:FleeingMerchant","floor":10,"turns":4},{"damage":8,"enemies":"Gremlin Nob","floor":11,"turns":3},{"damage":0,"enemies":"Large Slime","floor":13,"turns":4},{"damage":7,"enemies":"3 Louse","floor":15,"turns":2},{"damage":22,"enemies":"downfall:Watcher","floor":16,"turns":8},{"damage":23,"enemies":"Shell Parasite","floor":19,"turns":4},{"damage":9,"enemies":"Cultist and Chosen","floor":20,"turns":5},{"damage":12,"enemies":"Chosen and Byrds","floor":21,"turns":5},{"damage":2,"enemies":"downfall:FleeingMerchant","floor":22,"turns":4},{"damage":12,"enemies":"Snake Plant","floor":25,"turns":4},{"damage":7,"enemies":"Centurion and Healer","floor":28,"turns":5},{"damage":12,"enemies":"downfall:Ironclad","floor":31,"turns":6},{"damage":14,"enemies":"Shelled Parasite and Fungi","floor":32,"turns":4},{"damage":31,"enemies":"downfall:Defect","floor":33,"turns":9}],"seed_played":"3737520645673570437","potions_obtained":[{"floor":6,"key":"Weak Potion"},{"floor":8,"key":"Explosive Potion"},{"floor":11,"key":"LiquidBronze"},{"floor":16,"key":"Guardian:BlockOnCardUsePotion"}],"is_trial":false,"path_per_floor":["R","M","M","M","?","M","T","M","E","$","E","R","M","?","M","B",null,"R","M","M","M","$","R","T","M","R","?","M","?","?","?","M","B"],"character_chosen":"GUARDIAN","items_purchased":["Guardian:EvasiveProtocol"],"campfire_rested":2,"item_purchase_floors":[22],"current_hp_per_floor":[72,72,72,72,72,57,57,57,45,40,32,32,32,32,25,3,61,61,38,29,17,15,39,39,27,51,51,44,44,44,32,30,0,0,0],"gold":335,"neow_bonus":"THREE_ENEMY_KILL","is_daily":false,"chose_seed":false,"campfire_upgraded":3,"win_rate":0.0,"timestamp":1609526456,"path_taken":["R","M","M","M","?","M","T","?","E","$","E","R","M","?","M","BOSS","R","M","M","M","$","R","T","M","R","?","M","?","?","?","M","BOSS"],"items_purchased_type":["Card"],"build_version":"2020-12-22","purchased_purges":1,"victory":false,"max_hp_per_floor":[80,80,80,80,80,80,80,80,80,80,80,80,80,80,80,80,80,80,80,80,80,80,80,80,80,80,80,80,80,80,80,80,80,80,80],"relic_stats":{"Sozu":4,"counters":[20,77],"Gambling Chip":[5],"Juzu Bracelet":0,"obtain_stats":[{"Sozu":17,"champ:DuelingGlove":31,"Matryoshka":9,"Gambling Chip":24,"Guardian:ModeShifter":0,"Vajra":11,"downfall:HeartsMalice":0,"Juzu Bracelet":24,"StrikeDummy":7,"Meat on the Bone":31},{"Sozu":11,"champ:DuelingGlove":18,"Matryoshka":6,"Gambling Chip":15,"Guardian:ModeShifter":0,"Vajra":8,"downfall:HeartsMalice":0,"Juzu Bracelet":15,"StrikeDummy":4,"Meat on the Bone":18},{"Sozu":31,"champ:DuelingGlove":64,"Matryoshka":10,"Gambling Chip":49,"Guardian:ModeShifter":0,"Vajra":17,"downfall:HeartsMalice":0,"Juzu Bracelet":49,"StrikeDummy":3,"Meat on the Bone":64}],"Meat on the Bone":12},"card_choices":[{"not_picked":["Guardian:TimeCapacitor","Guardian:Gem_Red"],"picked":"Guardian:PrimingBeam","floor":2},{"not_picked":["Guardian:Recover","Guardian:Gem_Green"],"picked":"Guardian:Gem_Crimson","floor":3},{"not_picked":["Guardian:Planning","Guardian:Gem_Lightblue"],"picked":"Guardian:CrystalBeam","floor":4},{"not_picked":["Guardian:Gem_Green","Guardian:TemporalStrike"],"picked":"Guardian:Incinerate","floor":6},{"not_picked":["Guardian:Gem_Green","Guardian:MultiBeam"],"picked":"Guardian:SentryBeam","floor":8},{"not_picked":["Guardian:Reroute","Guardian:DonusPower"],"picked":"Guardian:Harden","floor":9},{"not_picked":["Guardian:PrismaticBarrier","Guardian:Suspension"],"picked":"Guardian:PrimingBeam","floor":10},{"not_picked":["Guardian:GuardianWhirl","Guardian:SpikerProtocol"],"picked":"Guardian:BaubleBeam","floor":11},{"not_picked":["Guardian:Gem_Green","Guardian:Gem_Crimson"],"picked":"Guardian:ShieldCharger","floor":13},{"not_picked":["Guardian:WalkerClaw","Guardian:VentSteam"],"picked":"Guardian:RollAttack","floor":15},{"not_picked":["Guardian:CompilePackage","Guardian:AncientConstruct"],"picked":"Guardian:StasisField","floor":16},{"not_picked":["Guardian:RollAttack+1","Guardian:Incinerate"],"picked":"Guardian:ShieldSpikes","floor":19},{"not_picked":["Guardian:Suspension","Guardian:Recover"],"picked":"Guardian:TemporalStrike","floor":20},{"not_picked":["Guardian:PrismaticBeam","Guardian:Suspension"],"picked":"Guardian:Gem_Red","floor":21},{"not_picked":["Guardian:ShieldCharger","Guardian:ShieldSpikes"],"picked":"Guardian:ChargeUp","floor":22},{"not_picked":["Guardian:CrystalBeam","Guardian:Suspension","Guardian:Gem_Red"],"picked":"SKIP","floor":25},{"not_picked":["Guardian:EvasiveProtocol","Guardian:WalkerClaw+1","Guardian:BronzeOrb"],"picked":"SKIP","floor":28},{"not_picked":["Guardian:DonusPower","Guardian:TemporalStrike","Guardian:ShieldCharger"],"picked":"SKIP","floor":32}],"player_experience":415605,"relics_obtained":[{"floor":7,"key":"StrikeDummy"},{"floor":9,"key":"Matryoshka"},{"floor":11,"key":"Vajra"},{"floor":24,"key":"Juzu Bracelet"},{"floor":24,"key":"Gambling Chip"},{"floor":31,"key":"champ:DuelingGlove"},{"floor":31,"key":"Meat on the Bone"}],"event_choices":[{"damage_healed":0,"gold_gain":0,"player_choice":"Read","damage_taken":0,"max_hp_gain":0,"max_hp_loss":0,"event_name":"The Library","floor":27,"gold_loss":0,"cards_obtained":["Guardian:FastForward"]}],"is_beta":false,"boss_relics":[{"not_picked":["Astrolabe","Black Star"],"picked":"Sozu"}],"items_purged_floors":[22],"is_endless":false,"potions_floor_spawned":[6,8,11,16,19,20,21,32],"killed_by":"downfall:Defect","ascension_level":7}}