{"host":"axuns55dzq466eei","time":1609509323,"event":{"mods":["BaseMod","Colored Map","Keyboard Shortcuts","Minty Spire (QoL Compilation)","StSLib","SuperFastMode"],"gold_per_floor":[114,29,45,45,45,70,70,87,113,113,34,109,121,133,133,133,133],"floor_reached":16,"playtime":199,"items_purged":[],"score":250,"play_id":"9a985963-168e-4937-b6cf-0da323da9d29","local_time":"20210101225523","is_ascension_mode":true,"campfire_choices":[{"data":"Heel Hook","floor":7.0,"key":"SMITH"},{"data":"Neutralize","floor":10.0,"key":"SMITH"},{"data":"Masterful Stab","floor":15,"key":"SMITH"}],"circlet_count":0,"master_deck":["AscendersBane","Strike_G","Strike_G","Strike_G","Strike_G+1","Strike_G","Defend_G","Defend_G","Defend_G+1","Defend_G","Defend_G","Survivor","Neutralize+1","Tactician","Heel Hook+1","Footwork","Accuracy","Masterful Stab+1"],"relics":["Ring of the Snake","NeowsBlessing","Snake Skull","Omamori"],"acts_visited":["Exordium"],"potions_floor_usage":[13,16,16],"damage_taken":[{"damage":0.0,"enemies":"Small Slimes","floor":1.0,"turns":2.0},{"damage":0.0,"enemies":"2 Louse","floor":3.0,"turns":1.0},{"damage":0.0,"enemies":"Gremlin Nob","floor":6.0,"turns":1.0},{"damage":2.0,"enemies":"Jaw Worm","floor":8.0,"turns":7.0},{"damage":0,"enemies":"Lots of Slimes","floor":13,"turns":3},{"damage":1,"enemies":"Large Slime","floor":14,"turns":6},{"damage":31,"enemies":"Slime Boss","floor":16,"turns":6}],"seed_played":"3754194208499559759","potions_obtained":[{"floor":1.0,"key":"FearPotion"},{"floor":6.0,"key":"Explosive Potion"},{"floor":13,"key":"Weak Potion"}],"is_trial":false,"path_per_floor":["M","$","M","?","?","E","R","M","T","R","$","?","M","M","R","B"],"character_chosen":"THE_SILENT","items_purchased":["Tactician","Accuracy"],"campfire_rested":0,"item_purchase_floors":[2,11],"current_hp_per_floor":[59,59,59,39,39,39,39,37,37,37,37,26,26,25,25,0,0],"gold":133,"neow_bonus":"THREE_ENEMY_KILL","is_daily":false,"chose_seed":false,"campfire_upgraded":3,"win_rate":0.0,"timestamp":1609509323,"path_taken":["M","$","M","?","?","E","R","M","T","R","$","?","M","M","R","BOSS"],"items_purchased_type":["Card","Card"],"build_version":"2020-12-22","purchased_purges":0,"victory":false,"max_hp_per_floor":[66,66,66,66,66,66,66,66,66,66,66,66,66,66,66,66,66],"card_choices":[{"not_picked":["Caltrops","Deflect","Underhanded Strike"],"picked":"SKIP","floor":1.0},{"not_picked":["Infinite Blades","Backflip"],"picked":"Heel Hook","floor":3.0},{"not_picked":["Infinite Blades","PiercingWail"],"picked":"Footwork","floor":6.0},{"not_picked":["Deflect","Poisoned Stab","Bane"],"picked":"SKIP","floor":8.0},{"not_picked":["Sucker Punch","Prepared"],"picked":"Masterful Stab","floor":13},{"not_picked":["Accuracy","Caltrops","Finisher"],"picked":"SKIP","floor":14}],"player_experience":1049901,"relics_obtained":[{"floor":6.0,"key":"Snake Skull"},{"floor":9.0,"key":"Omamori"}],"event_choices":[{"damage_healed":0.0,"max_hp_gain":0.0,"max_hp_loss":0.0,"gold_gain":0.0,"event_name":"Shining Light","player_choice":"Entered Light","floor":4.0,"gold_loss":0.0,"damage_taken":20.0,"cards_upgraded":["Defend_G","Strike_G"]},{"damage_healed":0.0,"max_hp_gain":0.0,"max_hp_loss":0.0,"gold_gain":0.0,"event_name":"Golden Idol","player_choice":"Ignored","floor":5.0,"gold_loss":0.0,"damage_taken":0.0},{"damage_healed":0.0,"max_hp_gain":0.0,"max_hp_loss":0.0,"gold_gain":75.0,"event_name":"World of Goop","player_choice":"Gather Gold","floor":12.0,"gold_loss":0.0,"damage_taken":11.0}],"is_beta":false,"boss_relics":[],"items_purged_floors":[],"is_endless":false,"potions_floor_spawned":[1,6,13],"killed_by":"Slime Boss","ascension_level":20}}