{"host":"m6e09adb7fik7oct","time":1609474234,"event":{"mods":["AchievementEnabler","BaseMod","Better Altar","Better Note","Better Sensory Stone","Better Skull","Better Third Choice","Block Reminder","Colored Map","Displayed Cursed Tome","Ironclad Rager","Key Reminder","Mad Scientist","Minty Spire (QoL Compilation)","Permanent Neow","Quick Restart","RNG Fix","Relic Stats","Reorder Act Four","StSLib","Transform Curses","Unceasing Turn Reminder","everything is the same but u backflip on backflip"],"gold_per_floor":[111,125,125,125,138,169,169,207,207,227,227,247,247,286,286,407,407,401,420,441,441,491,491,529,529,529,554,594,47,61,186,186,306,306,326,349,349,367,390,429,429,472,472,323,337,375,375,388,388,388],"floor_reached":51,"playtime":6866,"items_purged":["Injury"],"score":834,"play_id":"20d8dc4e-69e4-4010-8bf4-455de35e4717","local_time":"20201231231034","is_ascension_mode":true,"campfire_choices":[{"floor":7.0,"key":"REST"},{"floor":11.0,"key":"REST"},{"floor":13.0,"key":"REST"},{"data":"Survivor","floor":15.0,"key":"SMITH"},{"data":"Riddle With Holes","floor":23.0,"key":"SMITH"},{"floor":25.0,"key":"REST"},{"floor":32.0,"key":"REST"},{"floor":41,"key":"REST"},{"floor":47,"key":"REST"},{"floor":49,"key":"REST"}],"circlet_count":0,"master_deck":["Strike_G","Strike_G","Strike_G","Strike_G","Strike_G","Defend_G","Defend_G","Defend_G","Defend_G","Defend_G","Survivor+1","Neutralize+1","Dagger Throw","Terror","PiercingWail","Riddle With Holes+1","Blade Dance","Flying Knee","Dagger Spray","Endless Agony","Bullet Time","Slice+1","Quick Slash+1","All Out Attack+1","All Out Attack+1","Phantasmal Killer","Leg Sweep+1","Underhanded Strike","Masterful Stab","Accuracy","Dramatic Entrance","Calculated Gamble+1","Adrenaline","CurseOfTheBell","Well Laid Plans+1","Die Die Die","Magnetism","Dramatic Entrance","Accuracy+1","Distraction","Dash+1","Cloak And Dagger+1","Blade Dance","Endless Agony","Eviscerate","Infinite Blades+1"],"relics":["Ring of the Snake","Golden Idol","Dream Catcher","Tough Bandages","Ginger","Torii","WristBlade","MealTicket","Thread and Needle","Centennial Puzzle","Sling","Vajra","Prayer Wheel","Kunai","Calling Bell","Toy Ornithopter","Pear","Unceasing Top","Anchor","Potion Belt","White Beast Statue","Orrery","Akabeko"],"acts_visited":["Exordium","TheCity","TheBeyond"],"potions_floor_usage":[33],"damage_taken":[{"damage":0.0,"enemies":"Cultist","floor":1.0,"turns":5.0},{"damage":2.0,"enemies":"Jaw Worm","floor":2.0,"turns":4.0},{"damage":2.0,"enemies":"2 Louse","floor":5.0,"turns":4.0},{"damage":29.0,"enemies":"Lagavulin","floor":6.0,"turns":9.0},{"damage":36.0,"enemies":"3 Sentries","floor":8.0,"turns":12.0},{"damage":1.0,"enemies":"Blue Slaver","floor":10.0,"turns":4.0},{"damage":2.0,"enemies":"Looter","floor":12.0,"turns":4.0},{"damage":8.0,"enemies":"Lagavulin","floor":14.0,"turns":6.0},{"damage":41.0,"enemies":"The Guardian","floor":16.0,"turns":9.0},{"damage":2.0,"enemies":"2 Thieves","floor":18.0,"turns":4.0},{"damage":1.0,"enemies":"Shell Parasite","floor":19.0,"turns":4.0},{"damage":16.0,"enemies":"Snake Plant","floor":20.0,"turns":4.0},{"damage":13.0,"enemies":"Gremlin Leader","floor":24.0,"turns":4.0},{"damage":29.0,"enemies":"Sentry and Sphere","floor":27.0,"turns":6.0},{"damage":18.0,"enemies":"Slavers","floor":28.0,"turns":6.0},{"damage":2.0,"enemies":"Centurion and Healer","floor":30.0,"turns":3.0},{"damage":1.0,"enemies":"Colosseum Slavers","floor":31.0,"turns":2.0},{"damage":0.0,"enemies":"Colosseum Nobs","floor":31.0,"turns":3.0},{"damage":29,"enemies":"Champ","floor":33,"turns":9},{"damage":1,"enemies":"Orb Walker","floor":35,"turns":2},{"damage":1,"enemies":"3 Darklings","floor":36,"turns":5},{"damage":3,"enemies":"4 Shapes","floor":38,"turns":1},{"damage":21,"enemies":"Maw","floor":39,"turns":6},{"damage":1,"enemies":"Reptomancer","floor":40,"turns":4},{"damage":11,"enemies":"Giant Head","floor":42,"turns":6},{"damage":18,"enemies":"Spire Growth","floor":45,"turns":4},{"damage":31,"enemies":"Nemesis","floor":46,"turns":5},{"damage":0,"enemies":"Jaw Worm Horde","floor":48,"turns":2},{"damage":60,"enemies":"Time Eater","floor":50,"turns":8}],"seed_played":"-5382834687393899257","potions_obtained":[{"floor":1.0,"key":"SpeedPotion"},{"floor":2.0,"key":"LiquidMemories"},{"floor":12.0,"key":"ColorlessPotion"},{"floor":16.0,"key":"Block Potion"},{"floor":20.0,"key":"GamblersBrew"},{"floor":24.0,"key":"DistilledChaos"},{"floor":31.0,"key":"DuplicationPotion"},{"floor":39,"key":"Swift Potion"},{"floor":42,"key":"SkillPotion"},{"floor":45,"key":"ColorlessPotion"},{"floor":46,"key":"DistilledChaos"},{"floor":48,"key":"Energy Potion"}],"is_trial":false,"path_per_floor":["M","M","?","?","M","E","R","E","T","M","R","M","R","E","R","B",null,"M","M","M","?","?","R","E","R","T","M","E","$","M","?","R","B",null,"M","M","?","M","M","E","R","E","T","$","M","E","R","M","R","B",null],"character_chosen":"THE_SILENT","items_purchased":["Accuracy","Dramatic Entrance","Sling","Vajra","Orrery"],"campfire_rested":8,"item_purchase_floors":[29,29,29,29,44],"current_hp_per_floor":[70,68,68,68,66,37,58,22,22,21,42,40,61,53,53,12,70,68,67,51,51,51,51,38,59,59,30,12,27,25,24,45,16,80,79,78,78,75,54,53,77,66,66,80,62,31,55,55,79,19],"gold":388,"neow_bonus":"THREE_CARDS","is_daily":false,"chose_seed":false,"campfire_upgraded":2,"win_rate":0.0,"timestamp":1609474234,"path_taken":["M","M","?","?","M","E","R","E","T","M","R","M","R","E","R","BOSS","M","M","?","?","?","R","E","R","T","M","E","$","M","?","R","BOSS","M","M","?","?","M","E","R","E","T","?","M","E","R","M","R","BOSS"],"items_purchased_type":["Card","Card","Relic","Relic","Relic"],"build_version":"2020-12-22","purchased_purges":1,"victory":true,"max_hp_per_floor":[70,70,70,70,70,70,70,70,70,70,70,70,70,70,70,70,70,70,70,70,70,70,70,70,70,70,70,70,70,70,70,70,70,80,80,80,80,80,80,80,80,80,80,80,80,80,80,80,80,80],"relic_stats":{"Torii":48,"counters":[29,145],"Golden Idol":218,"Ginger":[14],"Dream Catcher":8,"Tough Bandages":[222],"Centennial Puzzle":[37],"MealTicket":29,"Prayer Wheel":6,"Kunai":[39],"obtain_stats":[{"Potion Belt":42,"Pear":34,"Torii":14,"Golden Idol":4,"Vajra":29,"Thread and Needle":26,"Ginger":9,"Sling":29,"White Beast Statue":43,"Akabeko":46,"Calling Bell":34,"Dream Catcher":6,"Tough Bandages":8,"Centennial Puzzle":28,"Anchor":40,"WristBlade":17,"Orrery":44,"MealTicket":24,"Prayer Wheel":31,"Kunai":31,"Toy Ornithopter":34,"Unceasing Top":34,"Ring of the Snake":0},{"Potion Belt":25,"Pear":19,"Torii":8,"Golden Idol":2,"Vajra":15,"Thread and Needle":13,"Ginger":5,"Sling":15,"White Beast Statue":25,"Akabeko":27,"Calling Bell":19,"Dream Catcher":4,"Tough Bandages":5,"Centennial Puzzle":15,"Anchor":24,"WristBlade":9,"Orrery":25,"MealTicket":13,"Prayer Wheel":18,"Kunai":18,"Toy Ornithopter":19,"Unceasing Top":19,"Ring of the Snake":0},{"Potion Belt":126,"Pear":102,"Torii":48,"Golden Idol":9,"Vajra":85,"Thread and Needle":73,"Ginger":34,"Sling":85,"White Beast Statue":126,"Akabeko":135,"Calling Bell":102,"Dream Catcher":22,"Tough Bandages":34,"Centennial Puzzle":85,"Anchor":120,"WristBlade":57,"Orrery":126,"MealTicket":73,"Prayer Wheel":93,"Kunai":93,"Toy Ornithopter":102,"Unceasing Top":102,"Ring of the Snake":0}],"Toy Ornithopter":0,"Unceasing Top":[8],"Ring of the Snake":[59]},"card_choices":[{"not_picked":["Poisoned Stab","Deadly Poison"],"picked":"Dagger Throw","floor":1.0},{"not_picked":["Tactician","Acrobatics"],"picked":"Terror","floor":2.0},{"not_picked":["Noxious Fumes","Prepared"],"picked":"PiercingWail","floor":5.0},{"not_picked":["Flying Knee","Escape Plan"],"picked":"Riddle With Holes","floor":6.0},{"not_picked":["Riddle With Holes","Blur"],"picked":"Blade Dance","floor":8.0},{"not_picked":["Terror","Flying Knee","Skewer"],"picked":"SKIP","floor":10.0},{"not_picked":["Underhanded Strike","Escape Plan"],"picked":"Flying Knee","floor":11.0},{"not_picked":["Tools of the Trade","Blade Dance"],"picked":"Dagger Spray","floor":12.0},{"not_picked":["Flechettes","Deflect"],"picked":"Endless Agony","floor":13.0},{"not_picked":["Caltrops","Tactician","PiercingWail"],"picked":"SKIP","floor":14.0},{"not_picked":["Wraith Form v2","Envenom"],"picked":"Bullet Time","floor":16.0},{"not_picked":["Bane","Escape Plan+1"],"picked":"Slice+1","floor":18.0},{"not_picked":["PiercingWail","Bane"],"picked":"Quick Slash+1","floor":19.0},{"not_picked":["Deflect+1","Prepared"],"picked":"All Out Attack+1","floor":20.0},{"not_picked":["Sucker Punch","Bane"],"picked":"Phantasmal Killer","floor":24.0},{"not_picked":["Footwork+1","Eviscerate+1"],"picked":"Leg Sweep+1","floor":25.0},{"not_picked":["Prepared+1","Slice"],"picked":"Underhanded Strike","floor":27.0},{"not_picked":["Tactician","Backflip"],"picked":"Masterful Stab","floor":28.0},{"not_picked":["Poisoned Stab","Skewer","Backflip"],"picked":"SKIP","floor":30.0},{"not_picked":["Backflip","Deadly Poison"],"picked":"Calculated Gamble+1","floor":31.0},{"not_picked":["Envenom","Doppelganger"],"picked":"Adrenaline","floor":33},{"not_picked":["Outmaneuver","Deadly Poison"],"picked":"Well Laid Plans+1","floor":35},{"not_picked":["Catalyst+1","Sucker Punch+1","PiercingWail+1"],"picked":"SKIP","floor":35},{"not_picked":["Noxious Fumes+1","Sucker Punch"],"picked":"Die Die Die","floor":36},{"not_picked":["Noxious Fumes+1","Dagger Spray","Slice+1"],"picked":"SKIP","floor":36},{"not_picked":["Finesse","HandOfGreed"],"picked":"Magnetism","floor":37},{"not_picked":["PanicButton","Finesse"],"picked":"Dramatic Entrance","floor":37},{"not_picked":["Deflect","Bouncing Flask"],"picked":"Accuracy+1","floor":38},{"not_picked":["Prepared+1","Bouncing Flask","Quick Slash"],"picked":"SKIP","floor":38},{"not_picked":["Predator","Bane+1","Dagger Spray"],"picked":"SKIP","floor":39},{"not_picked":["Prepared+1","After Image","Leg Sweep"],"picked":"SKIP","floor":39},{"not_picked":["Slice","Bane"],"picked":"Distraction","floor":40},{"not_picked":["Blur","Masterful Stab+1"],"picked":"Dash+1","floor":42},{"not_picked":["Sucker Punch+1","Bane+1"],"picked":"Cloak And Dagger+1","floor":44},{"not_picked":["Bane","Underhanded Strike+1"],"picked":"Blade Dance","floor":44},{"not_picked":["Prepared+1","Expertise+1"],"picked":"Endless Agony","floor":44},{"not_picked":["Poisoned Stab","Deadly Poison+1"],"picked":"Eviscerate","floor":45},{"not_picked":["Quick Slash","Catalyst+1","Dagger Throw"],"picked":"SKIP","floor":45},{"not_picked":["Dagger Spray","Prepared"],"picked":"Infinite Blades+1","floor":46},{"not_picked":["Footwork","Underhanded Strike+1","Dagger Spray+1"],"picked":"SKIP","floor":48},{"not_picked":["Choke","Cloak And Dagger+1","Quick Slash+1"],"picked":"SKIP","floor":48}],"player_experience":196645,"relics_obtained":[{"floor":6.0,"key":"Dream Catcher"},{"floor":8.0,"key":"Tough Bandages"},{"floor":9.0,"key":"Ginger"},{"floor":14.0,"key":"Torii"},{"floor":24.0,"key":"MealTicket"},{"floor":26.0,"key":"Thread and Needle"},{"floor":28.0,"key":"Centennial Puzzle"},{"floor":31.0,"key":"Prayer Wheel"},{"floor":31.0,"key":"Kunai"},{"floor":34,"key":"Toy Ornithopter"},{"floor":34,"key":"Pear"},{"floor":34,"key":"Unceasing Top"},{"floor":40,"key":"Anchor"},{"floor":42,"key":"Potion Belt"},{"floor":43,"key":"White Beast Statue"},{"floor":46,"key":"Akabeko"}],"event_choices":[{"damage_healed":0.0,"max_hp_gain":0.0,"max_hp_loss":0.0,"gold_gain":0.0,"event_name":"Living Wall","player_choice":"Grow","floor":3.0,"gold_loss":0.0,"damage_taken":0.0,"cards_upgraded":["Neutralize"]},{"damage_healed":0.0,"max_hp_gain":0.0,"max_hp_loss":0.0,"gold_gain":0.0,"event_name":"Golden Idol","player_choice":"Take Wound","floor":4.0,"gold_loss":0.0,"damage_taken":0.0,"relics_obtained":["Golden Idol"],"cards_obtained":["Injury"]},{"damage_healed":0.0,"max_hp_gain":0.0,"max_hp_loss":0.0,"gold_gain":0.0,"event_name":"Duplicator","player_choice":"Copied","floor":21.0,"gold_loss":0.0,"damage_taken":0.0,"cards_obtained":["All Out Attack"]},{"damage_healed":0.0,"max_hp_gain":0.0,"max_hp_loss":0.0,"gold_gain":100.0,"event_name":"The Joust","player_choice":"Bet on Murderer","floor":22.0,"gold_loss":50.0,"damage_taken":0.0},{"damage_healed":0.0,"max_hp_gain":0.0,"max_hp_loss":0.0,"gold_gain":0.0,"event_name":"Colosseum","player_choice":"Fight","floor":31.0,"gold_loss":0.0,"damage_taken":0.0},{"damage_healed":0.0,"max_hp_gain":0.0,"max_hp_loss":0.0,"gold_gain":0.0,"event_name":"Colosseum","player_choice":"Fought Nobs","floor":31.0,"gold_loss":0.0,"damage_taken":0.0},{"damage_healed":0,"gold_gain":3,"player_choice":"1","damage_taken":0,"max_hp_gain":0,"max_hp_loss":0,"event_name":"betterStone:BetterStone","floor":37,"gold_loss":0}],"is_beta":false,"boss_relics":[{"not_picked":["Astrolabe","Fusion Hammer"],"picked":"WristBlade"},{"not_picked":["SlaversCollar","Coffee Dripper"],"picked":"Calling Bell"}],"items_purged_floors":[29],"is_endless":false,"potions_floor_spawned":[1,2,12,16,18,20,24,31,31,39,42,45,46,48],"ascension_level":1}}