{"host":"utqe55yv0jihe4d6","time":1609522975,"event":{"mods":["2.2 Compatiblity","AchievementEnabler","BaseMod","Block Reminder","Colored Map","Colored Powertips","Minty Spire (QoL Compilation)","Quick Restart","Rare Cards Sparkle","Relic Stats","SuperFastMode"],"gold_per_floor":[110,126,143,143,143,481,505,543,543,559,574,608,67,92,92,185,185,204,204,223,223,223,223],"floor_reached":22,"playtime":819,"items_purged":[],"score":416,"play_id":"09114f6e-926a-45a7-b525-29335ee9da79","local_time":"20210101124255","is_ascension_mode":true,"campfire_choices":[{"floor":15.0,"key":"REST"}],"circlet_count":0,"master_deck":["AscendersBane","Strike_P","Strike_P","Strike_P","Strike_P","Defend_P","Defend_P","Defend_P","Defend_P","Eruption","Vigilance","SignatureMove","SashWhip+1","TalkToTheHand","DeusExMachina","MentalFortress","EmptyFist","Adaptation","Wallop","Wireheading","SpiritShield","CutThroughFate","RitualDagger","Wallop"],"relics":["SlaversCollar","Golden Idol","Old Coin","Matryoshka","Pen Nib","Letter Opener","Omamori","Oddly Smooth Stone","Pocketwatch","Calling Bell","Regal Pillow","Gremlin Horn","Bird Faced Urn","NlothsMask"],"acts_visited":["Exordium","TheCity"],"potions_floor_usage":[20],"damage_taken":[{"damage":9.0,"enemies":"2 Louse","floor":1.0,"turns":3.0},{"damage":6.0,"enemies":"Small Slimes","floor":2.0,"turns":5.0},{"damage":4.0,"enemies":"Jaw Worm","floor":3.0,"turns":3.0},{"damage":12.0,"enemies":"Gremlin Nob","floor":6.0,"turns":3.0},{"damage":2.0,"enemies":"Large Slime","floor":7.0,"turns":4.0},{"damage":8.0,"enemies":"Lagavulin","floor":8.0,"turns":6.0},{"damage":6.0,"enemies":"Gremlin Gang","floor":10.0,"turns":4.0},{"damage":7.0,"enemies":"Blue Slaver","floor":11.0,"turns":3.0},{"damage":12.0,"enemies":"Gremlin Nob","floor":12.0,"turns":4.0},{"damage":4.0,"enemies":"Exordium Thugs","floor":14.0,"turns":4.0},{"damage":8.0,"enemies":"Slime Boss","floor":16.0,"turns":7.0},{"damage":19.0,"enemies":"2 Thieves","floor":18.0,"turns":3.0},{"damage":18,"enemies":"Shell Parasite","floor":20,"turns":11},{"damage":15,"enemies":"Snake Plant","floor":22,"turns":1}],"seed_played":"2586533385502378915","potions_obtained":[{"floor":1.0,"key":"BlessingOfTheForge"},{"floor":3.0,"key":"DuplicationPotion"},{"floor":11.0,"key":"Regen Potion"},{"floor":14.0,"key":"EssenceOfSteel"}],"is_trial":false,"path_per_floor":["M","M","M","?","?","E","M","E","T","M","M","E","$","M","R","B",null,"M","?","M","?","M"],"character_chosen":"WATCHER","items_purchased":["Oddly Smooth Stone","Pocketwatch","Wallop"],"campfire_rested":1,"item_purchase_floors":[13,13,13],"current_hp_per_floor":[52,46,42,42,42,30,28,20,20,14,7,7,7,3,21,13,50,31,25,13,13,0,0],"gold":223,"neow_bonus":"BOSS_RELIC","is_daily":false,"chose_seed":false,"campfire_upgraded":0,"win_rate":0.0,"timestamp":1609522975,"path_taken":["M","M","M","?","?","E","M","E","T","M","M","E","$","M","R","BOSS","M","?","M","?","M"],"items_purchased_type":["Relic","Relic","Card"],"build_version":"2020-12-22","purchased_purges":0,"victory":false,"max_hp_per_floor":[68,68,68,68,62,62,62,62,62,62,62,62,62,62,62,62,62,62,62,62,62,62,62],"relic_stats":{"Regal Pillow":0,"Gremlin Horn":[1,1],"counters":[14,61],"Golden Idol":66,"Bird Faced Urn":[8],"Pen Nib":[6],"Letter Opener":[45],"obtain_stats":[{"Regal Pillow":17,"Gremlin Horn":17,"Golden Idol":5,"Oddly Smooth Stone":13,"Pen Nib":9,"Omamori":12,"Letter Opener":9,"Old Coin":6,"Calling Bell":17,"SlaversCollar":0,"Matryoshka":8,"Bird Faced Urn":17,"PureWater":0,"Pocketwatch":13,"NlothsMask":21},{"Regal Pillow":11,"Gremlin Horn":11,"Golden Idol":3,"Oddly Smooth Stone":9,"Pen Nib":6,"Omamori":9,"Letter Opener":6,"Old Coin":4,"Calling Bell":11,"SlaversCollar":0,"Matryoshka":6,"Bird Faced Urn":11,"PureWater":0,"Pocketwatch":9,"NlothsMask":13},{"Regal Pillow":46,"Gremlin Horn":46,"Golden Idol":11,"Oddly Smooth Stone":35,"Pen Nib":24,"Omamori":35,"Letter Opener":24,"Old Coin":14,"Calling Bell":46,"SlaversCollar":0,"Matryoshka":24,"Bird Faced Urn":46,"PureWater":0,"Pocketwatch":35,"NlothsMask":60}],"Pocketwatch":[52]},"card_choices":[{"not_picked":["InnerPeace","BattleHymn"],"picked":"SignatureMove","floor":1.0},{"not_picked":["FollowUp","Vengeance"],"picked":"SashWhip","floor":2.0},{"not_picked":["EmptyBody","SashWhip","Pray"],"picked":"SKIP","floor":3.0},{"not_picked":["CutThroughFate","Collect"],"picked":"TalkToTheHand","floor":6.0},{"not_picked":["BowlingBash","ClearTheMind"],"picked":"DeusExMachina","floor":7.0},{"not_picked":["Pray","PathToVictory"],"picked":"MentalFortress","floor":8.0},{"not_picked":["Indignation","BowlingBash"],"picked":"EmptyFist","floor":10.0},{"not_picked":["Meditate","Vengeance"],"picked":"Adaptation","floor":11.0},{"not_picked":["Sanctity","Prostrate","Evaluate"],"picked":"SKIP","floor":12.0},{"not_picked":["Sanctity","FlyingSleeves"],"picked":"Wireheading","floor":14.0},{"not_picked":["MasterReality","ConjureBlade"],"picked":"SpiritShield","floor":16.0},{"not_picked":["ForeignInfluence","Pray+1"],"picked":"CutThroughFate","floor":18.0},{"not_picked":["BowlingBash","ForeignInfluence"],"picked":"Wallop","floor":20}],"player_experience":2913554,"relics_obtained":[{"floor":6.0,"key":"Old Coin"},{"floor":8.0,"key":"Matryoshka"},{"floor":9.0,"key":"Pen Nib"},{"floor":9.0,"key":"Letter Opener"},{"floor":12.0,"key":"Omamori"},{"floor":17.0,"key":"Regal Pillow"},{"floor":17.0,"key":"Gremlin Horn"},{"floor":17.0,"key":"Bird Faced Urn"}],"event_choices":[{"damage_healed":0.0,"max_hp_gain":0.0,"max_hp_loss":0.0,"gold_gain":0.0,"event_name":"Living Wall","player_choice":"Grow","floor":4.0,"gold_loss":0.0,"damage_taken":0.0,"cards_upgraded":["SashWhip"]},{"damage_healed":0.0,"max_hp_gain":0.0,"max_hp_loss":6.0,"gold_gain":0.0,"event_name":"Golden Idol","player_choice":"Lose Max HP","floor":5.0,"gold_loss":0.0,"damage_taken":0.0,"relics_obtained":["Golden Idol"]},{"damage_healed":0.0,"max_hp_gain":0.0,"max_hp_loss":0.0,"gold_gain":0.0,"event_name":"Nest","player_choice":"Joined the Cult","floor":19.0,"gold_loss":0.0,"damage_taken":6.0,"cards_obtained":["RitualDagger"]},{"damage_healed":0,"gold_gain":0,"player_choice":"Trade","damage_taken":0,"relics_obtained":["NlothsMask"],"max_hp_gain":0,"max_hp_loss":0,"event_name":"FaceTrader","floor":21,"gold_loss":0}],"is_beta":false,"boss_relics":[{"not_picked":["Astrolabe","Snecko Eye"],"picked":"Calling Bell"}],"items_purged_floors":[],"is_endless":false,"potions_floor_spawned":[1,3,8,11,14],"killed_by":"Snake Plant","ascension_level":20}}