{"host":"f0dbpmn0khgeoqc0","time":1609482620,"event":{"mods":["2.2 Compatiblity","AchievementEnabler","Act Like it!","Ascension Unlocker","Aspiration","BaseMod","Better Altar","Better Match","Better Sensory Stone","Better Skull","Better Third Choice","BetterRewards","Block Reminder","Colored Map","Colored Powertips","Conspire","DNKmod","Disable Question Mark Monsters","Displayed Cursed Tome","Downfall","Evolution","Friendly Minions","Hermit","Highlight Path","Humility","Infinite Spire","Jorbs\u0027s Wanderer Trilogy","Koishi","Marisa????????","Minty Spire (QoL Compilation)","MostiFishMod","Permanent Neow","Random Character Button","Relic Filter","Relic Stats","Spicy Shops","StSLib","Td1madao Mod","The Gatherer","Treasure Hunter","Wandering Minibosses","??????REMEMod"],"gold_per_floor":[115,127,147,164,176,176,33,61,139,156,186,235,269,289,289,394,394,405,11,30,30,30,30,58,58,58,86,86,121,138,150,150,249,249,269,269,86,86,86,116,128,155,155,176,176,205,205,235,235,236,236,236,40,70,72],"floor_reached":56,"playtime":3931,"items_purged":[],"score":1624,"play_id":"881ac9fc-9f07-4e0e-9de8-05c300f3a5b1","local_time":"20210101013020","is_ascension_mode":true,"campfire_choices":[{"data":"MostiFishMod:NightSea","floor":6.0,"key":"SMITH"},{"data":"Slimebound:Recycling","floor":15.0,"key":"SMITH"},{"floor":23.0,"key":"RECALL"},{"data":"MostiFishMod:SparklingWater","floor":25.0,"key":"SMITH"},{"floor":32.0,"key":"REST"},{"floor":45,"key":"REST"},{"floor":47,"key":"REST"},{"floor":49,"key":"REST"},{"data":"wanderingMiniBosses:FinaleOfPromise","floor":52,"key":"SMITH"}],"circlet_count":0,"master_deck":["sneckomod:Strike","sneckomod:Strike","sneckomod:Strike","sneckomod:Defend","sneckomod:Defend","sneckomod:Defend","sneckomod:TailWhip","sneckomod:SnekBite","sneckomod:Unknown+1","sneckomod:Unknown","MostiFishMod:Neptune","MostiFishMod:TheEndOfMoonlight","MostiFishMod:SparklingWater+1","MostiFishMod:FantasySummer+1","MostiFishMod:NightSea+1","Slimebound:Recycling+1","sneckomod:UnknownClassINFINITE_BLACK","sneckomod:SoulCleanse","sneckomod:UnknownClassRED","sneckomod:UnknownClassPURPLE","sneckomod:UnknownRarePower","TH:CursedSword","sneckomod:UnknownClassMARISA_DERIVATIONS","TH:TreasureMap","sneckomod:SerpentIdol","TH:TreasureMap","sneckomod:UnknownClassMARISA_DERIVATIONS","sneckomod:IronFang","TH:CursedSword","sneckomod:UnknownRareAttack","sneckomod:RainOfDice","TH:ArmorSpikes","sneckomod:MorePower","sneckomod:DiceCrush","sneckomod:UnknownClassINFINITE_BLACK+1","Blade Dance","sneckomod:UnknownRarePower+1","TH:CopperCoins","REME_GreenPollution","TH:CopperCoins","sneckomod:UnknownStrength+1","TH:CursedSword","sneckomod:UnknownClassINFINITE_BLACK+1","sneckomod:UnknownDexterity+1","TH:CopperCoins","sneckomod:SoulCleanse+1","sneckomod:UnknownRarePower+1","sneckomod:TrashToTreasure+1","sneckomod:Unknown3Cost+1","TH:CursedSword","Envenom","wanderingMiniBosses:FinaleOfPromise+1","sneckomod:SoulDraw","expansioncontent:Flail","Slimebound:Icky","conspire:NecroticWound","infinitespire:Starlight","Wraith","TH:BikiniMail","Acrobatics+1","Outmaneuver+1","TH:CursedSword","sneckomod:UnknownEthereal","sneckomod:UnknownX+1","TH:DeckOfManyThings","sneckomod:UnknownClassTD1MADAO_CYAN+1","Dagger Throw","TH:ArmorSpikes","sneckomod:SoulRoll+1","TH:CursedSword","sneckomod:CheapStock","expansioncontent:DonusPower","Noxious Fumes","Leg Sweep","TH:CopperCoins","sneckomod:UnknownClassCULL_RED_COLOR+1"],"relics":["sneckomod:SneckoSoul","EVO:Axolotl","DaveBox","REME_ComplimentaryCards","MoonlightInvasionPlan","aspiration:Nostalgia","Ring of the Snake","SynthV:TestCard","War Paint","Darkstone Periapt","Ancient Tea Set","aspiration:FetidBarrel","infinitespire:EmpoweringShard","Runic Dome","aspiration:SilentSkillbook","PreservedInsect","MutagenicStrength","Potion Belt","infinitespire:WardingShard","aspiration:Stabinomicon","Kunai","Busted Crown","wanderingMiniBosses:Blackblade","conspire:Boomerang","Bronze Scales","Gambling Chip","Orichalcum","Art of War","The Courier","conspire:BottledYoYo"],"acts_visited":["Exordium","TheCity","TheBeyond","TheEnding"],"potions_floor_usage":[50,55,55,55],"damage_taken":[{"damage":8.0,"enemies":"infinitespire:Voidling","floor":1.0,"turns":2.0},{"damage":0.0,"enemies":"Jaw Worm","floor":2.0,"turns":2.0},{"damage":0.0,"enemies":"conspire:RoseBush","floor":3.0,"turns":3.0},{"damage":0.0,"enemies":"Lots of Slimes","floor":4.0,"turns":2.0},{"damage":0.0,"enemies":"Large Slime","floor":5.0,"turns":4.0},{"damage":14.0,"enemies":"Gremlin Nob","floor":8.0,"turns":4.0},{"damage":0.0,"enemies":"conspire:2 RoseBushes","floor":10.0,"turns":5.0},{"damage":9.0,"enemies":"3 Sentries","floor":11.0,"turns":15.0},{"damage":0.0,"enemies":"conspire:MimicChest","floor":12.0,"turns":10.0},{"damage":5.0,"enemies":"Gremlin Nob","floor":13.0,"turns":4.0},{"damage":0.0,"enemies":"3 Louse","floor":14.0,"turns":2.0},{"damage":20.0,"enemies":"The Guardian","floor":16.0,"turns":8.0},{"damage":20.0,"enemies":"conspire:FuzzyDice","floor":18.0,"turns":4.0},{"damage":0.0,"enemies":"2 Thieves","floor":20.0,"turns":7.0},{"damage":0.0,"enemies":"Gremlin Leader","floor":24.0,"turns":3.0},{"damage":0.0,"enemies":"Book of Stabbing","floor":27.0,"turns":4.0},{"damage":38.0,"enemies":"Slavers","floor":29.0,"turns":3.0},{"damage":18.0,"enemies":"Centurion and Healer","floor":30.0,"turns":3.0},{"damage":0.0,"enemies":"conspire:HollyBat","floor":31.0,"turns":7.0},{"damage":21.0,"enemies":"Champ","floor":33.0,"turns":8.0},{"damage":0,"enemies":"3 Darklings","floor":35,"turns":4},{"damage":26,"enemies":"Nemesis","floor":40,"turns":5},{"damage":3,"enemies":"3 Shapes","floor":41,"turns":1},{"damage":15,"enemies":"Giant Head","floor":42,"turns":4},{"damage":28,"enemies":"Jaw Worm Horde","floor":44,"turns":3},{"damage":43,"enemies":"Reptomancer","floor":46,"turns":6},{"damage":34,"enemies":"Nightmare","floor":48,"turns":3},{"damage":78,"enemies":"conspire:OrnateMirror","floor":50,"turns":6},{"damage":12,"enemies":"Shield and Spear","floor":54,"turns":3},{"damage":22,"enemies":"The Heart","floor":55,"turns":5}],"seed_played":"3156999389558129386","potions_obtained":[{"floor":5.0,"key":"LiquidMemories"},{"floor":8.0,"key":"Swift Potion"},{"floor":10.0,"key":"ColorlessPotion"},{"floor":11.0,"key":"Dexterity Potion"},{"floor":12.0,"key":"Ancient Potion"},{"floor":24.0,"key":"EssenceOfSteel"},{"floor":29.0,"key":"SmokeBomb"},{"floor":30.0,"key":"PowerPotion"},{"floor":41,"key":"Strength Potion"},{"floor":48,"key":"Fire Potion"}],"is_trial":false,"path_per_floor":["M","M","M","M","M","R","$","E","T","M","E","?","E","M","R","B",null,"M","$","M","?","$","R","E","R","T","E","?","E","M","M","R","B",null,"M","?","$","?","?","E","M","E","T","M","R","E","R","NM","R","B",null,"R","$","E","B",null],"character_chosen":"THE_SNECKO","items_purchased":["War Paint","aspiration:SilentSkillbook","PreservedInsect","conspire:Boomerang","expansioncontent:Flail","expansioncontent:DonusPower","Noxious Fumes","Leg Sweep"],"campfire_rested":4,"item_purchase_floors":[7,19,19,37,37,53,53,53],"current_hp_per_floor":[83,83,90,91,92,92,92,79,79,79,80,80,76,76,76,56,97,78,78,79,79,79,79,99,99,99,101,101,64,49,50,81,61,107,107,107,107,119,125,99,96,83,83,56,94,51,89,65,103,35,128,128,128,119,97],"gold":72,"neow_bonus":"NOSTALGIA","is_daily":false,"chose_seed":false,"campfire_upgraded":4,"win_rate":0.0,"timestamp":1609482620,"path_taken":["M","M","M","?","M","R","$","E","T","M","E","?","E","M","R","BOSS","M","?","M","?","$","R","E","R","T","E","?","E","?","M","R","BOSS","M","?","$","?","?","E","?","E","T","M","R","E","R","NM","R","BOSS","R","$","E","BOSS"],"items_purchased_type":["Relic","Relic","Relic","Relic","Card","Card","Card","Card"],"build_version":"2020-12-22","purchased_purges":0,"victory":true,"max_hp_per_floor":[91,91,92,93,94,94,94,95,95,95,96,96,97,97,97,97,97,98,98,99,99,99,99,99,99,99,101,101,102,105,106,106,107,107,107,107,107,119,125,125,125,127,127,128,128,128,128,128,128,128,128,128,128,129,123],"relic_stats":{"Darkstone Periapt":18,"Busted Crown":58,"counters":[30,139],"Bronze Scales":[97],"Gambling Chip":[27],"PreservedInsect":520,"Art of War":[1],"Kunai":[23],"War Paint":["MostiFishMod:FantasySummer","sneckomod:Unknown"],"Orichalcum":[102],"obtain_stats":[{"Darkstone Periapt":8,"DaveBox":0,"aspiration:Stabinomicon":27,"EVO:Axolotl":0,"sneckomod:SneckoSoul":0,"Ancient Tea Set":11,"Gambling Chip":42,"Kunai":29,"Ring of the Snake":0,"Potion Belt":24,"aspiration:Nostalgia":0,"aspiration:FetidBarrel":12,"MoonlightInvasionPlan":0,"PreservedInsect":19,"The Courier":48,"conspire:Boomerang":37,"War Paint":7,"Orichalcum":43,"Runic Dome":17,"SynthV:TestCard":1,"Busted Crown":34,"infinitespire:WardingShard":26,"wanderingMiniBosses:Blackblade":35,"MutagenicStrength":21,"Bronze Scales":40,"aspiration:SilentSkillbook":19,"infinitespire:EmpoweringShard":13,"Art of War":46,"conspire:BottledYoYo":54,"REME_ComplimentaryCards":0},{"Darkstone Periapt":6,"DaveBox":0,"aspiration:Stabinomicon":16,"EVO:Axolotl":0,"sneckomod:SneckoSoul":0,"Ancient Tea Set":8,"Gambling Chip":24,"Kunai":17,"Ring of the Snake":0,"Potion Belt":15,"aspiration:Nostalgia":0,"aspiration:FetidBarrel":9,"MoonlightInvasionPlan":0,"PreservedInsect":13,"The Courier":27,"conspire:Boomerang":21,"War Paint":5,"Orichalcum":24,"Runic Dome":12,"SynthV:TestCard":1,"Busted Crown":20,"infinitespire:WardingShard":15,"wanderingMiniBosses:Blackblade":21,"MutagenicStrength":14,"Bronze Scales":22,"aspiration:SilentSkillbook":13,"infinitespire:EmpoweringShard":10,"Art of War":26,"conspire:BottledYoYo":29,"REME_ComplimentaryCards":0},{"Darkstone Periapt":17,"DaveBox":0,"aspiration:Stabinomicon":78,"EVO:Axolotl":0,"sneckomod:SneckoSoul":0,"Ancient Tea Set":37,"Gambling Chip":113,"Kunai":81,"Ring of the Snake":0,"Potion Belt":74,"aspiration:Nostalgia":0,"aspiration:FetidBarrel":47,"MoonlightInvasionPlan":0,"PreservedInsect":65,"The Courier":125,"conspire:Boomerang":103,"War Paint":13,"Orichalcum":113,"Runic Dome":61,"SynthV:TestCard":2,"Busted Crown":99,"infinitespire:WardingShard":74,"wanderingMiniBosses:Blackblade":103,"MutagenicStrength":71,"Bronze Scales":108,"aspiration:SilentSkillbook":65,"infinitespire:EmpoweringShard":51,"Art of War":122,"conspire:BottledYoYo":134,"REME_ComplimentaryCards":0}],"Ring of the Snake":[60]},"card_choices":[{"not_picked":["sneckomod:UnknownVulnerable","sneckomod:Unknown1Cost"],"picked":"sneckomod:UnknownClassINFINITE_BLACK","floor":1.0},{"not_picked":["sneckomod:QuickMove","sneckomod:DiceBlock","sneckomod:Unknown1Cost","sneckomod:UnknownWeak"],"picked":"sneckomod:SoulCleanse","floor":2.0},{"not_picked":["sneckomod:DiceBlock","sneckomod:UnknownClassHEXA_GHOST_PURPLE","sneckomod:UnknownWeak","sneckomod:UnknownBlock"],"picked":"sneckomod:UnknownClassRED","floor":3.0},{"not_picked":["sneckomod:DiceCrush","sneckomod:UnknownClassGREEN","sneckomod:UnknownUncommonPower","sneckomod:QuickMove"],"picked":"sneckomod:UnknownClassPURPLE","floor":4.0},{"not_picked":["sneckomod:UnknownWeak","sneckomod:QuickBite","sneckomod:Nope","sneckomod:UnknownClassPURPLE"],"picked":"sneckomod:UnknownRarePower","floor":5.0},{"not_picked":["TH:DeckOfManyThings","TH:ArmorSpikes","TH:EnergyPotion"],"picked":"TH:CursedSword","floor":8.0},{"not_picked":["sneckomod:UnknownWeak","sneckomod:SlitherStrike","sneckomod:QuickBite","sneckomod:Unknown1Cost"],"picked":"sneckomod:UnknownClassMARISA_DERIVATIONS","floor":8.0},{"not_picked":["TH:CopperCoins","TH:ArmorSpikes","TH:EnergyPotion"],"picked":"TH:TreasureMap","floor":9.0},{"not_picked":["sneckomod:UnknownVulnerable","sneckomod:DiceCrush","sneckomod:ImprovisedAttack","sneckomod:WideSting"],"picked":"sneckomod:SerpentIdol","floor":10.0},{"not_picked":["TH:BikiniMail","TH:ArmorSpikes","TH:Mimic"],"picked":"TH:TreasureMap","floor":11.0},{"not_picked":["sneckomod:UnknownBlock","sneckomod:UnknownClassSLIMEBOUND","sneckomod:UnknownCommonSkill","sneckomod:SlitherStrike"],"picked":"sneckomod:UnknownClassMARISA_DERIVATIONS","floor":11.0},{"not_picked":["sneckomod:WideSting","sneckomod:UnknownVulnerable","sneckomod:UnknownCommonSkill","sneckomod:QuickMove"],"picked":"sneckomod:IronFang","floor":12.0},{"not_picked":["TH:DeckOfManyThings","TH:Mimic","TH:EnergyPotion"],"picked":"TH:CursedSword","floor":13.0},{"not_picked":["sneckomod:UnknownEthereal","sneckomod:ImprovisedGuard","sneckomod:UnknownRareSkill","sneckomod:IronFang"],"picked":"sneckomod:UnknownRareAttack","floor":13.0},{"not_picked":["sneckomod:IronFang","sneckomod:SoulDraw","sneckomod:UnknownWeak","sneckomod:Nope"],"picked":"sneckomod:RainOfDice","floor":14.0},{"not_picked":["TH:PixieDust","TH:EnergyPotion","TH:ElvenBoots"],"picked":"TH:ArmorSpikes","floor":16.0},{"not_picked":["sneckomod:Restock","sneckomod:DangerNoodle","sneckomod:SoulExchange","sneckomod:SerpentMind"],"picked":"sneckomod:MorePower","floor":16.0},{"not_picked":["sneckomod:RainOfDice","sneckomod:DefensiveFlair","sneckomod:UnknownStrike","sneckomod:UnknownClassMARISA_COLOR"],"picked":"sneckomod:DiceCrush","floor":18.0},{"not_picked":["sneckomod:UnknownUncommonAttack+1","sneckomod:UnknownWeak+1","sneckomod:UnknownClassGREEN+1","sneckomod:UnknownClassGATHERER_LIME+1"],"picked":"sneckomod:UnknownClassINFINITE_BLACK+1","floor":18.0},{"not_picked":["Escape Plan","sneckomod:UnknownCommonSkill+1","Slice","MostiFishMod:ThornCasing","Deflect+1"],"picked":"Blade Dance","floor":20.0},{"not_picked":["sneckomod:UnknownDexterity+1","sneckomod:UnknownClassINFINITE_BLACK+1","sneckomod:UnknownClassBLUE+1","sneckomod:Unknown1Cost+1","sneckomod:UnknownClassGATHERER_LIME+1"],"picked":"sneckomod:UnknownRarePower+1","floor":20.0},{"not_picked":["TH:ArmorSpikes","TH:TreasureMap","TH:Mimic","TH:BikiniMail"],"picked":"TH:CopperCoins","floor":24.0},{"not_picked":["sneckomod:UnknownUncommonAttack","Quick Slash","sneckomod:UnknownWeak","sneckomod:UnknownClassMARISA_DERIVATIONS","sneckomod:UnknownStrike"],"picked":"REME_GreenPollution","floor":24.0},{"not_picked":["TH:CursedSword","TH:ElvenBoots","TH:PixieDust","TH:DeckOfManyThings"],"picked":"TH:CopperCoins","floor":26.0},{"not_picked":["sneckomod:UnknownClassMARISA_DERIVATIONS+1","sneckomod:UnknownClassRED+1","sneckomod:UnknownX+1","sneckomod:UnknownClassTHE_CHAMP_GRAY+1","sneckomod:UnknownRarePower+1"],"picked":"sneckomod:UnknownStrength+1","floor":27.0},{"not_picked":["TH:Mimic","TH:ArmorSpikes","TH:EnergyPotion","TH:CopperCoins"],"picked":"TH:CursedSword","floor":27.0},{"not_picked":["Flechettes","Outmaneuver","sneckomod:UnknownStrike","Sucker Punch","sneckomod:ImprovisedGuard"],"picked":"sneckomod:UnknownClassINFINITE_BLACK+1","floor":27.0},{"not_picked":["sneckomod:UnknownColorless+1","sneckomod:Unknown+1","sneckomod:Unknown1Cost+1","sneckomod:UnknownWeak+1","sneckomod:UnknownClassTHE_CHAMP_GRAY+1"],"picked":"sneckomod:UnknownDexterity+1","floor":29.0},{"not_picked":["TH:ArmorSpikes","TH:BikiniMail","TH:DeckOfManyThings","TH:PixieDust"],"picked":"TH:CopperCoins","floor":29.0},{"not_picked":["Bane","PiercingWail","sneckomod:SerpentIdol","Distraction","Masterful Stab"],"picked":"sneckomod:SoulCleanse+1","floor":29.0},{"not_picked":["Poisoned Stab","Quick Slash","Prepared","sneckomod:Unknown1Cost","Sucker Punch","sneckomod:Unknown0Cost"],"picked":"SKIP","floor":30.0},{"not_picked":["sneckomod:UnknownClassINFINITE_BLACK+1","sneckomod:UnknownExhaust+1","sneckomod:UnknownClassGATHERER_LIME+1","sneckomod:UnknownClassHEXA_GHOST_PURPLE+1","sneckomod:UnknownUncommonSkill+1"],"picked":"sneckomod:UnknownRarePower+1","floor":31.0},{"not_picked":["Terror","sneckomod:QuickBite+1","sneckomod:UnknownClassHEXA_GHOST_PURPLE","Concentrate","Sucker Punch"],"picked":"sneckomod:TrashToTreasure+1","floor":31.0},{"not_picked":["sneckomod:UnknownClassTHE_CHAMP_GRAY+1","sneckomod:UnknownRarePower+1","sneckomod:UnknownUncommonSkill+1","sneckomod:UnknownClassINFINITE_BLACK+1","sneckomod:UnknownClassTD1MADAO_CYAN+1"],"picked":"sneckomod:Unknown3Cost+1","floor":33.0},{"not_picked":["TH:Mimic","TH:ElvenBoots","TH:CopperCoins","TH:DeckOfManyThings"],"picked":"TH:CursedSword","floor":33.0},{"not_picked":["MostiFishMod:Wind","sneckomod:Unknown3Cost","sneckomod:Mudshield","MostiFishMod:Listen","REME_ShadowForm"],"picked":"Envenom","floor":33.0},{"not_picked":[],"picked":"wanderingMiniBosses:FinaleOfPromise","floor":35},{"not_picked":["sneckomod:SnekBeam+1","Slice","sneckomod:UnknownUncommonAttack"],"picked":"sneckomod:SoulDraw","floor":35},{"not_picked":["infinitespire:Fortify","infinitespire:DeathsTouch"],"picked":"infinitespire:Starlight","floor":38},{"not_picked":["TH:PixieDust","TH:Mimic"],"picked":"TH:BikiniMail","floor":40},{"not_picked":["sneckomod:WideSting+1","sneckomod:Nope+1","Endless Agony+1"],"picked":"Acrobatics+1","floor":40},{"not_picked":["Infinite Blades","sneckomod:SoulRoll","Escape Plan"],"picked":"Outmaneuver+1","floor":41},{"not_picked":["TH:ArmorSpikes","TH:ElvenBoots"],"picked":"TH:CursedSword","floor":42},{"not_picked":["Setup+1","Prepared","sneckomod:UnknownClassDEFAULT_GRAY_COLOR+1"],"picked":"sneckomod:UnknownEthereal","floor":42},{"not_picked":["sneckomod:UnknownClassTHE_CHAMP_GRAY+1","sneckomod:UnknownClassBLUE+1","sneckomod:UnknownClassMARISA_DERIVATIONS+1"],"picked":"sneckomod:UnknownX+1","floor":42},{"not_picked":["TH:TreasureMap","TH:ElvenBoots"],"picked":"TH:DeckOfManyThings","floor":43},{"not_picked":["sneckomod:UnknownCommonSkill+1","sneckomod:UnknownClassGATHERER_LIME+1","sneckomod:UnknownClassBLUE+1"],"picked":"sneckomod:UnknownClassTD1MADAO_CYAN+1","floor":44},{"not_picked":["Predator+1","Caltrops","Die Die Die"],"picked":"Dagger Throw","floor":44},{"not_picked":["TH:Mimic","TH:ElvenBoots"],"picked":"TH:ArmorSpikes","floor":46},{"not_picked":["Dodge and Roll+1","Slice","Heel Hook+1"],"picked":"sneckomod:SoulRoll+1","floor":46},{"not_picked":["TH:DeckOfManyThings","TH:PixieDust"],"picked":"TH:CursedSword","floor":48},{"not_picked":["sneckomod:SnakeSap","sneckomod:DiceCrush","Escape Plan"],"picked":"sneckomod:CheapStock","floor":48},{"not_picked":["TH:DeckOfManyThings","TH:PixieDust"],"picked":"TH:CopperCoins","floor":54},{"not_picked":["sneckomod:UnknownClassHEXA_GHOST_PURPLE+1","Predator","Bane+1"],"picked":"sneckomod:UnknownClassCULL_RED_COLOR+1","floor":54}],"player_experience":548355,"relics_obtained":[{"floor":1.0,"key":"SynthV:TestCard"},{"floor":8.0,"key":"Darkstone Periapt"},{"floor":11.0,"key":"Ancient Tea Set"},{"floor":12.0,"key":"aspiration:FetidBarrel"},{"floor":13.0,"key":"infinitespire:EmpoweringShard"},{"floor":24.0,"key":"Potion Belt"},{"floor":26.0,"key":"infinitespire:WardingShard"},{"floor":27.0,"key":"aspiration:Stabinomicon"},{"floor":29.0,"key":"Kunai"},{"floor":35,"key":"wanderingMiniBosses:Blackblade"},{"floor":40,"key":"Bronze Scales"},{"floor":42,"key":"Gambling Chip"},{"floor":43,"key":"Orichalcum"},{"floor":46,"key":"Art of War"},{"floor":48,"key":"The Courier"},{"floor":54,"key":"conspire:BottledYoYo"}],"event_choices":[{"damage_healed":0.0,"max_hp_gain":0.0,"max_hp_loss":0.0,"gold_gain":0.0,"event_name":"Drug Dealer","player_choice":"Inject Mutagens","floor":21.0,"gold_loss":0.0,"damage_taken":0.0,"relics_obtained":["MutagenicStrength"]},{"damage_healed":0.0,"max_hp_gain":0.0,"max_hp_loss":0.0,"gold_gain":0.0,"event_name":"The Mausoleum","player_choice":"Ignored","floor":28.0,"gold_loss":0.0,"damage_taken":0.0},{"damage_healed":0,"gold_gain":0,"player_choice":"Leave","damage_taken":0,"max_hp_gain":0,"max_hp_loss":0,"event_name":"conspire:Investor","floor":36,"gold_loss":0},{"damage_healed":0,"gold_gain":0,"player_choice":"Ignored","damage_taken":0,"max_hp_gain":0,"max_hp_loss":0,"event_name":"OrinTheCat","floor":39,"gold_loss":0}],"is_beta":false,"boss_relics":[{"not_picked":["GuanYuAspect","RhineFirstAidKit"],"picked":"Runic Dome"},{"not_picked":["REME_LowDesire","RhineSuit"],"picked":"Busted Crown"}],"items_purged_floors":[],"is_endless":false,"potions_floor_spawned":[5,8,10,11,12,14,16,24,29,30,33,41,42,48],"ascension_level":1}}