{"host":"p7j7o00jacnw7qzt","time":1609479684,"event":{"mods":["BaseMod","Colored Map","Colored Powertips","DeckTracker","Highlight Path","Minty Spire (QoL Compilation)","Relic Stats"],"gold_per_floor":[156,214,214,249,301,301,355,355,355,355,418,502,502,104,104,233,233,276,319,395,435,435,435,468,468,468,518,518,893,963,990,990,1090,1090,1103,1103,1115,1181,1222,1280,1291,1291,1291],"floor_reached":42,"playtime":2693,"items_purged":["Strike_G"],"score":1046,"play_id":"318d8879-1087-4f58-9958-cc5d21c83a52","local_time":"20210101004124","is_ascension_mode":true,"campfire_choices":[{"data":"HandOfGreed","floor":6.0,"key":"SMITH"},{"floor":8.0,"key":"REST"},{"data":"Blade Dance","floor":10.0,"key":"SMITH"},{"data":"1","floor":15.0,"key":"LIFT"},{"data":"2","floor":23.0,"key":"LIFT"},{"data":"3","floor":25.0,"key":"LIFT"},{"data":"Expertise","floor":28.0,"key":"SMITH"},{"data":"Phantasmal Killer","floor":32.0,"key":"SMITH"}],"circlet_count":0,"master_deck":["AscendersBane","Strike_G","Strike_G","Strike_G","Defend_G","Defend_G","Defend_G","Defend_G","Survivor","Neutralize","HandOfGreed+1","Escape Plan","Blade Dance+1","After Image","Phantasmal Killer+1","Expertise+1","Doppelganger","Escape Plan+1","Backflip+1","Acrobatics+1","Acrobatics+1"],"relics":["Ring of the Snake","Meat on the Bone","Singing Bowl","Pantograph","Girya","Runic Dome","Red Mask","Incense Burner","Orichalcum","Calipers","Old Coin","Toxic Egg 2","Empty Cage","Smiling Mask"],"acts_visited":["Exordium","TheCity","TheBeyond"],"potions_floor_usage":[],"damage_taken":[{"damage":0.0,"enemies":"2 Louse","floor":1.0,"turns":4.0},{"damage":7.0,"enemies":"Small Slimes","floor":2.0,"turns":7.0},{"damage":1.0,"enemies":"Cultist","floor":4.0,"turns":4.0},{"damage":12.0,"enemies":"Exordium Wildlife","floor":5.0,"turns":5.0},{"damage":22.0,"enemies":"Gremlin Nob","floor":7.0,"turns":4.0},{"damage":8.0,"enemies":"3 Louse","floor":11.0,"turns":7.0},{"damage":12.0,"enemies":"3 Sentries","floor":12.0,"turns":11.0},{"damage":47.0,"enemies":"Slime Boss","floor":16.0,"turns":13.0},{"damage":0.0,"enemies":"Spheric Guardian","floor":18.0,"turns":3.0},{"damage":15.0,"enemies":"Chosen","floor":19.0,"turns":5.0},{"damage":21.0,"enemies":"Masked Bandits","floor":20.0,"turns":4.0},{"damage":1.0,"enemies":"Snake Plant","floor":21.0,"turns":3.0},{"damage":16.0,"enemies":"Book of Stabbing","floor":24.0,"turns":4.0},{"damage":10.0,"enemies":"Slavers","floor":29.0,"turns":4.0},{"damage":15.0,"enemies":"Shelled Parasite and Fungi","floor":30.0,"turns":7.0},{"damage":28.0,"enemies":"Book of Stabbing","floor":31.0,"turns":5.0},{"damage":19.0,"enemies":"Champ","floor":33.0,"turns":12.0},{"damage":15.0,"enemies":"Orb Walker","floor":35.0,"turns":3.0},{"damage":0,"enemies":"3 Darklings","floor":37,"turns":3},{"damage":18,"enemies":"Sphere and 2 Shapes","floor":38,"turns":4},{"damage":11,"enemies":"Spire Growth","floor":39,"turns":5},{"damage":13,"enemies":"Nemesis","floor":40,"turns":5},{"damage":0,"enemies":"3 Darklings","floor":41,"turns":5},{"damage":51,"enemies":"Giant Head","floor":42,"turns":7}],"seed_played":"6550045709734463801","potions_obtained":[{"floor":1.0,"key":"DuplicationPotion"},{"floor":2.0,"key":"Weak Potion"},{"floor":11.0,"key":"EntropicBrew"},{"floor":12.0,"key":"Strength Potion"},{"floor":18.0,"key":"Energy Potion"},{"floor":20.0,"key":"Swift Potion"},{"floor":24.0,"key":"Regen Potion"},{"floor":33.0,"key":"EssenceOfSteel"},{"floor":37,"key":"Dexterity Potion"},{"floor":40,"key":"Swift Potion"}],"is_trial":false,"path_per_floor":["M","M","?","M","M","R","E","R","T","R","M","E","?","$","R","B",null,"M","M","?","M","T","R","E","R","T","?","R","E","M","E","R","B",null,"M","?","M","M","M","E","M","E"],"character_chosen":"THE_SILENT","items_purchased":["Girya"],"campfire_rested":1,"item_purchase_floors":[14],"current_hp_per_floor":[44,37,37,36,24,24,2,21,21,21,27,29,29,29,29,19,57,59,46,37,50,50,50,48,48,48,48,48,50,49,35,35,55,77,62,62,64,46,47,46,48,0,0],"gold":1291,"neow_bonus":"RANDOM_COLORLESS_2","is_daily":false,"chose_seed":false,"campfire_upgraded":4,"win_rate":0.0,"timestamp":1609479684,"path_taken":["M","M","?","M","M","R","E","R","T","R","M","E","?","$","R","BOSS","M","M","?","M","?","R","E","R","T","?","R","E","?","E","R","BOSS","M","?","?","M","M","E","M","E"],"items_purchased_type":["Relic"],"build_version":"2020-12-22","purchased_purges":1,"victory":false,"max_hp_per_floor":[66,66,66,66,66,66,66,66,66,66,68,70,70,70,70,70,70,72,74,74,76,76,76,78,78,78,78,78,78,80,82,82,84,84,84,84,86,86,86,86,88,88,88],"relic_stats":{"Singing Bowl":22,"counters":[24,134],"Pantograph":50,"Orichalcum":[12],"Smiling Mask":0,"obtain_stats":[{"Girya":14,"Calipers":26,"Singing Bowl":9,"Incense Burner":22,"Orichalcum":24,"Empty Cage":34,"Smiling Mask":40,"Old Coin":29,"Runic Dome":17,"Pantograph":12,"Red Mask":20,"Toxic Egg 2":31,"Ring of the Snake":0,"Meat on the Bone":7},{"Girya":7,"Calipers":13,"Singing Bowl":5,"Incense Burner":12,"Orichalcum":13,"Empty Cage":17,"Smiling Mask":22,"Old Coin":14,"Runic Dome":8,"Pantograph":7,"Red Mask":11,"Toxic Egg 2":16,"Ring of the Snake":0,"Meat on the Bone":5},{"Girya":42,"Calipers":74,"Singing Bowl":24,"Incense Burner":70,"Orichalcum":74,"Empty Cage":102,"Smiling Mask":122,"Old Coin":78,"Runic Dome":55,"Pantograph":42,"Red Mask":67,"Toxic Egg 2":90,"Ring of the Snake":0,"Meat on the Bone":24}],"Ring of the Snake":[48],"Meat on the Bone":144},"card_choices":[{"not_picked":["Magnetism","Thinking Ahead"],"picked":"HandOfGreed","floor":0.0},{"not_picked":["Bane","Dagger Throw"],"picked":"Escape Plan","floor":1.0},{"not_picked":["Dodge and Roll","Poisoned Stab","Predator"],"picked":"SKIP","floor":2.0},{"not_picked":["Caltrops","Slice","Dagger Throw"],"picked":"SKIP","floor":4.0},{"not_picked":["Sucker Punch","Flying Knee"],"picked":"Blade Dance","floor":5.0},{"not_picked":["Noxious Fumes","All Out Attack"],"picked":"After Image","floor":7.0},{"not_picked":["Slice","Cloak And Dagger","Deflect"],"picked":"Singing Bowl","floor":11.0},{"not_picked":["Dagger Throw","Leg Sweep","Poisoned Stab"],"picked":"Singing Bowl","floor":12.0},{"not_picked":["Envenom","Tools of the Trade"],"picked":"Phantasmal Killer","floor":16.0},{"not_picked":["Predator","Finisher+1","Deadly Poison"],"picked":"Singing Bowl","floor":18.0},{"not_picked":["Deadly Poison","Dagger Spray+1","Infinite Blades"],"picked":"Singing Bowl","floor":19.0},{"not_picked":["Quick Slash","Escape Plan"],"picked":"Expertise","floor":20.0},{"not_picked":["Cloak And Dagger","Predator","Deadly Poison"],"picked":"Singing Bowl","floor":21.0},{"not_picked":["Predator","Caltrops","Dodge and Roll"],"picked":"Singing Bowl","floor":24.0},{"not_picked":["Dagger Throw","Deadly Poison"],"picked":"Doppelganger","floor":29.0},{"not_picked":["Cloak And Dagger","Slice","Infinite Blades"],"picked":"Singing Bowl","floor":30.0},{"not_picked":["Flying Knee+1","Dodge and Roll+1","Envenom"],"picked":"Singing Bowl","floor":31.0},{"not_picked":["Storm of Steel+1","Envenom","Tools of the Trade"],"picked":"Singing Bowl","floor":33.0},{"not_picked":["Footwork","Endless Agony"],"picked":"Escape Plan+1","floor":35.0},{"not_picked":["Deadly Poison+1","Slice+1","Dagger Throw+1"],"picked":"Singing Bowl","floor":37},{"not_picked":["Deflect+1","Cloak And Dagger+1"],"picked":"Backflip+1","floor":38},{"not_picked":["Deadly Poison+1","Wraith Form v2"],"picked":"Acrobatics+1","floor":39},{"not_picked":["Bane","Blur+1"],"picked":"Acrobatics+1","floor":40},{"not_picked":["Blur+1","Blade Dance+1","Bane+1"],"picked":"Singing Bowl","floor":41}],"player_experience":896830,"relics_obtained":[{"floor":7.0,"key":"Meat on the Bone"},{"floor":9.0,"key":"Singing Bowl"},{"floor":12.0,"key":"Pantograph"},{"floor":20.0,"key":"Red Mask"},{"floor":22.0,"key":"Incense Burner"},{"floor":24.0,"key":"Orichalcum"},{"floor":26.0,"key":"Calipers"},{"floor":29.0,"key":"Old Coin"},{"floor":31.0,"key":"Toxic Egg 2"},{"floor":40,"key":"Smiling Mask"}],"event_choices":[{"damage_healed":0.0,"max_hp_gain":0.0,"max_hp_loss":0.0,"gold_gain":0.0,"event_name":"Liars Game","player_choice":"Ignored","floor":3.0,"gold_loss":0.0,"damage_taken":0.0},{"damage_healed":0.0,"max_hp_gain":0.0,"max_hp_loss":0.0,"gold_gain":0.0,"event_name":"Lab","player_choice":"Got Potions","floor":13.0,"gold_loss":0.0,"damage_taken":0.0},{"damage_healed":0.0,"max_hp_gain":0.0,"max_hp_loss":0.0,"gold_gain":0.0,"event_name":"Masked Bandits","player_choice":"Fought Bandits","floor":20.0,"gold_loss":0.0,"damage_taken":0.0},{"damage_healed":0.0,"max_hp_gain":0.0,"max_hp_loss":0.0,"gold_gain":50.0,"event_name":"Golden Shrine","player_choice":"Pray","floor":27.0,"gold_loss":0.0,"damage_taken":0.0},{"damage_healed":0,"gold_gain":0,"player_choice":"0 cards matched","damage_taken":0,"max_hp_gain":0,"max_hp_loss":0,"event_name":"Match and Keep!","floor":36,"gold_loss":0,"cards_obtained":[]}],"is_beta":false,"boss_relics":[{"not_picked":["Sozu","Philosopher\u0027s Stone"],"picked":"Runic Dome"},{"not_picked":["WristBlade","Ring of the Serpent"],"picked":"Empty Cage"}],"items_purged_floors":[14],"is_endless":false,"potions_floor_spawned":[1,2,11,12,18,20,24,33,37,39,40,41],"killed_by":"Giant Head","ascension_level":20}}