{"host":"Jin","time":1609519752,"event":{"mods":["BaseMod","Better Altar","Better Match","Better Note","Better Sensory Stone","Better Skull","Better Third Choice","Highlight Path","Minty Spire (QoL Compilation)","Permanent Neow","Quick Restart","StSLib"],"gold_per_floor":[111,33,33,58,76,111,111,142,142,163,163,163],"floor_reached":11,"playtime":710,"items_purged":[],"score":137,"play_id":"88425284-632d-4fb4-812a-48b19fea0a0e","local_time":"20210102014912","is_ascension_mode":true,"campfire_choices":[{"data":"Chaos","floor":7,"key":"SMITH"}],"circlet_count":0,"master_deck":["AscendersBane","Strike_B","Strike_B","Defend_B","Defend_B","Defend_B","Defend_B","Zap","Dualcast","Chaos+1","Go for the Eyes","Blizzard","Glacier","Streamline","Coolheaded","Heatsinks","Turbo","Ball Lightning"],"relics":["Cracked Core","Golden Idol","Potion Belt","Bottled Tornado","PreservedInsect"],"acts_visited":["Exordium"],"potions_floor_usage":[6,8],"damage_taken":[{"damage":0,"enemies":"Cultist","floor":1,"turns":3},{"damage":0,"enemies":"Jaw Worm","floor":4,"turns":4},{"damage":0,"enemies":"Small Slimes","floor":5,"turns":3},{"damage":26,"enemies":"3 Sentries","floor":6,"turns":8},{"damage":16,"enemies":"Gremlin Nob","floor":8,"turns":4},{"damage":9,"enemies":"Exordium Wildlife","floor":10,"turns":4},{"damage":20,"enemies":"Lagavulin","floor":11,"turns":5}],"seed_played":"-1416498988492331441","potions_obtained":[{"floor":1,"key":"ColorlessPotion"},{"floor":6,"key":"AttackPotion"},{"floor":10,"key":"PotionOfCapacity"}],"is_trial":false,"path_per_floor":["M","$","?","M","M","E","R","E","T","M","E"],"character_chosen":"DEFECT","items_purchased":["Glacier"],"campfire_rested":0,"item_purchase_floors":[2],"current_hp_per_floor":[68,68,63,63,63,37,37,21,21,12,0,0],"gold":163,"neow_bonus":"TRANSFORM_TWO_CARDS","is_daily":false,"chose_seed":false,"campfire_upgraded":1,"win_rate":0.0,"timestamp":1609519752,"path_taken":["M","$","?","M","M","E","R","E","T","M","E"],"items_purchased_type":["Card"],"build_version":"2020-12-18","purchased_purges":0,"victory":false,"max_hp_per_floor":[68,68,63,63,63,63,63,63,63,63,63,63],"card_choices":[{"not_picked":["Doom and Gloom","Recycle"],"picked":"Blizzard","floor":1},{"not_picked":["Gash","Beam Cell"],"picked":"Streamline","floor":4},{"not_picked":["Cold Snap","Melter"],"picked":"Coolheaded","floor":5},{"not_picked":["Redo","Cold Snap"],"picked":"Heatsinks","floor":6},{"not_picked":["Glacier","Hyperbeam"],"picked":"Turbo","floor":8},{"not_picked":["Reinforced Body","Beam Cell"],"picked":"Ball Lightning","floor":10}],"player_experience":754183,"relics_obtained":[{"floor":6,"key":"Potion Belt"},{"floor":8,"key":"Bottled Tornado"},{"floor":9,"key":"PreservedInsect"}],"event_choices":[{"damage_healed":0,"gold_gain":0,"player_choice":"Lose Max HP","damage_taken":0,"relics_obtained":["Golden Idol"],"max_hp_gain":0,"max_hp_loss":5,"event_name":"Golden Idol","floor":3,"gold_loss":0}],"is_beta":true,"boss_relics":[],"items_purged_floors":[],"is_endless":false,"potions_floor_spawned":[1,6,10],"killed_by":"Lagavulin","ascension_level":13}}