{"host":"ltca6yxwulbhza25","time":1609508091,"event":{"mods":["BaseMod","Colored Map","Colored Powertips","Minty Spire (QoL Compilation)","Quick Restart","StSLib","The Blue Laboratory","The Cursed","The Forsaken"],"gold_per_floor":[319,269,280,297,8,39,39,51,51,69,89,119,119,130,130,235,235,253,253,272,197,213,213,213,213],"floor_reached":24,"playtime":1368,"items_purged":["theForsaken:TheForsaken_Strike"],"score":235,"play_id":"36f06f48-1e97-4023-84ca-f4dd41a1cbec","local_time":"20210101213451","is_ascension_mode":false,"campfire_choices":[{"floor":7,"key":"RECALL"},{"data":"theForsaken:BlightOfFamine","floor":15,"key":"SMITH"},{"data":"theForsaken:SacredOath","floor":23,"key":"SMITH"}],"circlet_count":0,"master_deck":["theForsaken:TheForsaken_Strike","theForsaken:TheForsaken_Strike","theForsaken:TheForsaken_Strike","theForsaken:TheForsaken_Defend","theForsaken:TheForsaken_Defend","theForsaken:TheForsaken_Defend","theForsaken:Smite","theForsaken:Penitence","theForsaken:BlightOfFamine+1","theForsaken:Confusion+1","theForsaken:StoreUp","theForsaken:AncientWords","theForsaken:SacredOath+1","theForsaken:Purification","theForsaken:WordsOfPestilence+1"],"relics":["theForsaken:JudgementScales","Toolbox","Gremlin Horn","Mango","Cursed Key"],"acts_visited":["Exordium","TheCity"],"potions_floor_usage":[12,20,24],"damage_taken":[{"damage":0,"enemies":"Small Slimes","floor":1,"turns":4},{"damage":0,"enemies":"2 Louse","floor":3,"turns":2},{"damage":0,"enemies":"Cultist","floor":4,"turns":4},{"damage":1,"enemies":"Lagavulin","floor":6,"turns":5},{"damage":3,"enemies":"Blue Slaver","floor":8,"turns":2},{"damage":0,"enemies":"Red Slaver","floor":10,"turns":1},{"damage":10,"enemies":"Lots of Slimes","floor":11,"turns":2},{"damage":4,"enemies":"Gremlin Nob","floor":12,"turns":3},{"damage":7,"enemies":"Blue Slaver","floor":14,"turns":2},{"damage":12,"enemies":"The Guardian","floor":16,"turns":7},{"damage":2,"enemies":"Chosen","floor":18,"turns":4},{"damage":18,"enemies":"3 Byrds","floor":20,"turns":6},{"damage":29,"enemies":"3 Cultists","floor":22,"turns":4},{"damage":49,"enemies":"Gremlin Leader","floor":24,"turns":5}],"seed_played":"8323722851447377920","potions_obtained":[{"floor":3,"key":"blueLaboratory:FruitPunch"},{"floor":6,"key":"blueLaboratory:SavagePotion"},{"floor":8,"key":"blueLaboratory:Moonshine"},{"floor":11,"key":"Explosive Potion"},{"floor":22,"key":"Dexterity Potion"}],"is_trial":false,"path_per_floor":["M","?","M","M","$","E","R","M","T","M","M","E","?","M","R","B",null,"M","?","M","$","M","R","E"],"character_chosen":"THE_FORSAKEN","items_purchased":["Toolbox","theForsaken:Confusion"],"campfire_rested":0,"item_purchase_floors":[5,5],"current_hp_per_floor":[71,71,71,71,71,70,70,67,67,67,64,78,78,71,71,67,87,87,87,72,72,45,45,0,0],"gold":213,"neow_bonus":"TEN_PERCENT_HP_BONUS","is_daily":false,"chose_seed":false,"campfire_upgraded":2,"win_rate":0.0,"timestamp":1609508091,"path_taken":["M","?","M","M","$","E","R","M","T","M","M","E","?","M","R","BOSS","M","?","M","$","?","R","E"],"items_purchased_type":["Relic","Card"],"build_version":"2020-12-22","purchased_purges":1,"victory":false,"max_hp_per_floor":[71,71,71,71,71,71,71,71,71,71,71,87,87,87,87,87,87,87,87,87,87,87,87,87,87],"card_choices":[{"not_picked":["theForsaken:ChargeAttack","theForsaken:Backlash"],"picked":"theForsaken:BlightOfFamine","floor":1},{"not_picked":["theForsaken:FuryStrikes","theForsaken:LightRoll","theForsaken:ScorchingSunlight"],"picked":"SKIP","floor":3},{"not_picked":["theForsaken:Enfeeble","theForsaken:BattleHymn","theForsaken:FuryStrikes"],"picked":"SKIP","floor":4},{"not_picked":["theForsaken:Thunderbolt","theForsaken:FatRoll","theForsaken:SolarFlare"],"picked":"SKIP","floor":6},{"not_picked":["theForsaken:ShieldBash","theForsaken:QuickAttack","theForsaken:PreciseStrike"],"picked":"SKIP","floor":8},{"not_picked":["theForsaken:NobleSacrifice","theForsaken:DefensiveStance"],"picked":"theForsaken:StoreUp","floor":10},{"not_picked":["theForsaken:SiphonStrike","theForsaken:DarkBargain"],"picked":"theForsaken:AncientWords","floor":11},{"not_picked":["theForsaken:BountifulSunlight","theForsaken:CorruptedWord","theForsaken:Riposte"],"picked":"SKIP","floor":12},{"not_picked":["theForsaken:PowerUp","theForsaken:NobleSacrifice","theForsaken:PanicDive"],"picked":"SKIP","floor":14},{"not_picked":["theForsaken:Mantra","theForsaken:Temperance"],"picked":"theForsaken:SacredOath","floor":16},{"not_picked":["theForsaken:QuickAttack","theForsaken:PreciseStrike","theForsaken:ShieldCharge"],"picked":"SKIP","floor":18},{"not_picked":["theForsaken:WrathOfGod","theForsaken:Parry"],"picked":"theForsaken:WordsOfPestilence+1","floor":20},{"not_picked":["theForsaken:Backlash","theForsaken:WordsOfMight","theForsaken:Preservation"],"picked":"SKIP","floor":22}],"player_experience":24306,"relics_obtained":[{"floor":6,"key":"Gremlin Horn"},{"floor":12,"key":"Mango"}],"event_choices":[{"cards_removed":["theForsaken:TheForsaken_Defend"],"damage_healed":0,"gold_gain":0,"player_choice":"Card Removal","damage_taken":0,"max_hp_gain":0,"max_hp_loss":0,"event_name":"The Cleric","floor":2,"gold_loss":50},{"damage_healed":0,"gold_gain":0,"player_choice":"Grow","damage_taken":0,"max_hp_gain":0,"max_hp_loss":0,"event_name":"Living Wall","floor":13,"gold_loss":0,"cards_upgraded":["theForsaken:Confusion"]},{"damage_healed":0,"gold_gain":0,"player_choice":"1 cards matched","damage_taken":0,"max_hp_gain":0,"max_hp_loss":0,"event_name":"Match and Keep!","floor":19,"gold_loss":0,"cards_obtained":["theForsaken:Purification"]}],"is_beta":false,"boss_relics":[{"not_picked":["Fusion Hammer","theForsaken:ScalesOfTruth"],"picked":"Cursed Key"}],"items_purged_floors":[21],"is_endless":false,"potions_floor_spawned":[3,6,8,11,22],"killed_by":"Gremlin Leader","ascension_level":0}}