{"host":"wm071zykm6h74uqk","time":1609508099,"event":{"mods":["AchievementEnabler","Aspiration","BaseMod","Better Silent Start","Better Third Choice","BetterRewards","Colored Powertips","Custom Start","Defuse TimeMaze Blight","Downfall","Gold Saver","Humility","Hyrulean Relics","Infinite Spire","Minty Spire (QoL Compilation)","Quick Restart","Spicy Shops","StSLib","Wandering Minibosses"],"gold_per_floor":[99,119,136,156,66,66,93,93,93,93],"floor_reached":8,"playtime":400,"items_purged":["Slimebound:Defend_Slimebound"],"score":46,"play_id":"4b52bb96-69e4-47ee-800d-00031156b096","local_time":"20210101143459","is_ascension_mode":false,"campfire_choices":[{"data":"Slimebound:Split","floor":1,"key":"SMITH"}],"circlet_count":0,"master_deck":["Slimebound:Strike_Slimebound","Slimebound:Strike_Slimebound","Slimebound:Strike_Slimebound","Slimebound:Tackle","Slimebound:Defend_Slimebound","Slimebound:Defend_Slimebound","Slimebound:Defend_Slimebound","Slimebound:Split+1","Slimebound:CorrosiveSpit","Slimebound:SpikyOuterGoop","Slimebound:Equalize","Slimebound:HauntingLick","Slimebound:LeadByExample"],"relics":["Slimebound:AbsorbEndCombat"],"acts_visited":["Exordium"],"potions_floor_usage":[],"damage_taken":[{"damage":12,"enemies":"Small Slimes","floor":2,"turns":4},{"damage":13,"enemies":"Cultist","floor":3,"turns":4},{"damage":22,"enemies":"2 Louse","floor":4,"turns":3},{"damage":11,"enemies":"downfall:FleeingMerchant","floor":5,"turns":4},{"damage":77,"enemies":"Gremlin Nob","floor":8,"turns":4}],"seed_played":"-2786557139763729218","potions_obtained":[{"floor":4,"key":"Dexterity Potion"}],"is_trial":false,"path_per_floor":["R","M","M","M","$","?","T","E"],"character_chosen":"SLIMEBOUND","items_purchased":[],"campfire_rested":0,"item_purchase_floors":[],"current_hp_per_floor":[66,62,59,49,54,66,66,0,0,0],"gold":93,"neow_bonus":"TEN_PERCENT_HP_BONUS","is_daily":false,"chose_seed":false,"campfire_upgraded":1,"win_rate":0.0,"timestamp":1609508099,"path_taken":["R","M","M","M","$","?","T","E"],"items_purchased_type":[],"build_version":"2020-12-22","purchased_purges":1,"victory":false,"max_hp_per_floor":[66,66,66,66,66,66,66,66,66,66],"card_choices":[{"not_picked":["Slimebound:SplitMire","Slimebound:FinishingTackle"],"picked":"Slimebound:SpikyOuterGoop","floor":2},{"not_picked":["Slimebound:RejuvenatingLick","Slimebound:Repurpose"],"picked":"Slimebound:Equalize","floor":3},{"not_picked":["Slimebound:ViciousTackle","Slimebound:SplitMire"],"picked":"Slimebound:HauntingLick","floor":4},{"not_picked":["Slimebound:TongueLash","Slimebound:FinishingTackle"],"picked":"Slimebound:LeadByExample","floor":5}],"player_experience":691948,"relics_obtained":[],"event_choices":[{"damage_healed":12,"gold_gain":0,"player_choice":"Full Heal","damage_taken":0,"max_hp_gain":0,"max_hp_loss":0,"event_name":"Wheel of Change","floor":6,"gold_loss":0}],"is_beta":false,"boss_relics":[],"items_purged_floors":[5],"is_endless":false,"potions_floor_spawned":[4],"killed_by":"Gremlin Nob","ascension_level":0}}