{"host":"coame8l8goqx0svj","time":1609519166,"event":{"mods":["BaseMod","Downfall","Minty Spire (QoL Compilation)","StSLib"],"gold_per_floor":[99,99,156,156,156,156,156,256,356,371,397,407,332,348,368,472,472,472,572,672,741,818,831,831,855,855,905,540,540,576,603,623,726,726,651,676,393,443,457,375,375,375,375,375,375],"floor_reached":43,"playtime":2931,"items_purged":["hexamod:Defend"],"score":599,"play_id":"4741ee33-9cd0-4e62-80f2-88ef8b794e75","local_time":"20210101173926","is_ascension_mode":true,"campfire_choices":[{"data":"hexamod:Float","floor":1,"key":"SMITH"},{"data":"hexamod:FastForward","floor":13,"key":"SMITH"},{"data":"hexamod:CatchUp","floor":18,"key":"SMITH"},{"data":"hexamod:AdvancingGuard","floor":26,"key":"SMITH"},{"data":"Metamorphosis","floor":29,"key":"SMITH"},{"data":"hexamod:Rewind","floor":35,"key":"SMITH"}],"circlet_count":0,"master_deck":["hexamod:Strike","hexamod:Defend","hexamod:Defend","hexamod:Defend","hexamod:Sear","hexamod:Float+1","hexamod:BurningTouch","hexamod:FirstSeal","hexamod:SpectersWail","hexamod:FastForward+1","hexamod:StepThrough+1","hexamod:AdvancingGuard+1","hexamod:Rewind+1","hexamod:CatchUp+1","hexamod:CrushingStance","hexamod:SpectralSpark","hexamod:EmpoweredFlame+1","hexamod:SecondSeal","hexamod:GhostflameBarrier+1","hexamod:EmpoweredFlame+1","hexamod:VolcanoVisage","hexamod:StepThrough","hexamod:ShieldOfDarkness","hexamod:EmpoweredFlame+1","Metamorphosis+1","hexamod:FifthSeal","hexamod:SixthSeal","hexamod:FourthSeal","hexamod:PowerFromBeyond+1"],"relics":["hexamod:SpiritBrand","downfall:HeartsMalice","hexamod:MatchstickCase","hexamod:InflammatoryLetter","White Beast Statue","Pocketwatch","downfall:HeartBlessingBlue","Black Star","MutagenicStrength","downfall:CloakOfManyFaces","CultistMask","FaceOfCleric","NlothsMask","GremlinMask","SsserpentHead","Meat on the Bone","Nunchaku","Boot","Darkstone Periapt","Empty Cage","downfall:HeartBlessingGreen","Eternal Feather"],"acts_visited":["Exordium","TheCity","TheBeyond"],"potions_floor_usage":[11,16,30,30,39,39,42,43,43],"damage_taken":[{"damage":0,"enemies":"Small Slimes","floor":2,"turns":1},{"damage":0,"enemies":"3 Sentries","floor":3,"turns":1},{"damage":0,"enemies":"2 Louse","floor":6,"turns":1},{"damage":36,"enemies":"downfall:LadyInBlue","floor":9,"turns":9},{"damage":0,"enemies":"Cultist","floor":10,"turns":3},{"damage":13,"enemies":"3 Sentries","floor":11,"turns":5},{"damage":3,"enemies":"Large Slime","floor":12,"turns":3},{"damage":13,"enemies":"Lots of Slimes","floor":14,"turns":3},{"damage":6,"enemies":"Exordium Wildlife","floor":15,"turns":3},{"damage":31,"enemies":"downfall:Silent","floor":16,"turns":8},{"damage":13,"enemies":"downfall:Augmenter","floor":19,"turns":7},{"damage":13,"enemies":"downfall:FaceTrader","floor":20,"turns":4},{"damage":2,"enemies":"Spheric Guardian","floor":21,"turns":4},{"damage":4,"enemies":"3 Byrds","floor":23,"turns":3},{"damage":15,"enemies":"Snake Plant","floor":25,"turns":3},{"damage":0,"enemies":"downfall:FleeingMerchant","floor":28,"turns":4},{"damage":48,"enemies":"Slavers","floor":30,"turns":7},{"damage":7,"enemies":"Chosen and Byrds","floor":31,"turns":6},{"damage":9,"enemies":"Cultist and Chosen","floor":32,"turns":6},{"damage":31,"enemies":"downfall:Watcher","floor":33,"turns":8},{"damage":36,"enemies":"3 Shapes","floor":36,"turns":4},{"damage":50,"enemies":"3 Darklings","floor":39,"turns":7},{"damage":3,"enemies":"downfall:FleeingMerchant","floor":40,"turns":4},{"damage":29,"enemies":"Spire Growth","floor":42,"turns":4},{"damage":50,"enemies":"Reptomancer","floor":43,"turns":3}],"seed_played":"-8141793409038080130","potions_obtained":[{"floor":9,"key":"hexamod:InfernoChargePotion"},{"floor":9,"key":"SmokeBomb"},{"floor":9,"key":"Regen Potion"},{"floor":11,"key":"sneckomod:MuddlingPotion"},{"floor":12,"key":"Strength Potion"},{"floor":14,"key":"Weak Potion"},{"floor":16,"key":"champ:CounterPotion"},{"floor":20,"key":"ColorlessPotion"},{"floor":25,"key":"Strength Potion"},{"floor":31,"key":"sneckomod:MuddlingPotion"},{"floor":32,"key":"AttackPotion"},{"floor":33,"key":"PowerPotion"},{"floor":39,"key":"sneckomod:MuddlingPotion"},{"floor":40,"key":"LiquidBronze"}],"is_trial":false,"path_per_floor":["R","M","?","?","?","M","T","?","?","M","E","M","R","M","M","B",null,"R","?","?","M","T","M","T","M","R","?","$","R","E","M","M","B",null,"R","M","?","?","M","$","T","M","E"],"character_chosen":"THE_SPIRIT","items_purchased":["hexamod:StepThrough","hexamod:ShieldOfDarkness","hexamod:EmpoweredFlame","Metamorphosis"],"campfire_rested":0,"item_purchase_floors":[28,28,28,28],"current_hp_per_floor":[70,70,70,67,72,72,72,72,43,50,58,62,72,66,67,43,75,75,69,63,69,69,73,73,66,66,66,74,74,46,59,58,47,82,82,59,106,106,57,55,55,46,0,0,0],"gold":375,"neow_bonus":"THREE_ENEMY_KILL","is_daily":false,"chose_seed":false,"campfire_upgraded":6,"win_rate":0.0,"timestamp":1609519166,"path_taken":["R","M","?","?","?","M","T","?","?","M","E","M","R","M","M","BOSS","R","?","?","?","?","M","T","M","R","?","$","R","E","M","M","BOSS","R","M","?","?","M","$","T","M","E"],"items_purchased_type":["Card","Card","Card","Card"],"build_version":"2020-12-22","purchased_purges":1,"victory":false,"max_hp_per_floor":[70,70,70,70,75,75,75,75,75,75,75,75,85,85,85,85,85,85,85,85,86,86,87,87,88,88,88,89,89,90,91,92,93,93,93,94,106,106,107,108,108,109,109,109,109],"card_choices":[{"not_picked":["hexamod:BacktrackSmack","hexamod:Firestarter"],"picked":"hexamod:BurningTouch","floor":2},{"not_picked":["hexamod:RecurringNightmare","hexamod:GhostShield"],"picked":"hexamod:FirstSeal","floor":3},{"not_picked":["hexamod:ThermalTransfer","hexamod:Firestarter"],"picked":"hexamod:SpectersWail","floor":6},{"not_picked":["hexamod:RainOfEmbers","hexamod:HauntingEcho"],"picked":"hexamod:FastForward","floor":9},{"not_picked":["hexamod:FirstSeal","hexamod:SwordOfDarkness"],"picked":"hexamod:StepThrough","floor":10},{"not_picked":["hexamod:HauntingEcho","hexamod:ParanormalForm"],"picked":"hexamod:AdvancingGuard","floor":11},{"not_picked":["hexamod:RetreatToShadows","hexamod:RainOfEmbers","hexamod:ThermalTransfer"],"picked":"SKIP","floor":12},{"not_picked":["hexamod:GhostOfSpirePast","hexamod:HauntingEcho"],"picked":"hexamod:Rewind","floor":14},{"not_picked":["hexamod:RainOfEmbers","hexamod:FlamesFromBeyond"],"picked":"hexamod:CatchUp","floor":15},{"not_picked":["hexamod:ApocalypseNow","hexamod:Toasty"],"picked":"hexamod:CrushingStance","floor":16},{"not_picked":["hexamod:BurningTouch","hexamod:ShieldOfDarkness"],"picked":"hexamod:EmpoweredFlame+1","floor":19},{"not_picked":["hexamod:SpectersWail","hexamod:Hexaguard"],"picked":"hexamod:SecondSeal","floor":20},{"not_picked":["hexamod:HeatMetal","hexamod:InspiringFlames"],"picked":"hexamod:GhostflameBarrier+1","floor":21},{"not_picked":["hexamod:PhantomFireball","hexamod:SwordOfDarkness","hexamod:GhostShield"],"picked":"SKIP","floor":23},{"not_picked":["hexamod:Haunt+1","hexamod:PhantomFireball"],"picked":"hexamod:EmpoweredFlame+1","floor":25},{"not_picked":["hexamod:CatchUp+1","hexamod:StepThrough"],"picked":"hexamod:VolcanoVisage","floor":28},{"not_picked":["hexamod:FlamesFromBeyond","hexamod:PhantomFireball","hexamod:Firestarter"],"picked":"SKIP","floor":30},{"not_picked":["hexamod:SuperheatedStrike","hexamod:AdvancingGuard","hexamod:RainOfEmbers"],"picked":"SKIP","floor":31},{"not_picked":["hexamod:Again","hexamod:HauntingEcho","hexamod:NightmareStrike"],"picked":"SKIP","floor":32},{"not_picked":["hexamod:SixthSeal","hexamod:TimeWarp"],"picked":"hexamod:FifthSeal","floor":33},{"not_picked":["hexamod:SecondSeal","hexamod:FourthSeal"],"picked":"hexamod:SixthSeal","floor":36},{"not_picked":["hexamod:EmpoweredFlame","hexamod:NightmareStrike+1","hexamod:SpectersWail+1"],"picked":"SKIP","floor":36},{"not_picked":["hexamod:FirstSeal","hexamod:SixthSeal"],"picked":"hexamod:FourthSeal","floor":39},{"not_picked":["hexamod:Firestarter","hexamod:HauntingEcho","hexamod:GhostShield"],"picked":"SKIP","floor":39},{"not_picked":["hexamod:FifthSeal","hexamod:FourthSeal"],"picked":"hexamod:PowerFromBeyond+1","floor":40},{"not_picked":["hexamod:SixthSeal","hexamod:FourthSeal","hexamod:FirstSeal"],"picked":"SKIP","floor":40}],"player_experience":1745925,"relics_obtained":[{"floor":3,"key":"hexamod:MatchstickCase"},{"floor":9,"key":"White Beast Statue"},{"floor":11,"key":"Pocketwatch"},{"floor":19,"key":"MutagenicStrength"},{"floor":20,"key":"downfall:CloakOfManyFaces"},{"floor":24,"key":"Meat on the Bone"},{"floor":30,"key":"Boot"},{"floor":30,"key":"Darkstone Periapt"},{"floor":41,"key":"Eternal Feather"}],"event_choices":[{"damage_healed":0,"gold_gain":0,"player_choice":"Success","damage_taken":3,"relics_obtained":["hexamod:InflammatoryLetter"],"max_hp_gain":0,"max_hp_loss":0,"event_name":"Scrap Ooze","floor":4,"gold_loss":0},{"damage_healed":0,"gold_gain":0,"player_choice":"Donut","damage_taken":0,"max_hp_gain":5,"max_hp_loss":0,"event_name":"Big Fish","floor":5,"gold_loss":0}],"is_beta":false,"boss_relics":[{"not_picked":["Fusion Hammer","Runic Pyramid"],"picked":"Black Star"},{"not_picked":["Snecko Eye","Coffee Dripper"],"picked":"Empty Cage"}],"items_purged_floors":[40],"is_endless":false,"potions_floor_spawned":[10,11,12,14,15,16,20,21,23,25,28,31,32,33,36,39,40,42],"killed_by":"Reptomancer","ascension_level":5}}