{"host":"4mxntv5hh20ijfso","time":1609495229,"event":{"mods":["AchievementEnabler","Act Like it!","Arknights The Spire","BaseMod","Better Altar","Better Match","Better Note","Better Sensory Stone","Better Skull","Better Third Choice","Better Vampires","CatGirl Mod","Elementarium","Energized Spire","Fireblade Mod","Gensokyo","Halation","Hero for Fun","Koishi","Menagerie","Minty Spire (QoL Compilation)","Quick Restart","Random Character Button","Robot Space Explorer","Shade Mod","Shop Mod","Spicy Shops","StSLib","The Alterego","The Blackbeard","The Bladedancer","The Clintock","The Cursed","The Druid","The Elementalist","The Hayseed","The Hierophant","The Juggle","The Kombatant","The Marked","The Mystic","The Runesmith","TheFirefly","TheVelvet","Uncapped","Waifu the Spire","Wandering Minibosses","????"],"gold_per_floor":[111,131,131,131,150,150,169,184,184,199,23,36,36,55,55,151,151,167,185,201,114,134,134,134],"floor_reached":23,"playtime":2006,"items_purged":[],"score":189,"play_id":"3ec17f69-c932-4ad8-87fc-6fbc650ca412","local_time":"20210101050029","is_ascension_mode":false,"campfire_choices":[{"data":"ats:Ignite","floor":6,"key":"SMITH"},{"floor":15,"key":"REST"}],"circlet_count":0,"master_deck":["ats:Strike C","ats:Strike G","ats:Strike S","ats:Strike V","ats:Armor Crushing Shot","ats:Defend","ats:Defend","ats:Defend","ats:Defend","ats:Emotion Absorption+1","ats:Ignite+1","ats:Revitalization","ats:LN2 Cannon","ats:Hammer On","ats:Childhood Dance","ats:Closed Bolt Burst Fire","Transmutation","ats:Blood Oath","ats:Burning Ground","ats:Volcano","ats:Magnetic Hammer","ats:Hammer On+1","ats:Assault Order+1","ats:Revitalization","ats:Curse Doll","ats:Chain Hook+1"],"relics":["ats:Sanity","Mango","halation:PinkSoulGem","Cursed Key"],"acts_visited":["Exordium","TheCity"],"potions_floor_usage":[7,14,16,18,19,22],"damage_taken":[{"damage":10,"enemies":"Cultist","floor":1,"turns":4},{"damage":0,"enemies":"Small Slimes","floor":2,"turns":3},{"damage":10,"enemies":"Jaw Worm","floor":5,"turns":4},{"damage":19,"enemies":"Exordium Thugs","floor":7,"turns":3},{"damage":14,"enemies":"Large Slime","floor":8,"turns":9},{"damage":12,"enemies":"2 Fungi Beasts","floor":10,"turns":4},{"damage":7,"enemies":"Blue Slaver","floor":12,"turns":4},{"damage":10,"enemies":"Looter","floor":14,"turns":2},{"damage":61,"enemies":"The Guardian","floor":16,"turns":12},{"damage":15,"enemies":"3 Byrds","floor":18,"turns":4},{"damage":24,"enemies":"Spheric Guardian","floor":19,"turns":5},{"damage":34,"enemies":"Snake Plant","floor":20,"turns":5},{"damage":35,"enemies":"Snecko","floor":22,"turns":6},{"damage":1,"enemies":"Gremlin Leader","floor":23,"turns":2}],"seed_played":"5306202361135907885","potions_obtained":[{"floor":2,"key":"AttackPotion"},{"floor":10,"key":"DuplicationPotion"},{"floor":12,"key":"GamblersBrew"},{"floor":16,"key":"Regen Potion"},{"floor":18,"key":"Dexterity Potion"},{"floor":19,"key":"BlessingOfTheForge"}],"is_trial":false,"path_per_floor":["M","M","?","?","M","R","M","M","T","M","$","M","?","M","R","B",null,"M","M","M","$","M","E"],"character_chosen":"DOCTOR_CLASS","items_purchased":["Transmutation","ats:Revitalization","ats:Curse Doll"],"campfire_rested":1,"item_purchase_floors":[11,21,21],"current_hp_per_floor":[62,62,62,62,55,55,36,30,44,35,35,30,30,26,51,5,86,79,64,36,36,5,7,7],"gold":134,"neow_bonus":"","is_daily":false,"chose_seed":false,"campfire_upgraded":1,"win_rate":0.0,"timestamp":1609495229,"path_taken":["M","?","?","?","M","R","M","?","T","M","$","M","?","M","R","BOSS","M","M","M","$","M","E"],"items_purchased_type":["Card","Card","Card"],"build_version":"2020-12-22","purchased_purges":0,"victory":false,"max_hp_per_floor":[72,72,72,72,72,72,72,72,86,86,86,86,86,86,86,86,86,86,86,86,86,86,86,86],"card_choices":[{"not_picked":["ats:Explosion Area Strengthen","ats:Automatic Cover"],"picked":"ats:Ignite","floor":1},{"not_picked":["ats:Leaping Hammer","ats:Ignite"],"picked":"ats:Revitalization","floor":2},{"not_picked":["ats:Steam Pump","ats:Flexible Camouflage"],"picked":"ats:LN2 Cannon","floor":5},{"not_picked":["ats:Sunburst","ats:Poison Spread"],"picked":"ats:Hammer On","floor":7},{"not_picked":["ats:Hammer On","ats:Song Of Battle"],"picked":"ats:Childhood Dance","floor":8},{"not_picked":["ats:Consecutive Shot Auto","ats:Directed Diagnosis"],"picked":"ats:Closed Bolt Burst Fire","floor":10},{"not_picked":["ats:Explosion Area Strengthen","ats:Ignite"],"picked":"ats:Blood Oath","floor":12},{"not_picked":["ats:Leaping Hammer","ats:Charging Defense"],"picked":"ats:Burning Ground","floor":14},{"not_picked":["ats:Nebulous Foxfire","ats:True Silver Slash"],"picked":"ats:Volcano","floor":16},{"not_picked":["ats:Chain Hook+1","ats:Shell Defense"],"picked":"ats:Magnetic Hammer","floor":18},{"not_picked":["ats:Cat Scratch","ats:Childhood Dance"],"picked":"ats:Hammer On+1","floor":19},{"not_picked":["ats:Song Of Battle+1","ats:Ignite"],"picked":"ats:Assault Order+1","floor":20},{"not_picked":["ats:Hammer On","ats:Spore Proliferation"],"picked":"ats:Chain Hook+1","floor":22}],"player_experience":0,"relics_obtained":[{"floor":9,"key":"Mango"}],"event_choices":[{"damage_healed":0,"gold_gain":0,"player_choice":"Upgraded","damage_taken":0,"max_hp_gain":0,"max_hp_loss":0,"event_name":"Upgrade Shrine","floor":4,"gold_loss":0,"cards_upgraded":["ats:Emotion Absorption"]}],"is_beta":false,"boss_relics":[{"not_picked":["halation:PlatinumPhoenix","Coffee Dripper"],"picked":"Cursed Key"}],"items_purged_floors":[],"is_endless":false,"potions_floor_spawned":[2,10,12,16,18,19],"killed_by":"Gremlin Leader","ascension_level":0}}