{"host":"bbcqjedmotowk2e9","time":1609511306,"event":{"mods":["AchievementEnabler","Aspiration","BaseMod","Colored Powertips","Energized Spire","GifTheSpireLib","Halation","Hubris","Hyrulean Relics","Infinite Spire","Marisa????????","Minty Spire (QoL Compilation)","Permanent Neow","Quick Restart","Relic Stats","Replay The Spire","Spires And Sneckos","StSLib","Stuff the Spire","Synergy Search","The Disciple"],"gold_per_floor":[119,139,139,64,129,129,179,304,357,376,33,33,49,49,49,74,74,169,169,184,234,142,107,125,125,125,150,252,202,202,202,265,265,140,165,165,264,264,278,291,341,191,209,209,209],"floor_reached":44,"playtime":1370,"items_purged":["Strike_R","Strike_R","Strike_R","Bash"],"score":517,"play_id":"597ed451-3036-4e75-9f89-37244a7f0cc1","local_time":"20210101172826","is_ascension_mode":false,"campfire_choices":[{"data":"Battle Trance","floor":6,"key":"SMITH"},{"data":"Body Slam","floor":12,"key":"SMITH"},{"data":"Impervious","floor":31,"key":"SMITH"},{"data":"StuffTheSpire:Innocence","floor":33,"key":"SMITH"},{"data":"Defend_R","floor":36,"key":"SMITH"}],"circlet_count":0,"master_deck":["Strike_R","Strike_R","Defend_R","Defend_R+1","Defend_R","Defend_R","Battle Trance+1","Body Slam+1","Shrug It Off+1","Impervious+1","StuffTheSpire:Innocence+1","StuffTheSpire:Incineration+1","Parasite"],"relics":["Burning Blood","NeowsBlessing","SsserpentHead","PreservedInsect","Replay:Kaleidoscope","Bag of Marbles","halation:YellowSoulGem","halation:KoshaPiece","ReplayTheSpireMod:Shallot","aspiration:Lifesprig","infinitespire:Bottled Soul","infinitespire:Eraser","Ring of Chaos"],"acts_visited":["Exordium","TheCity","TheBeyond"],"potions_floor_usage":[16,18,27,32,37,39,44],"damage_taken":[{"damage":0,"enemies":"2 Louse","floor":1,"turns":1},{"damage":0,"enemies":"Cultist","floor":2,"turns":1},{"damage":0,"enemies":"Small Slimes","floor":5,"turns":1},{"damage":19,"enemies":"Blue Slaver","floor":10,"turns":3},{"damage":2,"enemies":"3 Louse","floor":13,"turns":4},{"damage":18,"enemies":"Lagavulin","floor":16,"turns":7},{"damage":18,"enemies":"The Guardian","floor":18,"turns":12},{"damage":20,"enemies":"Chosen","floor":20,"turns":6},{"damage":6,"enemies":"Shell Parasite","floor":24,"turns":7},{"damage":20,"enemies":"Gremlin Leader","floor":27,"turns":5},{"damage":0,"enemies":"3 Cultists","floor":32,"turns":5},{"damage":0,"enemies":"Nightmare","floor":35,"turns":5},{"damage":28,"enemies":"Collector","floor":37,"turns":7},{"damage":4,"enemies":"3 Darklings","floor":39,"turns":8},{"damage":11,"enemies":"Orb Walker","floor":40,"turns":4},{"damage":0,"enemies":"Writhing Mass","floor":43,"turns":7},{"damage":94,"enemies":"Nemesis","floor":44,"turns":12}],"seed_played":"-59821573860199645","potions_obtained":[{"floor":5,"key":"Elixir"},{"floor":10,"key":"Explosive Potion"},{"floor":13,"key":"Block Potion"},{"floor":18,"key":"PowerPotion"},{"floor":27,"key":"ColorlessPotion"},{"floor":32,"key":"Swift Potion"},{"floor":37,"key":"infinitespire:BlackPotion"},{"floor":43,"key":"BloodPotion"}],"is_trial":false,"path_per_floor":["M","M","?","$","M","R","?","?","T","M","$","R","M","PTL","PTL","E","R","B",null,"M","?","?","?","M","PTL","PTL","E","T","$","T","R","M","R","$","NM","R","B",null,"M","M","?","$","M","E"],"character_chosen":"IRONCLAD","items_purchased":["Replay:Kaleidoscope","Shrug It Off"],"campfire_rested":0,"item_purchase_floors":[11,11],"current_hp_per_floor":[80,80,80,80,80,80,80,69,69,56,56,56,60,60,60,48,72,60,80,66,66,66,66,66,66,66,52,52,52,52,52,58,58,58,64,64,42,80,80,75,75,75,80,0,0],"gold":209,"neow_bonus":"THREE_ENEMY_KILL","is_daily":false,"chose_seed":false,"campfire_upgraded":5,"win_rate":0.0,"timestamp":1609511306,"path_taken":["M","M","?","$","?","R","?","?","T","M","$","R","M","PTL","PTL","E","R","BOSS","M","?","?","?","M","PTL","PTL","E","?","?","T","R","?","R","$","NM","R","BOSS","M","M","?","$","M","E"],"items_purchased_type":["Relic","Card"],"build_version":"2020-12-22","purchased_purges":4,"victory":false,"max_hp_per_floor":[80,80,80,80,80,80,80,80,80,80,80,80,80,80,80,80,80,80,80,80,80,80,80,80,80,80,80,80,80,80,80,80,80,80,80,80,80,80,80,80,80,80,80,80,80],"relic_stats":{"SsserpentHead":500,"counters":[17,101],"PreservedInsect":294,"obtain_stats":[{"halation:YellowSoulGem":21,"aspiration:Lifesprig":28,"NeowsBlessing":0,"PreservedInsect":9,"Ring of Chaos":38,"Replay:Kaleidoscope":11,"Burning Blood":0,"SsserpentHead":3,"ReplayTheSpireMod:Shallot":27,"infinitespire:Bottled Soul":30,"Bag of Marbles":16,"halation:KoshaPiece":23,"infinitespire:Eraser":35},{"halation:YellowSoulGem":8,"aspiration:Lifesprig":10,"NeowsBlessing":0,"PreservedInsect":3,"Ring of Chaos":13,"Replay:Kaleidoscope":4,"Burning Blood":0,"SsserpentHead":2,"ReplayTheSpireMod:Shallot":10,"infinitespire:Bottled Soul":10,"Bag of Marbles":6,"halation:KoshaPiece":8,"infinitespire:Eraser":12},{"halation:YellowSoulGem":35,"aspiration:Lifesprig":47,"NeowsBlessing":0,"PreservedInsect":3,"Ring of Chaos":64,"Replay:Kaleidoscope":6,"Burning Blood":0,"SsserpentHead":2,"ReplayTheSpireMod:Shallot":47,"infinitespire:Bottled Soul":47,"Bag of Marbles":17,"halation:KoshaPiece":35,"infinitespire:Eraser":57}],"Burning Blood":75},"card_choices":[{"not_picked":["Wild Strike","Disarm"],"picked":"Battle Trance","floor":1},{"not_picked":["StuffTheSpire:RockThrow","Warcry","Battle Trance"],"picked":"SKIP","floor":2},{"not_picked":["StuffTheSpire:RockThrow","Clash","Dropkick"],"picked":"SKIP","floor":5},{"not_picked":["True Grit","Clothesline"],"picked":"Body Slam","floor":10},{"not_picked":["Cleave","Flex","Armaments"],"picked":"SKIP","floor":13},{"not_picked":["Thunderclap","Cleave","Wild Strike"],"picked":"SKIP","floor":16},{"not_picked":["Limit Break","Reaper"],"picked":"Impervious","floor":18},{"not_picked":["Armaments","StuffTheSpire:BloodClot","StuffTheSpire:Incineration"],"picked":"SKIP","floor":20},{"not_picked":["Inflame","Run Through","Replay:Undeath\u0027s Touch"],"picked":"SKIP","floor":24},{"not_picked":["Wild Strike","Bludgeon","Anger+1"],"picked":"SKIP","floor":27},{"not_picked":["Reckless Charge","Blood for Blood","Flex+1"],"picked":"SKIP","floor":32},{"not_picked":["Blood for Blood","Havoc","Limit Break"],"picked":"SKIP","floor":35},{"not_picked":["Run Through+1","Perfected Strike"],"picked":"StuffTheSpire:Incineration+1","floor":39},{"not_picked":["Spot Weakness+1","Pommel Strike+1","Clash+1"],"picked":"SKIP","floor":40},{"not_picked":["ReplayTheSpireMod:Strike From Hell+1","Cleave","Run Through+1"],"picked":"SKIP","floor":43}],"player_experience":577588,"relics_obtained":[{"floor":9,"key":"PreservedInsect"},{"floor":16,"key":"Bag of Marbles"},{"floor":27,"key":"ReplayTheSpireMod:Shallot"},{"floor":28,"key":"aspiration:Lifesprig"},{"floor":30,"key":"infinitespire:Bottled Soul"},{"floor":35,"key":"infinitespire:Eraser"}],"event_choices":[{"damage_healed":0,"gold_gain":0,"player_choice":"Trade","damage_taken":0,"relics_obtained":["SsserpentHead"],"max_hp_gain":0,"max_hp_loss":0,"event_name":"FaceTrader","floor":3,"gold_loss":0},{"damage_healed":0,"gold_gain":0,"player_choice":"Ignored","damage_taken":0,"max_hp_gain":0,"max_hp_loss":0,"event_name":"Liars Game","floor":7,"gold_loss":0},{"damage_healed":0,"gold_gain":75,"player_choice":"Gather Gold","damage_taken":11,"max_hp_gain":0,"max_hp_loss":0,"event_name":"World of Goop","floor":8,"gold_loss":0},{"damage_healed":0,"gold_gain":0,"player_choice":"Obtained Relic","damage_taken":0,"relics_obtained":["halation:KoshaPiece"],"max_hp_gain":0,"max_hp_loss":0,"event_name":"Addict","floor":23,"gold_loss":85},{"damage_healed":0,"gold_gain":0,"player_choice":"Bought 0 Potions","damage_taken":0,"max_hp_gain":0,"max_hp_loss":0,"event_name":"The Woman in Blue","floor":41,"gold_loss":0}],"is_beta":false,"boss_relics":[{"not_picked":["Replay:Ancient Bell","StuffTheSpire:RunicHypercube","hubris:HollowSoul"]},{"not_picked":["hubris:GrandSneckoEye","infinitespire:Cupcake"],"picked":"Ring of Chaos"}],"items_purged_floors":[4,29,34,42],"is_endless":true,"potions_floor_spawned":[5,10,13,18,27,32,37,43],"killed_by":"Nemesis","ascension_level":0}}