{"host":"7pe9xwx78c6nlay8","time":1609515783,"event":{"mods":["BaseMod","Minty Spire (QoL Compilation)"],"gold_per_floor":[112,112,10,22,22,52,52,86,112,127,127,140,166,180,180,180,180],"floor_reached":16,"playtime":514,"items_purged":["Defend_P"],"score":254,"play_id":"06e96dcd-26ae-4e00-9213-a718aac942ac","local_time":"20210101234303","is_ascension_mode":true,"campfire_choices":[{"data":"WaveOfTheHand","floor":7,"key":"SMITH"},{"data":"Eruption","floor":11,"key":"SMITH"},{"floor":15,"key":"REST"}],"circlet_count":0,"master_deck":["AscendersBane","Strike_P","Strike_P","Strike_P","Strike_P","Defend_P","Defend_P","Defend_P","Eruption+1","Vigilance","Wireheading","TalkToTheHand+1","Evaluate","CutThroughFate+1","WaveOfTheHand+1","DeusExMachina","JustLucky","PathToVictory"],"relics":["PureWater","NeowsBlessing","Omamori","Darkstone Periapt","Art of War","Whetstone"],"acts_visited":["Exordium"],"potions_floor_usage":[8,13,13,16,16,16],"damage_taken":[{"damage":0.0,"enemies":"Small Slimes","floor":1.0,"turns":1.0},{"damage":0,"enemies":"Cultist","floor":4,"turns":1},{"damage":0,"enemies":"Lagavulin","floor":6,"turns":1},{"damage":10,"enemies":"Gremlin Nob","floor":8,"turns":3},{"damage":12,"enemies":"Jaw Worm","floor":10,"turns":4},{"damage":2,"enemies":"Blue Slaver","floor":12,"turns":5},{"damage":15,"enemies":"Lagavulin","floor":13,"turns":7},{"damage":3,"enemies":"Red Slaver","floor":14,"turns":3},{"damage":46,"enemies":"Slime Boss","floor":16,"turns":9}],"seed_played":"-1330530568578288867","potions_obtained":[{"floor":1.0,"key":"DistilledChaos"},{"floor":10,"key":"GamblersBrew"},{"floor":12,"key":"BottledMiracle"},{"floor":14,"key":"EntropicBrew"}],"is_trial":false,"path_per_floor":["M","?","$","M","$","E","R","E","T","M","R","M","E","M","R","B"],"character_chosen":"WATCHER","items_purchased":["CutThroughFate"],"campfire_rested":1,"item_purchase_floors":[3],"current_hp_per_floor":[61,61,61,61,61,61,61,51,51,39,39,37,22,19,39,0,0],"gold":180,"neow_bonus":"THREE_ENEMY_KILL","is_daily":false,"chose_seed":false,"campfire_upgraded":2,"win_rate":0.0,"timestamp":1609515783,"path_taken":["M","?","$","M","?","E","R","E","T","M","R","M","E","M","R","BOSS"],"items_purchased_type":["Card"],"build_version":"2020-12-22","purchased_purges":1,"victory":false,"max_hp_per_floor":[68,68,68,68,68,68,68,68,68,68,68,68,68,68,68,68,68],"card_choices":[{"not_picked":["Vengeance","FlurryOfBlows"],"picked":"Wireheading","floor":1.0},{"not_picked":["Evaluate","BowlingBash","CrushJoints"],"picked":"SKIP","floor":4},{"not_picked":["JustLucky","EmptyBody"],"picked":"WaveOfTheHand","floor":6},{"not_picked":["Conclude","FlurryOfBlows"],"picked":"DeusExMachina","floor":8},{"not_picked":["SignatureMove","EmptyFist","Fasting2"],"picked":"SKIP","floor":10},{"not_picked":["Crescendo","SashWhip","EmptyFist"],"picked":"SKIP","floor":12},{"not_picked":["Conclude","DeceiveReality"],"picked":"JustLucky","floor":13},{"not_picked":["InnerPeace","Indignation"],"picked":"PathToVictory","floor":14}],"player_experience":1593503,"relics_obtained":[{"floor":6,"key":"Omamori"},{"floor":8,"key":"Darkstone Periapt"},{"floor":9,"key":"Art of War"},{"floor":13,"key":"Whetstone"}],"event_choices":[{"damage_healed":0,"gold_gain":0,"player_choice":"2 cards matched","damage_taken":0,"max_hp_gain":0,"max_hp_loss":0,"event_name":"Match and Keep!","floor":2,"gold_loss":0,"cards_obtained":["TalkToTheHand","Evaluate"]}],"is_beta":false,"boss_relics":[],"items_purged_floors":[3],"is_endless":false,"potions_floor_spawned":[1,10,12,14],"killed_by":"Slime Boss","ascension_level":15}}