{"host":"wonp23fsqqcu31ie","time":1609461181,"event":{"mods":["2.2 Compatiblity","AchievementEnabler","Aspiration","BaseMod","Bestiary","Better Altar","Better Match","Better Sensory Stone","Better Skull","Better Third Choice","BetterRewards","Block Reminder","Colored Map","Colored Powertips","Conspire","Curses Come First","DeckTracker","Displayed Cursed Tome","Downfall","Hermit","Highlight Path","Hubris","Marisa????????","Minty Spire (QoL Compilation)","Permanent Neow","Quick Restart","Rare Cards Sparkle","Relic Stats","Replay The Spire","Robot Space Explorer","Shade Mod","Shop Mod","StSLib","SuperFastMode","The Animator","The Cursed","The Gatherer","The Marked","The Necromancer","The Runesmith","The Servant 0.9.4"],"gold_per_floor":[110,122,141,141,160,160,176,20,94,137,137,171,171,171,171,285,285,298,298,499,548,559,586,598,598,598,653,669,698,190,204,204,359,359,373,373,373,79,92,92,137,0,0,135,135,162,229,244,244,244,244,244,78,107,107,107],"floor_reached":55,"playtime":1518,"items_purged":[],"score":1062,"play_id":"ff3914ea-7442-4503-9b27-eebc452d9b1e","local_time":"20210101113301","is_ascension_mode":true,"campfire_choices":[{"data":"DC","floor":6,"key":"SMITH"},{"floor":13,"key":"REST"},{"floor":15,"key":"RECALL"},{"data":"CollectingQuirk","floor":25,"key":"SMITH"},{"data":"hubris:DuctTapeCard","floor":45,"key":"SMITH"},{"data":"EarthLightRay","floor":49,"key":"SMITH"},{"data":"Pot Of Greed","floor":52,"key":"SMITH"}],"circlet_count":0,"master_deck":["Strike_MRS","Strike_MRS","Strike_MRS","Strike_MRS","Defend_MRS","Defend_MRS+1","Defend_MRS+1","MasterSpark","hubris:Compulsion","Shame","MagicAbsorber","DC+1","ShootTheMoon","OortCloud","Robbery","hubris:DuctTapeCard+2","EarthLightRay+1","CollectingQuirk+1","Clumsy","Amnesia","Clumsy","OrrerysSun+1","ReplayTheSpireMod:Splinters","DoubleSpark+1","MachineGunSpark+1","ShootingEcho+1","Pot Of Greed","Pot Of Greed","Pot Of Greed+1","MysteriousBeam+1","DeepEcoloBomb+1","GrandCross+1","UnstableBomb+1","Parasite","Parasite","FinalSpark","LuminesStrike+1","CasketOfStar","Pot Of Greed","NonDirectionalLaser","MagicChant+1","6A+1","BlazeAway+1","DragonMeteor+1","WitchLeyline+1","EnergyFlow"],"relics":["MiniHakkero","conspire:SpecialSausage","Happy Flower","hubris:AstralHammer","SproutingBranch","hubris:DuctTape","ReplayTheSpireMod:TigerMarble","Replay:WaspNest","Du-Vu Doll","hubris:Icosahedron","Grinning Jar","aspiration:StickyExplosives_weak","aspiration:Stabinomicon","ShroomBag","SimpleLauncher","HandmadeGrimoire","MerchantsRug","conspire:RunicOctahedron","Sling","conspire:TopHat","Red Mask","hubris:FunFungus","Runesmith:Nanobots","War Paint"],"acts_visited":["Exordium","TheCity","TheBeyond","TheEnding"],"potions_floor_usage":[5,16,33,33,33,50,50,55],"damage_taken":[{"damage":1,"enemies":"Cultist","floor":1,"turns":3},{"damage":6,"enemies":"Jaw Worm","floor":2,"turns":3},{"damage":0,"enemies":"Small Slimes","floor":3,"turns":2},{"damage":12,"enemies":"Exordium Wildlife","floor":5,"turns":2},{"damage":8,"enemies":"2 Fungi Beasts","floor":7,"turns":3},{"damage":30,"enemies":"Lagavulin","floor":10,"turns":4},{"damage":4,"enemies":"Replay:BlueRogue","floor":12,"turns":4},{"damage":50,"enemies":"Slime Boss","floor":16,"turns":9},{"damage":0,"enemies":"Spheric Guardian","floor":18,"turns":2},{"damage":11,"enemies":"2 Thieves","floor":21,"turns":3},{"damage":10,"enemies":"Chosen and Byrds","floor":22,"turns":2},{"damage":24,"enemies":"Slavers","floor":23,"turns":3},{"damage":2,"enemies":"Centurion and Healer","floor":24,"turns":2},{"damage":12,"enemies":"Book of Stabbing","floor":27,"turns":2},{"damage":11,"enemies":"conspire:HollyBat","floor":28,"turns":6},{"damage":13,"enemies":"conspire:SneckoGhost","floor":29,"turns":2},{"damage":0,"enemies":"Snake Plant","floor":31,"turns":1},{"damage":1,"enemies":"Champ","floor":33,"turns":2},{"damage":0,"enemies":"3 Darklings","floor":35,"turns":1},{"damage":0,"enemies":"Orb Walker","floor":39,"turns":1},{"damage":10,"enemies":"4 Shapes","floor":41,"turns":2},{"damage":0,"enemies":"Reptomancer","floor":44,"turns":1},{"damage":0,"enemies":"conspire:MimicChest","floor":46,"turns":1},{"damage":0,"enemies":"Nemesis","floor":47,"turns":1},{"damage":1,"enemies":"Jaw Worm Horde","floor":48,"turns":2},{"damage":2,"enemies":"hubris:GrandSnecko","floor":50,"turns":3},{"damage":0,"enemies":"Shield and Spear","floor":54,"turns":1},{"damage":114,"enemies":"The Heart","floor":55,"turns":3}],"seed_played":"-3978154425743550148","potions_obtained":[{"floor":1,"key":"AttackPotion"},{"floor":2,"key":"Ancient Potion"},{"floor":16,"key":"Ancient Potion"},{"floor":23,"key":"Strength Potion"},{"floor":24,"key":"Adrenaline Potion"},{"floor":27,"key":"DuplicationPotion"},{"floor":31,"key":"PowerPotion"},{"floor":33,"key":"Ancient Potion"},{"floor":35,"key":"StarNLove"},{"floor":44,"key":"LiquidMemories"}],"is_trial":false,"path_per_floor":["M","M","M","?","M","R","M","$","T","E","?","E","R","?","R","B",null,"M","?","?","M","M","E","M","R","T","E","M","E","$","M","R_BF","B",null,"M","?","?","$","M","$","M","?","T","E","R","?","E","M","R","B",null,"R","$","E","B"],"character_chosen":"MARISA","items_purchased":["Happy Flower","SimpleLauncher","HandmadeGrimoire","MerchantsRug","Sling","conspire:TopHat","Runesmith:Nanobots"],"campfire_rested":1,"item_purchase_floors":[8,30,30,30,38,38,53],"current_hp_per_floor":[74,68,68,68,56,56,48,48,48,18,18,26,48,73,73,32,75,75,75,75,68,65,54,57,57,57,50,58,54,54,54,75,74,75,75,75,75,75,75,75,72,72,72,75,75,75,75,74,74,75,75,75,75,75,0,0],"gold":107,"neow_bonus":"CURSED_BOSS_RELIC","is_daily":false,"chose_seed":false,"campfire_upgraded":5,"win_rate":0.0,"timestamp":1609461181,"path_taken":["M","?","M","?","M","R","M","$","T","E","?","E","R","?","R","BOSS","M","?","?","M","M","E","M","R","T","E","M","E","$","M","R_BF","BOSS","M","?","?","$","?","$","?","?","T","E","R","?","E","M","R","BOSS","R","$","E","BOSS"],"items_purchased_type":["Relic","Relic","Relic","Relic","Relic","Relic","Relic"],"build_version":"2020-12-22","purchased_purges":0,"victory":false,"max_hp_per_floor":[75,75,75,75,75,75,75,75,75,75,75,75,75,75,75,75,75,75,75,75,75,75,75,75,75,75,75,75,75,75,75,75,75,75,75,75,75,75,75,75,75,75,75,75,75,75,75,75,75,75,75,75,75,75,75,75],"relic_stats":{"Happy Flower":[19],"counters":[44,117],"War Paint":["Defend_MRS","Defend_MRS"],"obtain_stats":[{"Calipers":6,"conspire:SpecialSausage":0,"aspiration:Stabinomicon":27,"Juzu Bracelet":46,"SproutingBranch":10,"Sling":38,"conspire:TopHat":38,"aspiration:StickyExplosives_weak":26,"Dream Catcher":47,"hubris:Icosahedron":19,"hubris:AstralHammer":9,"hubris:FunFungus":44,"HandmadeGrimoire":30,"Red Mask":42,"SimpleLauncher":30,"MerchantsRug":30,"Runesmith:Nanobots":53,"Happy Flower":8,"hubris:DuctTape":12,"conspire:RunicOctahedron":34,"Replay:WaspNest":17,"Replay:Ancient Bell":17,"aspiration:SeaSaltIceCream":9,"War Paint":54,"Mercury Hourglass":9,"Du-Vu Doll":17,"ShroomBag":29,"Black Star":17,"ReplayTheSpireMod:TigerMarble":17,"MiniHakkero":0,"Grinning Jar":23},{"Calipers":5,"conspire:SpecialSausage":16,"aspiration:Stabinomicon":30,"Juzu Bracelet":39,"SproutingBranch":22,"Sling":35,"conspire:TopHat":35,"aspiration:StickyExplosives_weak":29,"Dream Catcher":40,"hubris:Icosahedron":25,"hubris:AstralHammer":21,"hubris:FunFungus":38,"HandmadeGrimoire":32,"Red Mask":37,"SimpleLauncher":32,"MerchantsRug":32,"Runesmith:Nanobots":42,"Happy Flower":21,"hubris:DuctTape":23,"conspire:RunicOctahedron":34,"Replay:WaspNest":24,"Replay:Ancient Bell":24,"aspiration:SeaSaltIceCream":21,"War Paint":43,"Mercury Hourglass":6,"Du-Vu Doll":24,"ShroomBag":32,"Black Star":10,"ReplayTheSpireMod:TigerMarble":24,"MiniHakkero":0,"Grinning Jar":28},{"Calipers":12,"conspire:SpecialSausage":46,"aspiration:Stabinomicon":90,"Juzu Bracelet":107,"SproutingBranch":63,"Sling":102,"conspire:TopHat":102,"aspiration:StickyExplosives_weak":88,"Dream Catcher":108,"hubris:Icosahedron":78,"hubris:AstralHammer":59,"hubris:FunFungus":106,"HandmadeGrimoire":98,"Red Mask":105,"SimpleLauncher":98,"MerchantsRug":98,"Runesmith:Nanobots":113,"Happy Flower":59,"hubris:DuctTape":67,"conspire:RunicOctahedron":101,"Replay:WaspNest":76,"Replay:Ancient Bell":76,"aspiration:SeaSaltIceCream":59,"War Paint":114,"Mercury Hourglass":14,"Du-Vu Doll":76,"ShroomBag":98,"Black Star":27,"ReplayTheSpireMod:TigerMarble":76,"MiniHakkero":0,"Grinning Jar":86}]},"card_choices":[{"not_picked":["RefractionSpark","DoubleSpark"],"picked":"MagicAbsorber","floor":1},{"not_picked":["AsteroidBelt","OneTimeOff"],"picked":"DC","floor":2},{"not_picked":["UnstableBomb","WitchLeyline"],"picked":"ShootTheMoon","floor":3},{"not_picked":["PowerUp","SporeBomb"],"picked":"OortCloud","floor":5},{"not_picked":["Orbital","ShootingEcho"],"picked":"Robbery","floor":7},{"not_picked":["MagicChant","Orbital"],"picked":"LuminesStrike","floor":10},{"not_picked":["WitchLeyline","PropBag"],"picked":"EarthLightRay","floor":12},{"not_picked":["SatelliteIllusion","MillisecondPulsars"],"picked":"CollectingQuirk","floor":16},{"not_picked":["Shame","Slimebound:Icky"],"picked":"Clumsy","floor":17},{"not_picked":["Doubt","Normality"],"picked":"Amnesia","floor":17},{"not_picked":["hubris:Gluttony","CurseOfTheBell"],"picked":"Clumsy","floor":17},{"not_picked":["Acceleration","WitchOfGreed"],"picked":"OrrerysSun+1","floor":18},{"not_picked":["EnergyRecoil","ManaConvection"],"picked":"DoubleSpark+1","floor":20},{"not_picked":["CollectingQuirk","WitchOfGreed"],"picked":"MachineGunSpark","floor":21},{"not_picked":["EventHorizon","WitchLeyline"],"picked":"ShootingEcho+1","floor":22},{"not_picked":["GalacticHalo+1","MaximisePower"],"picked":"MysteriousBeam+1","floor":23},{"not_picked":["MagicChant","SporeBomb"],"picked":"DeepEcoloBomb+1","floor":24},{"not_picked":["IllusionStar","GravityBeat"],"picked":"GrandCross+1","floor":27},{"not_picked":["MagicAbsorber","Acceleration+1"],"picked":"UnstableBomb","floor":28},{"not_picked":["DC+1","EnergyRecoil"],"picked":"FinalSpark","floor":29},{"not_picked":["ChargeUpSpray","MysteriousBeam"],"picked":"LuminesStrike+1","floor":31},{"not_picked":["BlazingStar","StarDustReverie"],"picked":"CasketOfStar","floor":33},{"not_picked":["WitchOfGreed","Acceleration"],"picked":"NonDirectionalLaser","floor":35},{"not_picked":["EnergyRecoil+1","AsteroidBelt","DC"],"picked":"SKIP","floor":39},{"not_picked":["NonDirectionalLaser","GravityBeat"],"picked":"MagicChant+1","floor":41},{"not_picked":["EarthLightRay+1","SuperNova"],"picked":"6A+1","floor":44},{"not_picked":["OneTimeOff","MysteriousBeam+1"],"picked":"BlazeAway+1","floor":46},{"not_picked":["StarlightTyphoon+1","DoubleSpark+1"],"picked":"DragonMeteor+1","floor":47},{"not_picked":["EarthLightRay","GrandCross"],"picked":"WitchLeyline+1","floor":48},{"not_picked":["UnstableBomb","IllusionStar"],"picked":"EnergyFlow","floor":54}],"player_experience":429178,"relics_obtained":[{"floor":9,"key":"aspiration:SeaSaltIceCream"},{"floor":10,"key":"SproutingBranch"},{"floor":12,"key":"hubris:DuctTape"},{"floor":23,"key":"Grinning Jar"},{"floor":26,"key":"aspiration:StickyExplosives_weak"},{"floor":27,"key":"aspiration:Stabinomicon"},{"floor":29,"key":"ShroomBag"},{"floor":44,"key":"hubris:FunFungus"},{"floor":46,"key":"Juzu Bracelet"},{"floor":47,"key":"Dream Catcher"},{"floor":54,"key":"War Paint"}],"event_choices":[{"damage_healed":0,"gold_gain":0,"player_choice":"Leave","damage_taken":0,"max_hp_gain":0,"max_hp_loss":0,"event_name":"The Cleric","floor":4,"gold_loss":0},{"damage_healed":0,"gold_gain":0,"player_choice":"Leave","damage_taken":0,"max_hp_gain":0,"max_hp_loss":0,"event_name":"conspire:Investor","floor":11,"gold_loss":0},{"damage_healed":25,"gold_gain":0,"player_choice":"Banana","damage_taken":0,"max_hp_gain":0,"max_hp_loss":0,"event_name":"Big Fish","floor":14,"gold_loss":0},{"cards_removed":["Defend_MRS"],"damage_healed":0,"gold_gain":0,"player_choice":"Removed Skill","damage_taken":0,"max_hp_gain":0,"max_hp_loss":0,"event_name":"Falling","floor":36,"gold_loss":0},{"damage_healed":0,"gold_gain":0,"player_choice":"Upgraded","damage_taken":0,"max_hp_gain":0,"max_hp_loss":0,"event_name":"Upgrade Shrine","floor":37,"gold_loss":0,"cards_upgraded":["MachineGunSpark"]},{"damage_healed":0,"gold_gain":0,"player_choice":"Paid","damage_taken":0,"relics_obtained":["Red Mask"],"max_hp_gain":0,"max_hp_loss":0,"event_name":"Tomb of Lord Red Mask","floor":42,"gold_loss":137}],"is_beta":false,"boss_relics":[{"not_picked":["Velvet Choker","Painkiller Herb"],"picked":"Replay:Ancient Bell"},{"not_picked":["Orichalcum","Replay:Rubber Ducky"],"picked":"ReplayTheSpireMod:TigerMarble"},{"not_picked":["Sundial","InkBottle"],"picked":"Replay:WaspNest"},{"not_picked":["conspire:InfiniteJournal","Ice Cream"],"picked":"Du-Vu Doll"},{"not_picked":["ReplayTheSpireMod:DimensionalGlitch","Snecko Eye"],"picked":"conspire:RunicOctahedron"}],"items_purged_floors":[],"is_endless":false,"potions_floor_spawned":[1,2,16,23,24,27,31,33,35,44],"killed_by":"The Heart","ascension_level":1}}