{"host":"36ls4ricihodphgx","time":1609498902,"event":{"mods":["AchievementEnabler","BaseMod","Colored Map","Downfall","Hermit","HololiveMod","Marisa????????","Minty Spire (QoL Compilation)","Replay The Spire","Shop Mod","StSLib","SuperFastMode","The Animator","The Bug Knight","The Cursed","The Servant 0.9.4"],"gold_per_floor":[112,157,10,85,48,48,48,65,65,78,78,111,121,139,139,234,234,214,224,147,246,246,246,262,0,0,0,0,11,21,21,21,122,122,136,136,136,156,176,176,176],"floor_reached":40,"playtime":1315,"items_purged":["Strike_B"],"score":411,"play_id":"9b2fd826-9f05-44e9-aab5-dcbdd7e0e05d","local_time":"20210101040142","is_ascension_mode":false,"campfire_choices":[{"data":"Ball Lightning","floor":6,"key":"SMITH"},{"floor":15,"key":"REST"},{"data":"FIFO Queue","floor":23,"key":"SMITH"},{"floor":27,"key":"REST"},{"floor":32,"key":"REST"}],"circlet_count":0,"master_deck":["Strike_B","Strike_B","Defend_B","Defend_B","Defend_B","Zap","Dualcast","Darkness","Ball Lightning+1","Lockon","Barrage+1","BootSequence","Redo","Machine Learning","BootSequence","Melter","Conserve Battery+1","FIFO Queue+1","animator:Curse_Greed","Barrage","Reinforced Body+1","Storm","Stack","Panic Button","Amplify","Replay:SS_fish_3","Ball Lightning+1","White Noise+1","White Noise+1"],"relics":["Cracked Core","Eternal Feather","Replay:Baseball","Replay:Bottled Flurry","Replay:WaspNest","SlaversCollar","Prayer Wheel","Meat on the Bone","Iron Hammer","Boot","Velvet Choker"],"acts_visited":["Exordium","TheCity","TheBeyond"],"potions_floor_usage":[39,39,40],"damage_taken":[{"damage":15,"enemies":"Jaw Worm","floor":1,"turns":4},{"damage":0,"enemies":"Small Slimes","floor":8,"turns":2},{"damage":0,"enemies":"2 Louse","floor":10,"turns":2},{"damage":6,"enemies":"Replay:BlueRogue","floor":12,"turns":4},{"damage":0,"enemies":"Large Slime","floor":13,"turns":5},{"damage":16,"enemies":"Lots of Slimes","floor":14,"turns":3},{"damage":26,"enemies":"Hexaghost","floor":16,"turns":6},{"damage":15,"enemies":"2 Thieves","floor":18,"turns":4},{"damage":12,"enemies":"Shell Parasite","floor":19,"turns":3},{"damage":38,"enemies":"Centurion and Healer","floor":24,"turns":8},{"damage":32,"enemies":"Shelled Parasite and Fungi","floor":29,"turns":6},{"damage":3,"enemies":"Snake Plant","floor":30,"turns":4},{"damage":58,"enemies":"Collector","floor":33,"turns":8},{"damage":26,"enemies":"Orb Walker","floor":35,"turns":5},{"damage":30,"enemies":"3 Shapes","floor":38,"turns":6},{"damage":30,"enemies":"Spire Growth","floor":39,"turns":4},{"damage":35,"enemies":"Nemesis","floor":40,"turns":3}],"seed_played":"1527201398932327060","potions_obtained":[{"floor":1,"key":"LiquidBronze"},{"floor":2,"key":"Fire Potion"},{"floor":7,"key":"PotionOfCapacity"},{"floor":12,"key":"Adrenaline Potion"},{"floor":39,"key":"DuplicationPotion"}],"is_trial":false,"path_per_floor":["M","?","$","?","$","R","?","M","T","M","?","E","M","M","R","B",null,"M","M","$","?","?","R","M","$","T","R","?","M","M","?","R","B",null,"M","?","?","M","M","E"],"character_chosen":"DEFECT","items_purchased":["Lockon","Barrage+1","FIFO Queue","Iron Hammer"],"campfire_rested":3,"item_purchase_floors":[3,5,20,25],"current_hp_per_floor":[67,47,47,36,36,42,42,42,42,42,42,36,36,20,53,27,82,67,55,55,55,55,67,41,41,41,77,69,49,46,46,82,36,82,56,56,56,38,20,0,0],"gold":176,"neow_bonus":"TEN_PERCENT_HP_BONUS","is_daily":false,"chose_seed":false,"campfire_upgraded":2,"win_rate":0.0,"timestamp":1609498902,"path_taken":["M","?","$","?","$","R","?","M","T","?","?","E","?","M","R","BOSS","M","M","?","?","?","R","M","$","T","R","?","M","?","?","R","BOSS","M","?","?","M","?","E"],"items_purchased_type":["Card","Card","Card","Relic"],"build_version":"2020-12-22","purchased_purges":1,"victory":false,"max_hp_per_floor":[82,82,82,82,82,82,82,82,82,82,82,82,82,82,82,82,82,82,82,82,82,82,82,82,82,82,82,82,82,82,82,82,82,82,82,82,82,82,82,82,82],"card_choices":[{"not_picked":["Blizzard","Stack"],"picked":"Darkness","floor":1},{"not_picked":["BasicCrystalCard","Go for the Eyes"],"picked":"Ball Lightning","floor":2},{"not_picked":["ReplayTheSpireMod:Repulse","Scrape"],"picked":"BootSequence","floor":8},{"not_picked":["Coolheaded","Skim","Beam Cell"],"picked":"SKIP","floor":10},{"not_picked":["Darkness","Chill"],"picked":"Redo","floor":12},{"not_picked":["Leap","Conserve Battery"],"picked":"Machine Learning","floor":13},{"not_picked":["ReplayTheSpireMod:Reroute Power","Coolheaded"],"picked":"BootSequence","floor":14},{"not_picked":["Fission","Biased Cognition"],"picked":"ReplayTheSpireMod:Fabricate Wheel","floor":16},{"not_picked":["Steam","Skim"],"picked":"Melter","floor":18},{"not_picked":["Conserve Battery","Steam","Stack+1"],"picked":"SKIP","floor":18},{"not_picked":["Gash","Time Bomb"],"picked":"Conserve Battery+1","floor":19},{"not_picked":["Streamline","Doom and Gloom","Coolheaded"],"picked":"SKIP","floor":19},{"not_picked":["Streamline","Redo"],"picked":"Barrage","floor":24},{"not_picked":["Hologram+1","Compile Driver","Leap"],"picked":"SKIP","floor":24},{"not_picked":["Storm","BasicCrystalCard"],"picked":"Reinforced Body+1","floor":29},{"not_picked":["Hologram","Sweeping Beam+1"],"picked":"Storm","floor":29},{"not_picked":["Force Field","Blizzard","Beam Cell"],"picked":"SKIP","floor":30},{"not_picked":["ReplayTheSpireMod:Fabricate Wheel","Sweeping Beam","Streamline"],"picked":"SKIP","floor":30},{"not_picked":["Fission","Biased Cognition"],"picked":"Amplify","floor":33},{"not_picked":["Compile Driver","ReplayTheSpireMod:Calculation Training","ReplaySolidLightProjector+1"],"picked":"SKIP","floor":35},{"not_picked":["Beam Cell","Auto Shields","Steam Power+1"],"picked":"SKIP","floor":35},{"not_picked":["Thinking Ahead","expansioncontent:BronzeBeam"],"picked":"Replay:SS_fish_3","floor":36},{"not_picked":["Auto Shields","Stack+1"],"picked":"Ball Lightning+1","floor":38},{"not_picked":["Storm","Steam","Stack+1"],"picked":"SKIP","floor":38},{"not_picked":["Sweeping Beam","Darkness"],"picked":"White Noise+1","floor":39},{"not_picked":["Scrape+1","Panic Button+1"],"picked":"White Noise+1","floor":39}],"player_experience":36829,"relics_obtained":[{"floor":2,"key":"Eternal Feather"},{"floor":9,"key":"Replay:Baseball"},{"floor":11,"key":"Replay:Bottled Flurry"},{"floor":12,"key":"Replay:WaspNest"},{"floor":26,"key":"Boot"}],"event_choices":[{"damage_healed":0,"gold_gain":75,"player_choice":"Gather Gold","damage_taken":11,"max_hp_gain":0,"max_hp_loss":0,"event_name":"World of Goop","floor":4,"gold_loss":0},{"damage_healed":0,"gold_gain":0,"player_choice":"Got Potions","damage_taken":0,"max_hp_gain":0,"max_hp_loss":0,"event_name":"Lab","floor":7,"gold_loss":0},{"damage_healed":0,"gold_gain":0,"player_choice":"Relic","damage_taken":0,"max_hp_gain":0,"max_hp_loss":0,"event_name":"Wheel of Change","floor":11,"gold_loss":0},{"damage_healed":0,"gold_gain":99,"player_choice":"Stole From Cult","damage_taken":0,"max_hp_gain":0,"max_hp_loss":0,"event_name":"Nest","floor":21,"gold_loss":0},{"damage_healed":0,"gold_gain":0,"player_choice":"Damaged","damage_taken":8,"max_hp_gain":0,"max_hp_loss":0,"event_name":"Wheel of Change","floor":28,"gold_loss":0},{"damage_healed":0,"gold_gain":0,"cards_transformed":["Strike_B","Defend_B"],"player_choice":"Became Test Subject","damage_taken":0,"max_hp_gain":0,"max_hp_loss":0,"event_name":"Drug Dealer","floor":31,"gold_loss":0,"cards_obtained":["Stack","Panic Button"]},{"damage_healed":0,"gold_gain":0,"player_choice":"Memory 1","damage_taken":0,"max_hp_gain":0,"max_hp_loss":0,"event_name":"SensoryStone","floor":36,"gold_loss":0},{"damage_healed":0,"gold_gain":0,"player_choice":"0 cards matched","damage_taken":0,"max_hp_gain":0,"max_hp_loss":0,"event_name":"Match and Keep!","floor":37,"gold_loss":0,"cards_obtained":[]}],"is_beta":false,"boss_relics":[{"not_picked":["Ectoplasm","Replay:Grab Bag"],"picked":"SlaversCollar"},{"not_picked":["Runic Pyramid","Hololive_TopUpMoneyS"],"picked":"Velvet Choker"}],"items_purged_floors":[3],"is_endless":false,"potions_floor_spawned":[1,12,13,14,24,33,35,39],"killed_by":"Nemesis","ascension_level":0}}