{"host":"h4lp0eeso8a0ssq0","time":1609463831,"event":{"mods":["2.2 Compatiblity","BaseMod","CapriCore","Colored Map","Hermit","Lobotomy","Marisa£¨Ùöéë¡¡Øª×âÞÞ£©","Minty Spire (QoL Compilation)","StSLib","SuperFastMode","The Cursed","The Hierophant","The Immortal"],"gold_per_floor":[113,125,94,105,105,105,116,116,143,143,158,175,175,53,53,156,156,141,159,170,224,243,243,269,269,269,269,281,281,281],"floor_reached":29,"playtime":2060,"items_purged":["Strike_P"],"score":287,"play_id":"cb620891-da58-4dfd-81c6-ddbbce372c81","local_time":"20210101101711","is_ascension_mode":false,"campfire_choices":[{"data":"ReachHeaven","floor":6,"key":"SMITH"},{"floor":8,"key":"REST"},{"floor":15,"key":"REST"},{"floor":23,"key":"REST"},{"floor":25,"key":"REST"},{"data":"Consecrate","floor":27,"key":"SMITH"}],"circlet_count":0,"master_deck":["Strike_P","Defend_P","Defend_P+1","Defend_P","Defend_P","Eruption+1","Vigilance","Indignation","Vengeance+1","ReachHeaven+1","Evaluate","EmptyBody","Evaluate","LikeWater","ConjureBlade","Consecrate+1","DeusExMachina","DeceiveReality","WheelKick+1","DeceiveReality","BattleHymn"],"relics":["PureWater","Bag of Marbles","Tiny Chest","Smiling Mask","Empty Cage","Oddly Smooth Stone","Blue Candle"],"acts_visited":["Exordium","TheCity"],"potions_floor_usage":[23],"damage_taken":[{"damage":5,"enemies":"Jaw Worm","floor":1,"turns":5},{"damage":0,"enemies":"2 Louse","floor":2,"turns":1},{"damage":7,"enemies":"Small Slimes","floor":4,"turns":3},{"damage":0,"enemies":"Exordium Wildlife","floor":7,"turns":3},{"damage":20,"enemies":"Gremlin Gang","floor":11,"turns":3},{"damage":0,"enemies":"2 Fungi Beasts","floor":12,"turns":2},{"damage":0,"enemies":"Slime Boss","floor":16,"turns":4},{"damage":10,"enemies":"2 Thieves","floor":18,"turns":4},{"damage":19,"enemies":"3 Byrds","floor":19,"turns":7},{"damage":10,"enemies":"Centurion and Healer","floor":20,"turns":5},{"damage":26,"enemies":"Sentry and Sphere","floor":22,"turns":8},{"damage":17,"enemies":"Book of Stabbing","floor":24,"turns":5},{"damage":10,"enemies":"Cultist and Chosen","floor":28,"turns":4},{"damage":39,"enemies":"Snake Plant","floor":29,"turns":3}],"seed_played":"-8150959970467990037","potions_obtained":[{"floor":1,"key":"AttackPotion"},{"floor":4,"key":"Energy Potion"},{"floor":11,"key":"PowerPotion"},{"floor":18,"key":"SkillPotion"},{"floor":22,"key":"Fruit Juice"}],"is_trial":false,"path_per_floor":["M","M","?","M","?","R","M","R","T","?","M","M","?","$","R","B",null,"M","M","M","T","M","R","E","R","T","R","M","M"],"character_chosen":"WATCHER","items_purchased":["LikeWater"],"campfire_rested":4,"item_purchase_floors":[14],"current_hp_per_floor":[67,67,67,60,46,46,46,67,67,42,22,22,22,22,43,43,72,62,43,33,33,7,35,18,41,41,41,31,0,0],"gold":281,"neow_bonus":"UPGRADE_CARD","is_daily":false,"chose_seed":false,"campfire_upgraded":2,"win_rate":0.0,"timestamp":1609463831,"path_taken":["M","M","?","M","?","R","M","R","T","?","M","?","?","$","R","BOSS","M","?","M","?","M","R","E","R","T","R","?","M"],"items_purchased_type":["Card"],"build_version":"2020-12-22","purchased_purges":1,"victory":false,"max_hp_per_floor":[72,72,72,72,72,72,72,72,72,72,72,72,72,72,72,72,72,72,72,72,72,72,77,77,77,77,77,77,77,77],"card_choices":[{"not_picked":["Weave","EmptyFist"],"picked":"Indignation","floor":1},{"not_picked":["SashWhip","WreathOfFlame"],"picked":"Vengeance","floor":2},{"not_picked":["FlurryOfBlows","CutThroughFate"],"picked":"ReachHeaven","floor":4},{"not_picked":["Swivel","PathToVictory"],"picked":"Evaluate","floor":7},{"not_picked":["SashWhip","WindmillStrike"],"picked":"EmptyBody","floor":11},{"not_picked":["DeceiveReality","SashWhip"],"picked":"Evaluate","floor":12},{"not_picked":["Judgement","MasterReality"],"picked":"ConjureBlade","floor":16},{"not_picked":["EmptyFist","PathToVictory+1"],"picked":"Consecrate","floor":18},{"not_picked":["BowlingBash","Sanctity+1"],"picked":"DeusExMachina","floor":19},{"not_picked":["Indignation","CutThroughFate"],"picked":"DeceiveReality","floor":20},{"not_picked":["Halt","Evaluate"],"picked":"WheelKick+1","floor":22},{"not_picked":["Pray","Evaluate"],"picked":"DeceiveReality","floor":24},{"not_picked":["Meditate","Nirvana"],"picked":"BattleHymn","floor":28}],"player_experience":46204,"relics_obtained":[{"floor":9,"key":"Bag of Marbles"},{"floor":24,"key":"Oddly Smooth Stone"},{"floor":26,"key":"Blue Candle"}],"event_choices":[{"damage_healed":0,"gold_gain":0,"player_choice":"Left Gold","damage_taken":0,"max_hp_gain":0,"max_hp_loss":0,"event_name":"World of Goop","floor":3,"gold_loss":31},{"damage_healed":0,"gold_gain":0,"player_choice":"Entered Light","damage_taken":14,"max_hp_gain":0,"max_hp_loss":0,"event_name":"Shining Light","floor":5,"gold_loss":0,"cards_upgraded":["Vengeance","Defend_P"]},{"damage_healed":0,"gold_gain":0,"player_choice":"Success","damage_taken":25,"relics_obtained":["Tiny Chest"],"max_hp_gain":0,"max_hp_loss":0,"event_name":"Scrap Ooze","floor":10,"gold_loss":0},{"damage_healed":0,"gold_gain":0,"player_choice":"Gave Potion","damage_taken":0,"relics_obtained":["Smiling Mask"],"max_hp_gain":0,"max_hp_loss":0,"event_name":"WeMeetAgain","floor":13,"gold_loss":0}],"is_beta":false,"boss_relics":[{"not_picked":["Astrolabe","Ectoplasm"],"picked":"Empty Cage"}],"items_purged_floors":[14],"is_endless":false,"potions_floor_spawned":[1,4,11,18,20,22],"killed_by":"Snake Plant","ascension_level":0}}