{"host":"1eo5f82aifdzd7pr","time":1609513083,"event":{"mods":["AchievementEnabler","BaseMod","Colored Map","Colored Powertips","DeckTracker","Marisa????????","Minty Spire (QoL Compilation)","StSLib","SuperFastMode"],"gold_per_floor":[113,38,38,49,63,93,93,106,131,131,147,8,8,8,8,84,84,103,103,103,116,130,130,130,130],"floor_reached":24,"playtime":1050,"items_purged":["Defend_B","Defend_B"],"score":372,"play_id":"65438862-5751-490b-b118-8a98d422e97b","local_time":"20210101165803","is_ascension_mode":true,"campfire_choices":[{"data":"Zap","floor":7,"key":"SMITH"},{"data":"Loop","floor":10,"key":"SMITH"},{"data":"Gash","floor":13,"key":"SMITH"},{"floor":15,"key":"REST"},{"floor":23,"key":"REST"}],"circlet_count":0,"master_deck":["AscendersBane","Strike_B+1","Defend_B","Zap+1","Dualcast","Coolheaded","Gash+1","Echo Form","Loop+1","Scrape","All For One","Conserve Battery","Consume"],"relics":["Cracked Core","Whetstone","Omamori","Calling Bell","Lantern","Gremlin Horn","Gambling Chip"],"acts_visited":["Exordium","TheCity"],"potions_floor_usage":[6,6,8,18,18,21],"damage_taken":[{"damage":0,"enemies":"Cultist","floor":1,"turns":3},{"damage":16,"enemies":"Small Slimes","floor":4,"turns":5},{"damage":1,"enemies":"2 Louse","floor":5,"turns":3},{"damage":13,"enemies":"3 Sentries","floor":6,"turns":8},{"damage":1,"enemies":"Looter","floor":8,"turns":2},{"damage":6,"enemies":"Exordium Wildlife","floor":11,"turns":3},{"damage":25,"enemies":"Hexaghost","floor":16,"turns":6},{"damage":26,"enemies":"2 Thieves","floor":18,"turns":3},{"damage":0,"enemies":"Chosen","floor":21,"turns":4},{"damage":8,"enemies":"Snecko","floor":22,"turns":5},{"damage":44,"enemies":"Book of Stabbing","floor":24,"turns":3}],"seed_played":"-4886261026330409330","potions_obtained":[{"floor":4,"key":"Swift Potion"},{"floor":5,"key":"BlessingOfTheForge"},{"floor":6,"key":"Explosive Potion"},{"floor":11,"key":"FearPotion"},{"floor":16,"key":"SkillPotion"},{"floor":18,"key":"SpeedPotion"},{"floor":21,"key":"Swift Potion"}],"is_trial":false,"path_per_floor":["M","$","?","M","M","E","R","M","T","R","M","$","R","?","R","B",null,"M","?","?","M","M","R","E"],"character_chosen":"DEFECT","items_purchased":["Scrape"],"campfire_rested":2,"item_purchase_floors":[12],"current_hp_per_floor":[64,64,57,41,40,27,27,26,26,26,20,20,20,20,41,16,57,31,31,31,31,23,44,0,0],"gold":130,"neow_bonus":"TRANSFORM_CARD","is_daily":false,"chose_seed":false,"campfire_upgraded":3,"win_rate":0.0,"timestamp":1609513083,"path_taken":["M","?","?","M","M","E","R","M","T","R","M","$","R","?","R","BOSS","M","?","?","M","?","R","E"],"items_purchased_type":["Card"],"build_version":"2020-12-22","purchased_purges":2,"victory":false,"max_hp_per_floor":[71,71,71,71,71,71,71,71,71,71,71,71,71,71,71,71,71,71,71,71,71,71,71,71,71],"card_choices":[{"not_picked":["Stack","Aggregate","Static Discharge"],"picked":"SKIP","floor":1},{"not_picked":["Chaos","Redo"],"picked":"Gash","floor":4},{"not_picked":["Melter","Lockon","Streamline"],"picked":"SKIP","floor":5},{"not_picked":["Melter","Lockon","Streamline"],"picked":"SKIP","floor":5},{"not_picked":["Steam","Hologram"],"picked":"Echo Form","floor":6},{"not_picked":["Chill","Darkness"],"picked":"Loop","floor":8},{"not_picked":["Ball Lightning","Sunder","Barrage"],"picked":"SKIP","floor":11},{"not_picked":["Echo Form","Buffer"],"picked":"All For One","floor":16},{"not_picked":["Loop","Rebound"],"picked":"Conserve Battery","floor":18},{"not_picked":["Turbo","Compile Driver","Darkness"],"picked":"SKIP","floor":21},{"not_picked":["Redo","Double Energy"],"picked":"Consume","floor":22}],"player_experience":744245,"relics_obtained":[{"floor":6,"key":"Whetstone"},{"floor":9,"key":"Omamori"},{"floor":17,"key":"Lantern"},{"floor":17,"key":"Gremlin Horn"},{"floor":17,"key":"Gambling Chip"}],"event_choices":[{"cards_removed":["Strike_B"],"damage_healed":0,"gold_gain":0,"player_choice":"Card Removal","damage_taken":7,"max_hp_gain":0,"max_hp_loss":0,"event_name":"Golden Wing","floor":3,"gold_loss":0},{"cards_removed":["Strike_B"],"damage_healed":0,"gold_gain":0,"player_choice":"Forget","damage_taken":0,"max_hp_gain":0,"max_hp_loss":0,"event_name":"Living Wall","floor":14,"gold_loss":0},{"cards_removed":["Defend_B"],"damage_healed":0,"gold_gain":0,"player_choice":"Elegance","damage_taken":0,"max_hp_gain":0,"max_hp_loss":0,"event_name":"Back to Basics","floor":19,"gold_loss":0},{"damage_healed":0,"gold_gain":0,"player_choice":"Ignored","damage_taken":0,"max_hp_gain":0,"max_hp_loss":0,"event_name":"Ghosts","floor":20,"gold_loss":0}],"is_beta":false,"boss_relics":[{"not_picked":["Runic Dome","Coffee Dripper"],"picked":"Calling Bell"}],"items_purged_floors":[2,12],"is_endless":false,"potions_floor_spawned":[4,5,6,11,16,18,21],"killed_by":"Book of Stabbing","ascension_level":18}}