{"host":"tmf10eeko6je6wes","time":1609516661,"event":{"mods":["AchievementEnabler","BaseMod","Better Altar","Better Match","Better Note","Better Sensory Stone","Better Skull","Better Third Choice","Colored Map","Colored Powertips","Curses Come First","DeckTracker","Highlight Path","Minty Spire (QoL Compilation)","Permanent Neow","Quick Restart","Relic Sorter","Relic Stats","Shop Mod","StSLib","SuperFastMode","Synergy Search"],"gold_per_floor":[109,121,121,136,151,177,188,188,270,345,345,345,35,45,45,143,143,155,155,171,171,19,19,48,58,58,58,36,36,51,51,51,51,51],"floor_reached":33,"playtime":1267,"items_purged":[],"score":315,"play_id":"6d42c0b6-9569-4f26-8070-6329106deb67","local_time":"20210101105741","is_ascension_mode":false,"campfire_choices":[{"floor":8,"key":"REST"},{"data":"Thunderclap","floor":11,"key":"SMITH"},{"floor":15,"key":"REST"},{"floor":23,"key":"REST"},{"floor":29,"key":"REST"},{"floor":32,"key":"REST"}],"circlet_count":0,"master_deck":["Strike_R","Strike_R","Strike_R","Strike_R","Strike_R","Defend_R","Defend_R","Defend_R","Defend_R","Bash","Feed+1","Shrug It Off","Fire Breathing","Thunderclap+1","Feed","Armaments","Heavy Blade","Envenom","Madness","Rupture","Searing Blow","Bludgeon","Clash+1","Carnage","Anger+1","Cleave+1","Whirlwind+1","Writhe","Wild Strike+1","Heavy Blade+1","Sword Boomerang+1","Cleave+1"],"relics":["Burning Blood","Blood Vial","Kunai","Self Forming Clay","Juzu Bracelet","Mark of Pain","Dream Catcher","Bag of Preparation","Molten Egg 2","Akabeko","PreservedInsect"],"acts_visited":["Exordium","TheCity"],"potions_floor_usage":[6,33,33],"damage_taken":[{"damage":7,"enemies":"Cultist","floor":1,"turns":5},{"damage":10,"enemies":"Jaw Worm","floor":2,"turns":5},{"damage":5,"enemies":"Small Slimes","floor":4,"turns":4},{"damage":3,"enemies":"2 Fungi Beasts","floor":5,"turns":4},{"damage":38,"enemies":"Gremlin Nob","floor":6,"turns":6},{"damage":23,"enemies":"Large Slime","floor":7,"turns":8},{"damage":15,"enemies":"Red Slaver","floor":14,"turns":4},{"damage":42,"enemies":"Slime Boss","floor":16,"turns":10},{"damage":24,"enemies":"Shell Parasite","floor":18,"turns":8},{"damage":21,"enemies":"Spheric Guardian","floor":20,"turns":4},{"damage":41,"enemies":"Book of Stabbing","floor":24,"turns":5},{"damage":43,"enemies":"Snecko","floor":25,"turns":6},{"damage":38,"enemies":"Sentry and Sphere","floor":30,"turns":6},{"damage":117,"enemies":"Champ","floor":33,"turns":10}],"seed_played":"8261674757846408819","potions_obtained":[{"floor":2,"key":"Swift Potion"},{"floor":5,"key":"Regen Potion"},{"floor":16,"key":"CultistPotion"},{"floor":25,"key":"FearPotion"},{"floor":30,"key":"LiquidBronze"}],"is_trial":false,"path_per_floor":["M","M","?","M","M","E","M","R","T","?","R","?","$","M","R","B",null,"M","?","M","?","$","R","E","M","T","?","$","R","M","T","R","B"],"character_chosen":"IRONCLAD","items_purchased":["Madness","Rupture","Juzu Bracelet","Dream Catcher","Wild Strike+1"],"campfire_rested":5,"item_purchase_floors":[13,13,13,22,28],"current_hp_per_floor":[82,81,81,86,93,74,59,88,88,77,77,60,60,57,87,57,105,91,91,78,78,78,109,78,43,43,43,43,76,50,50,85,0,0],"gold":51,"neow_bonus":"ONE_RANDOM_RARE_CARD","is_daily":false,"chose_seed":false,"campfire_upgraded":1,"win_rate":0.0,"timestamp":1609516661,"path_taken":["M","M","?","M","M","E","M","R","T","?","R","?","$","M","R","BOSS","M","?","M","?","?","R","E","M","T","?","$","R","M","?","R","BOSS"],"items_purchased_type":["Card","Card","Relic","Relic","Card"],"build_version":"2020-12-22","purchased_purges":0,"victory":false,"max_hp_per_floor":[83,86,86,90,94,97,97,97,97,97,97,97,97,101,101,105,105,109,109,109,109,109,109,113,113,113,113,113,113,117,117,117,117,117],"relic_stats":{"Blood Vial":14,"Dream Catcher":3,"counters":[14,85],"Self Forming Clay":[99],"PreservedInsect":0,"Juzu Bracelet":1,"Bag of Preparation":[6],"Kunai":[6],"obtain_stats":[{"Blood Vial":6,"Dream Catcher":22,"Self Forming Clay":12,"Molten Egg 2":26,"Mark of Pain":17,"PreservedInsect":31,"Juzu Bracelet":13,"Bag of Preparation":24,"Kunai":9,"Burning Blood":0,"Akabeko":27},{"Blood Vial":5,"Dream Catcher":10,"Self Forming Clay":6,"Molten Egg 2":12,"Mark of Pain":8,"PreservedInsect":13,"Juzu Bracelet":6,"Bag of Preparation":11,"Kunai":6,"Burning Blood":0,"Akabeko":12},{"Blood Vial":24,"Dream Catcher":58,"Self Forming Clay":32,"Molten Egg 2":69,"Mark of Pain":46,"PreservedInsect":75,"Juzu Bracelet":32,"Bag of Preparation":63,"Kunai":32,"Burning Blood":0,"Akabeko":69}],"Burning Blood":78},"card_choices":[{"not_picked":["Pommel Strike","Warcry"],"picked":"Shrug It Off","floor":1},{"not_picked":["Pommel Strike","Anger"],"picked":"Fire Breathing","floor":2},{"not_picked":["Pummel","Clothesline"],"picked":"Thunderclap","floor":4},{"not_picked":["Flex","Wild Strike"],"picked":"Feed","floor":5},{"not_picked":["True Grit","Fiend Fire"],"picked":"Armaments","floor":6},{"not_picked":["Flex","Body Slam"],"picked":"Heavy Blade","floor":7},{"not_picked":["Bloodletting","Armaments"],"picked":"Searing Blow","floor":14},{"not_picked":["Offering","Demon Form"],"picked":"Bludgeon","floor":16},{"not_picked":["Twin Strike","Second Wind"],"picked":"Clash+1","floor":18},{"not_picked":["Pommel Strike","Sever Soul+1"],"picked":"Carnage","floor":20},{"not_picked":["Flex","Spot Weakness"],"picked":"Anger+1","floor":23},{"not_picked":["Uppercut+1","Perfected Strike"],"picked":"Cleave+1","floor":24},{"not_picked":["Body Slam+1","Battle Trance"],"picked":"Whirlwind+1","floor":25},{"not_picked":["Bloodletting","Feed+1"],"picked":"Heavy Blade+1","floor":29},{"not_picked":["Shockwave","Carnage+1"],"picked":"Sword Boomerang+1","floor":30},{"not_picked":["Body Slam+1","Perfected Strike+1"],"picked":"Cleave+1","floor":32}],"player_experience":45078,"relics_obtained":[{"floor":6,"key":"Blood Vial"},{"floor":9,"key":"Kunai"},{"floor":24,"key":"Bag of Preparation"},{"floor":26,"key":"Molten Egg 2"},{"floor":31,"key":"PreservedInsect"}],"event_choices":[{"damage_healed":0,"gold_gain":0,"player_choice":"Grow","damage_taken":0,"max_hp_gain":0,"max_hp_loss":0,"event_name":"Living Wall","floor":3,"gold_loss":0,"cards_upgraded":["Feed"]},{"damage_healed":0,"gold_gain":75,"player_choice":"Gold","damage_taken":11,"max_hp_gain":0,"max_hp_loss":0,"event_name":"betterThird:BetterGoop","floor":10,"gold_loss":0},{"damage_healed":0,"gold_gain":0,"player_choice":"Ignored","damage_taken":0,"max_hp_gain":0,"max_hp_loss":0,"event_name":"Purifier","floor":19,"gold_loss":0},{"damage_healed":0,"gold_gain":0,"player_choice":"Ignored","damage_taken":0,"max_hp_gain":0,"max_hp_loss":0,"event_name":"betterNote:BetterNote","floor":21,"gold_loss":0,"cards_obtained":["Entrench"]},{"damage_healed":0,"gold_gain":0,"player_choice":"Opened","damage_taken":0,"relics_obtained":["Akabeko"],"max_hp_gain":0,"max_hp_loss":0,"event_name":"The Mausoleum","floor":27,"gold_loss":0,"cards_obtained":["Writhe"]}],"is_beta":false,"boss_relics":[{"not_picked":["Runic Pyramid","Ectoplasm"],"picked":"Mark of Pain"}],"items_purged_floors":[],"is_endless":false,"potions_floor_spawned":[2,5,16,25,30],"killed_by":"Champ","ascension_level":0}}