{"host":"r6wilvrr1tovskr2","time":1609542166,"event":{"mods":["2.2 Compatiblity","AchievementEnabler","Aspiration","BaseMod","Bestiary","Better Altar","Better Match","Better Note","Better Sensory Stone","Better Skull","Better Third Choice","Colored Powertips","Conspire","Curses Come First","Energized Spire","GifTheSpireLib","Halation","Highlight Path","Hubris","Infinite Spire","Marked Mod","Minty Spire (QoL Compilation)","Quick Restart","Replay The Spire","Shop Mod","Spicy Shops","Spikes Relics","StSLib","Stuff the Spire","The Blue Laboratory","vexMod"],"gold_per_floor":[109,125,3,19,19,54,54,54,81,101,114,114,114,114,114,114,114],"floor_reached":16,"playtime":577,"items_purged":["Strike_G"],"score":140,"play_id":"167594bf-52b7-4a32-93ff-129db18e74db","local_time":"20210101170246","is_ascension_mode":true,"campfire_choices":[{"floor":8,"key":"REST"},{"floor":12,"key":"RECALL"},{"data":"Masterful Stab","floor":15,"key":"SMITH"}],"circlet_count":0,"master_deck":["Strike_G","Strike_G","Strike_G","Strike_G","Defend_G","Defend_G","Defend_G","Defend_G","Defend_G","Survivor","Neutralize","Masterful Stab+1","Slice"],"relics":["Ring of the Snake","NeowsBlessing","StuffTheSpire:Experiment12","halation:Toothbrush","halation:EternalFortune"],"acts_visited":["Exordium"],"potions_floor_usage":[6,16,16,16],"damage_taken":[{"damage":0,"enemies":"Cultist","floor":1,"turns":1},{"damage":0,"enemies":"Small Slimes","floor":2,"turns":1},{"damage":0,"enemies":"infinitespire:Voidling","floor":4,"turns":1},{"damage":28,"enemies":"Replay:BlueRogue","floor":6,"turns":4},{"damage":2,"enemies":"Looter","floor":10,"turns":4},{"damage":0,"enemies":"Exordium Wildlife","floor":11,"turns":4},{"damage":59,"enemies":"Hexaghost","floor":16,"turns":11}],"seed_played":"5189749406468759140","potions_obtained":[{"floor":1,"key":"blueLaboratory:EnvenomedCoating"},{"floor":6,"key":"LiquidBronze"},{"floor":10,"key":"BlessingOfTheForge"},{"floor":11,"key":"SkillPotion"}],"is_trial":false,"path_per_floor":["M","M","$","M","?","E","?","R","T","M","M","R","?","?","R","B"],"character_chosen":"THE_SILENT","items_purchased":["Slice"],"campfire_rested":1,"item_purchase_floors":[3],"current_hp_per_floor":[63,63,63,63,63,35,35,56,56,54,54,54,57,57,57,0,0],"gold":114,"neow_bonus":"THREE_ENEMY_KILL","is_daily":false,"chose_seed":false,"campfire_upgraded":1,"win_rate":0.0,"timestamp":1609542166,"path_taken":["M","M","$","M","?","E","?","R","T","?","M","R","?","?","R","BOSS"],"items_purchased_type":["Card"],"build_version":"2020-12-22","purchased_purges":1,"victory":false,"max_hp_per_floor":[70,70,70,70,70,70,70,70,70,70,70,70,73,73,73,73,73],"card_choices":[{"not_picked":["Setup","ReplayTheSpireMod:Shiv Toss"],"picked":"Sucker Punch","floor":1},{"not_picked":["StuffTheSpire:BrimstoneBlast","Cloak And Dagger"],"picked":"Masterful Stab","floor":2},{"not_picked":["StuffTheSpire:Python","Predator","Sucker Punch"],"picked":"SKIP","floor":4},{"not_picked":["Bane","Calculated Gamble","Eviscerate"],"picked":"SKIP","floor":6},{"not_picked":["Slice","Catalyst","Backflip"],"picked":"SKIP","floor":10},{"not_picked":["Burst","conspire:PoisonWeapons","Outmaneuver"],"picked":"SKIP","floor":11}],"player_experience":1163526,"relics_obtained":[{"floor":6,"key":"StuffTheSpire:Experiment12"}],"event_choices":[{"damage_healed":0,"gold_gain":0,"player_choice":"Leave","damage_taken":0,"max_hp_gain":0,"max_hp_loss":0,"event_name":"conspire:Investor","floor":5,"gold_loss":0},{"cards_removed":["Sucker Punch"],"damage_healed":0,"gold_gain":0,"player_choice":"Gave Card","damage_taken":0,"relics_obtained":["halation:Toothbrush"],"max_hp_gain":0,"max_hp_loss":0,"event_name":"WeMeetAgain","floor":7,"gold_loss":0}],"is_beta":false,"boss_relics":[],"items_purged_floors":[3],"is_endless":false,"potions_floor_spawned":[1,6,10,11],"killed_by":"Hexaghost","ascension_level":8}}