{"host":"J","time":1609544443,"event":{"mods":["AchievementEnabler","BaseMod","Block Reminder","Highlight Path","Minty Spire (QoL Compilation)","Permanent Neow","Quick Restart","Relic Stats","UnlockEverythingMod"],"gold_per_floor":[367,442,24,34,34,84,116,158,181,181,181,181,223,253,253,358,385,407,447,305,330,330,330,377,377,377,396,415,462,498,528,528,628,628,647,676,699,699,712,712,750,750,826,826,826,876,876,13,13,13,13,13,13,13,53,53,53],"floor_reached":56,"playtime":7058,"items_purged":["Decay","Strike_G","Strike_G+1"],"score":1947,"play_id":"496ba7ef-f6b3-428f-9b48-64084a90fa97","local_time":"20210102004043","is_ascension_mode":true,"campfire_choices":[{"floor":10.0,"key":"REST"},{"data":"Catalyst","floor":15.0,"key":"SMITH"},{"data":"Malaise","floor":23.0,"key":"SMITH"},{"data":"Well Laid Plans","floor":25.0,"key":"SMITH"},{"floor":32.0,"key":"REST"},{"floor":40.0,"key":"REST"},{"floor":42.0,"key":"REST"},{"floor":45.0,"key":"REST"},{"floor":47.0,"key":"RECALL"},{"data":"Catalyst","floor":49.0,"key":"SMITH"},{"data":"Burst","floor":53.0,"key":"SMITH"}],"circlet_count":0,"master_deck":["AscendersBane","Defend_G","Defend_G","Defend_G","Defend_G","Defend_G","Survivor","Neutralize+1","Dash","Footwork","Poisoned Stab","Cloak And Dagger","Dash","Catalyst+1","Dagger Throw","Venomology","Bane","Well Laid Plans+1","Malaise+1","Doppelganger+1","Backflip+1","Phantasmal Killer+1","Predator+1","Deadly Poison","PiercingWail","Corpse Explosion","Poisoned Stab","Burst+1","Blur+1","Parasite","Footwork+1","Catalyst+1","PiercingWail+1"],"relics":["Ring of the Snake","TwistedFunnel","Golden Idol","CeramicFish","Bag of Marbles","Ancient Tea Set","Pen Nib","Potion Belt","Astrolabe","Red Mask","Whetstone","Boot","Pantograph","SlaversCollar","Bottled Tornado","Frozen Egg 2","Kunai","Du-Vu Doll","Eternal Feather","Toy Ornithopter"],"acts_visited":["Exordium","TheCity","TheBeyond","TheEnding"],"potions_floor_usage":[56],"damage_taken":[{"damage":6.0,"enemies":"2 Louse","floor":1.0,"turns":3.0},{"damage":1.0,"enemies":"Small Slimes","floor":4.0,"turns":3.0},{"damage":20.0,"enemies":"Lagavulin","floor":6.0,"turns":8.0},{"damage":0.0,"enemies":"Jaw Worm","floor":7.0,"turns":3.0},{"damage":8.0,"enemies":"3 Sentries","floor":8.0,"turns":10.0},{"damage":14.0,"enemies":"Gremlin Nob","floor":13.0,"turns":3.0},{"damage":0.0,"enemies":"Lots of Slimes","floor":14.0,"turns":2.0},{"damage":15.0,"enemies":"Slime Boss","floor":16.0,"turns":7.0},{"damage":3.0,"enemies":"3 Byrds","floor":18.0,"turns":8.0},{"damage":3.0,"enemies":"Masked Bandits","floor":19.0,"turns":5.0},{"damage":2.0,"enemies":"Chosen","floor":21.0,"turns":3.0},{"damage":12.0,"enemies":"Slavers","floor":24.0,"turns":5.0},{"damage":0.0,"enemies":"3 Cultists","floor":27.0,"turns":2.0},{"damage":4.0,"enemies":"Sentry and Sphere","floor":28.0,"turns":3.0},{"damage":3.0,"enemies":"Book of Stabbing","floor":30.0,"turns":4.0},{"damage":6.0,"enemies":"Snake Plant","floor":31.0,"turns":5.0},{"damage":9.0,"enemies":"Champ","floor":33.0,"turns":3.0},{"damage":23.0,"enemies":"3 Darklings","floor":35.0,"turns":4.0},{"damage":14.0,"enemies":"Orb Walker","floor":36.0,"turns":5.0},{"damage":8.0,"enemies":"Writhing Mass","floor":37.0,"turns":7.0},{"damage":31.0,"enemies":"3 Darklings","floor":39.0,"turns":6.0},{"damage":25.0,"enemies":"Giant Head","floor":41.0,"turns":6.0},{"damage":27.0,"enemies":"Reptomancer","floor":46.0,"turns":6.0},{"damage":48.0,"enemies":"Donu and Deca","floor":50.0,"turns":6.0},{"damage":38.0,"enemies":"Awakened One","floor":51.0,"turns":18.0},{"damage":52,"enemies":"Shield and Spear","floor":55,"turns":11},{"damage":27,"enemies":"The Heart","floor":56,"turns":3}],"seed_played":"3855812621496125956","potions_obtained":[{"floor":4.0,"key":"SteroidPotion"},{"floor":6.0,"key":"Fruit Juice"},{"floor":7.0,"key":"Fire Potion"},{"floor":8.0,"key":"Poison Potion"},{"floor":18.0,"key":"Block Potion"},{"floor":21.0,"key":"DuplicationPotion"},{"floor":24.0,"key":"Poison Potion"},{"floor":27.0,"key":"Block Potion"},{"floor":33.0,"key":"EssenceOfSteel"},{"floor":35.0,"key":"Fire Potion"},{"floor":37.0,"key":"PowerPotion"},{"floor":55,"key":"LiquidBronze"}],"is_trial":false,"path_per_floor":["M","?","$","M","?","E","M","E","T","R","?","?","E","M","R","B",null,"M","?","$","M","?","R","E","R","T","M","M","T","E","M","R","B",null,"M","M","M","?","M","R","E","R","T","?","R","E","R","$","R","B","B",null,"R","$","E","B"],"character_chosen":"THE_SILENT","items_purchased":["TwistedFunnel","Footwork","Poisoned Stab","Cloak And Dagger","PiercingWail","Du-Vu Doll","Eternal Feather","Catalyst","LiquidMemories"],"campfire_rested":5,"item_purchase_floors":[3,3,3,3,20,48,48,48,48],"current_hp_per_floor":[53,42,42,41,41,26,26,18,18,37,26,31,17,17,17,2,53,50,47,47,45,45,45,33,33,33,33,29,29,26,20,41,57,67,44,30,22,22,12,33,8,29,29,29,48,21,21,21,39,16,3,50,66,66,14,17,17],"gold":53,"neow_bonus":"TWO_FIFTY_GOLD","is_daily":false,"chose_seed":false,"campfire_upgraded":5,"win_rate":0.0,"timestamp":1609544443,"path_taken":["M","?","$","M","?","E","M","E","T","R","?","?","E","M","R","BOSS","M","?","$","M","?","R","E","R","T","M","M","?","E","M","R","BOSS","M","M","?","?","M","R","E","R","T","?","R","E","R","$","R","BOSS","BOSS","R","$","E","BOSS"],"items_purchased_type":["Relic","Card","Card","Card","Card","Relic","Relic","Card","Potion"],"build_version":"2020-12-18","purchased_purges":3,"victory":false,"max_hp_per_floor":[66,66,66,66,60,65,65,65,65,65,65,70,70,70,70,70,70,70,70,70,70,70,70,70,70,70,70,70,70,70,70,70,70,70,70,70,70,70,70,70,70,70,70,66,66,66,66,66,66,66,66,66,66,66,66,66,66],"relic_stats":{"counters":[27,149],"Golden Idol":181,"CeramicFish":180,"Astrolabe":["Doppelganger","Backflip","Phantasmal Killer"],"Eternal Feather":34,"Pen Nib":[17],"Whetstone":["Neutralize","Strike_G"],"Boot":[19],"Pantograph":100,"Kunai":[6],"obtain_stats":[{"TwistedFunnel":3,"Potion Belt":13,"Golden Idol":5,"CeramicFish":6,"Astrolabe":17,"Eternal Feather":48,"Pen Nib":11,"Whetstone":24,"Bottled Tornado":41,"Frozen Egg 2":43,"Ancient Tea Set":9,"Boot":29,"Du-Vu Doll":48,"SlaversCollar":34,"Pantograph":30,"Bag of Marbles":8,"Red Mask":19,"Kunai":46,"Toy Ornithopter":55,"Ring of the Snake":0},{"TwistedFunnel":1,"Potion Belt":6,"Golden Idol":2,"CeramicFish":3,"Astrolabe":8,"Eternal Feather":23,"Pen Nib":5,"Whetstone":12,"Bottled Tornado":22,"Frozen Egg 2":22,"Ancient Tea Set":5,"Boot":14,"Du-Vu Doll":23,"SlaversCollar":17,"Pantograph":15,"Bag of Marbles":5,"Red Mask":10,"Kunai":23,"Toy Ornithopter":26,"Ring of the Snake":0},{"TwistedFunnel":3,"Potion Belt":30,"Golden Idol":6,"CeramicFish":14,"Astrolabe":39,"Eternal Feather":111,"Pen Nib":27,"Whetstone":60,"Bottled Tornado":105,"Frozen Egg 2":105,"Ancient Tea Set":27,"Boot":65,"Du-Vu Doll":111,"SlaversCollar":77,"Pantograph":69,"Bag of Marbles":27,"Red Mask":52,"Kunai":111,"Toy Ornithopter":146,"Ring of the Snake":0}],"Toy Ornithopter":5,"Ring of the Snake":[54]},"card_choices":[{"not_picked":["Flying Knee","Dagger Spray"],"picked":"Dash","floor":1.0},{"not_picked":["Accuracy","Underhanded Strike"],"picked":"Dash","floor":4.0},{"not_picked":["Underhanded Strike","Slice"],"picked":"Catalyst","floor":6.0},{"not_picked":["Outmaneuver","Bane"],"picked":"Dagger Throw","floor":7.0},{"not_picked":["Dodge and Roll","Backflip"],"picked":"Venomology","floor":8.0},{"not_picked":["Accuracy","Acrobatics"],"picked":"Bane","floor":13.0},{"not_picked":["Outmaneuver","Finisher"],"picked":"Well Laid Plans","floor":14.0},{"not_picked":["Die Die Die","Glass Knife"],"picked":"Malaise","floor":16.0},{"not_picked":["Sucker Punch","Acrobatics"],"picked":"Predator+1","floor":18.0},{"not_picked":["Masterful Stab","Dodge and Roll"],"picked":"Deadly Poison","floor":19.0},{"not_picked":["PiercingWail+1","Quick Slash","Acrobatics"],"picked":"SKIP","floor":21.0},{"not_picked":["Expertise","Bouncing Flask"],"picked":"Corpse Explosion","floor":24.0},{"not_picked":["Predator","Deflect","Heel Hook"],"picked":"SKIP","floor":27.0},{"not_picked":["Outmaneuver","Catalyst","Quick Slash"],"picked":"SKIP","floor":28.0},{"not_picked":["Skewer","PiercingWail","Backstab+1"],"picked":"SKIP","floor":30.0},{"not_picked":["Backflip+1","Acrobatics+1"],"picked":"Poisoned Stab","floor":31.0},{"not_picked":["Grand Finale","Venomology"],"picked":"Burst","floor":33.0},{"not_picked":["Deflect","Outmaneuver","Accuracy"],"picked":"SKIP","floor":35.0},{"not_picked":["Noxious Fumes","Expertise"],"picked":"Blur+1","floor":36.0},{"not_picked":["Eviscerate+1","Slice","Distraction"],"picked":"SKIP","floor":37.0},{"not_picked":["Riddle With Holes","Quick Slash+1","Outmaneuver"],"picked":"SKIP","floor":39.0},{"not_picked":["Sucker Punch","Grand Finale","Cloak And Dagger"],"picked":"SKIP","floor":41.0},{"not_picked":["Caltrops+1","Flying Knee"],"picked":"Footwork+1","floor":46.0},{"not_picked":["Outmaneuver","Acrobatics+1"],"picked":"PiercingWail+1","floor":55}],"player_experience":250275,"relics_obtained":[{"floor":6.0,"key":"CeramicFish"},{"floor":8.0,"key":"Bag of Marbles"},{"floor":9.0,"key":"Ancient Tea Set"},{"floor":13.0,"key":"Potion Belt"},{"floor":19.0,"key":"Red Mask"},{"floor":24.0,"key":"Whetstone"},{"floor":29.0,"key":"Boot"},{"floor":30.0,"key":"Pantograph"},{"floor":41.0,"key":"Bottled Tornado"},{"floor":43.0,"key":"Frozen Egg 2"},{"floor":46.0,"key":"Kunai"},{"floor":55,"key":"Toy Ornithopter"}],"event_choices":[{"damage_healed":0.0,"max_hp_gain":0.0,"max_hp_loss":0.0,"gold_gain":75.0,"event_name":"World of Goop","player_choice":"Gather Gold","floor":2.0,"gold_loss":0.0,"damage_taken":11.0},{"damage_healed":0.0,"max_hp_gain":0.0,"max_hp_loss":6.0,"gold_gain":0.0,"event_name":"Golden Idol","player_choice":"Lose Max HP","floor":5.0,"gold_loss":0.0,"damage_taken":0.0,"relics_obtained":["Golden Idol"]},{"damage_healed":0.0,"max_hp_gain":0.0,"max_hp_loss":0.0,"gold_gain":0.0,"event_name":"Scrap Ooze","player_choice":"Success","floor":11.0,"gold_loss":0.0,"damage_taken":11.0,"relics_obtained":["Pen Nib"]},{"damage_healed":0.0,"max_hp_gain":5.0,"max_hp_loss":0.0,"gold_gain":0.0,"event_name":"Big Fish","player_choice":"Donut","floor":12.0,"gold_loss":0.0,"damage_taken":0.0},{"damage_healed":0.0,"max_hp_gain":0.0,"max_hp_loss":0.0,"gold_gain":0.0,"event_name":"Masked Bandits","player_choice":"Fought Bandits","floor":19.0,"gold_loss":0.0,"damage_taken":0.0},{"damage_healed":0.0,"max_hp_gain":0.0,"max_hp_loss":0.0,"gold_gain":0.0,"event_name":"Vampires","player_choice":"Ignored","floor":22.0,"gold_loss":0.0,"damage_taken":0.0},{"damage_healed":0.0,"max_hp_gain":0.0,"max_hp_loss":0.0,"gold_gain":0.0,"event_name":"Mysterious Sphere","player_choice":"Ignored","floor":38.0,"gold_loss":0.0,"damage_taken":0.0},{"damage_healed":0.0,"max_hp_gain":0.0,"max_hp_loss":4.0,"gold_gain":0.0,"event_name":"Winding Halls","player_choice":"Max HP","floor":44.0,"gold_loss":0.0,"damage_taken":0.0}],"is_beta":true,"boss_relics":[{"not_picked":["Runic Dome","Ectoplasm"],"picked":"Astrolabe"},{"not_picked":["Runic Pyramid","SacredBark"],"picked":"SlaversCollar"}],"items_purged_floors":[3,20,48],"is_endless":false,"potions_floor_spawned":[4,6,7,8,18,21,24,27,33,35,37,55],"killed_by":"The Heart","ascension_level":20}}