{"host":"9v3x998ddbx8o276","time":1609468894,"event":{"mods":["AchievementEnabler","BaseMod","Colored Map","Highlight Path","Minty Spire (QoL Compilation)","Quick Restart","Rare Cards Sparkle"],"gold_per_floor":[110,35,50,50,69,69,69,69,140,140,140,175,188,214,214,290,290,306,337,337,55,66,66,101,101,125,159,49,49,61,76,76,76,76],"floor_reached":33,"playtime":1639,"items_purged":["Strike_B","Strike_B"],"score":582,"play_id":"266a1b8e-d179-411b-9325-3bc3038e5835","local_time":"20210101131134","is_ascension_mode":true,"campfire_choices":[{"data":"Ball Lightning","floor":6,"key":"SMITH"},{"data":"Sweeping Beam","floor":8,"key":"SMITH"},{"data":"FTL","floor":11,"key":"SMITH"},{"floor":15,"key":"REST"},{"floor":23,"key":"REST"},{"floor":25,"key":"REST"},{"floor":29,"key":"REST"},{"floor":32,"key":"REST"}],"circlet_count":0,"master_deck":["AscendersBane","Strike_B","Defend_B","Defend_B","Defend_B","Defend_B","Zap","Dualcast","Ball Lightning+1","Sweeping Beam+1","FTL+1","Coolheaded","Ball Lightning","Undo","Seek","Compile Driver","Self Repair","Genetic Algorithm","Coolheaded","Defragment","Static Discharge","Doom and Gloom+1","Reinforced Body","Rip and Tear"],"relics":["FrozenCore","NeowsBlessing","Sundial","Mummified Hand","Dead Branch","Pen Nib","Red Mask","PreservedInsect","Letter Opener","MealTicket","Omamori"],"acts_visited":["Exordium","TheCity"],"potions_floor_usage":[16,19,24,30,30],"damage_taken":[{"damage":0,"enemies":"Small Slimes","floor":1,"turns":1},{"damage":0,"enemies":"2 Louse","floor":3,"turns":1},{"damage":0,"enemies":"Jaw Worm","floor":5,"turns":1},{"damage":20,"enemies":"3 Sentries","floor":12,"turns":5},{"damage":3,"enemies":"Blue Slaver","floor":13,"turns":2},{"damage":35,"enemies":"Gremlin Nob","floor":14,"turns":4},{"damage":12,"enemies":"Hexaghost","floor":16,"turns":8},{"damage":22,"enemies":"2 Thieves","floor":18,"turns":3},{"damage":26,"enemies":"Masked Bandits","floor":19,"turns":3},{"damage":11,"enemies":"Spheric Guardian","floor":22,"turns":4},{"damage":26,"enemies":"Slavers","floor":24,"turns":5},{"damage":24,"enemies":"Gremlin Leader","floor":27,"turns":5},{"damage":10,"enemies":"Centurion and Healer","floor":30,"turns":4},{"damage":15,"enemies":"3 Cultists","floor":31,"turns":4},{"damage":62,"enemies":"Collector","floor":33,"turns":5}],"seed_played":"-3943650177390532235","potions_obtained":[{"floor":5,"key":"CultistPotion"},{"floor":12,"key":"Weak Potion"},{"floor":14,"key":"CultistPotion"},{"floor":16,"key":"Regen Potion"},{"floor":19,"key":"Energy Potion"},{"floor":27,"key":"ColorlessPotion"}],"is_trial":false,"path_per_floor":["M","$","M","?","M","R","?","R","T","?","R","E","M","E","R","B",null,"M","?","?","$","M","R","E","R","T","E","?","R","M","M","R","B"],"character_chosen":"DEFECT","items_purchased":["PreservedInsect","Coolheaded"],"campfire_rested":5,"item_purchase_floors":[21,21],"current_hp_per_floor":[64,64,64,69,69,69,69,69,69,69,69,49,46,11,33,21,62,40,23,23,23,19,41,22,44,44,27,27,49,46,38,60,0,0],"gold":76,"neow_bonus":"THREE_ENEMY_KILL","is_daily":false,"chose_seed":false,"campfire_upgraded":3,"win_rate":0.0,"timestamp":1609468894,"path_taken":["M","$","M","?","M","R","?","R","T","?","R","E","M","E","R","BOSS","M","?","?","$","?","R","E","R","T","E","?","R","?","M","R","BOSS"],"items_purchased_type":["Relic","Card"],"build_version":"2020-12-22","purchased_purges":2,"victory":false,"max_hp_per_floor":[71,71,71,76,76,76,76,76,76,76,76,76,76,76,76,76,76,76,76,76,76,76,76,76,76,76,76,76,76,76,76,76,76,76],"card_choices":[{"not_picked":["Hologram","Fusion"],"picked":"Ball Lightning","floor":1},{"not_picked":["Compile Driver","Redo"],"picked":"Sweeping Beam","floor":3},{"not_picked":["Leap","Reprogram"],"picked":"FTL","floor":5},{"not_picked":["Barrage","Blizzard"],"picked":"Coolheaded","floor":12},{"not_picked":["Blizzard","Reprogram"],"picked":"Ball Lightning","floor":13},{"not_picked":["Fission","Doom and Gloom"],"picked":"Undo","floor":14},{"not_picked":["Machine Learning","Fission"],"picked":"Seek","floor":16},{"not_picked":["Sunder","Turbo"],"picked":"Compile Driver","floor":18},{"not_picked":["Redo","Steam Power"],"picked":"Self Repair","floor":19},{"not_picked":["Coolheaded","Stack"],"picked":"Defragment","floor":22},{"not_picked":["Multi-Cast","Loop"],"picked":"Static Discharge","floor":24},{"not_picked":["Rip and Tear","Beam Cell"],"picked":"Doom and Gloom","floor":27},{"not_picked":["Redo+1","Storm"],"picked":"Reinforced Body","floor":30},{"not_picked":["Cold Snap","Conserve Battery"],"picked":"Rip and Tear","floor":31}],"player_experience":2078772,"relics_obtained":[{"floor":9,"key":"Sundial"},{"floor":12,"key":"Dead Branch"},{"floor":14,"key":"Pen Nib"},{"floor":19,"key":"Red Mask"},{"floor":24,"key":"Letter Opener"},{"floor":26,"key":"MealTicket"},{"floor":27,"key":"Omamori"}],"event_choices":[{"damage_healed":0,"gold_gain":0,"player_choice":"Donut","damage_taken":0,"max_hp_gain":5,"max_hp_loss":0,"event_name":"Big Fish","floor":4,"gold_loss":0},{"damage_healed":0,"gold_gain":0,"player_choice":"Ignored","damage_taken":0,"max_hp_gain":0,"max_hp_loss":0,"event_name":"Liars Game","floor":7,"gold_loss":0},{"damage_healed":0,"gold_gain":0,"player_choice":"Searched \u00271\u0027 times","damage_taken":0,"relics_obtained":["Mummified Hand"],"max_hp_gain":0,"max_hp_loss":0,"event_name":"Dead Adventurer","floor":10,"gold_loss":0},{"damage_healed":0,"gold_gain":0,"player_choice":"Fought Bandits","damage_taken":0,"max_hp_gain":0,"max_hp_loss":0,"event_name":"Masked Bandits","floor":19,"gold_loss":0},{"damage_healed":0,"gold_gain":0,"player_choice":"1 cards matched","damage_taken":0,"max_hp_gain":0,"max_hp_loss":0,"event_name":"Match and Keep!","floor":20,"gold_loss":0,"cards_obtained":["Genetic Algorithm"]},{"cards_removed":["Strike_B"],"damage_healed":0,"gold_gain":0,"player_choice":"Upgrade and Remove","damage_taken":0,"max_hp_gain":0,"max_hp_loss":0,"event_name":"Designer","floor":28,"gold_loss":110,"cards_upgraded":["Doom and Gloom"]}],"is_beta":false,"boss_relics":[{"not_picked":["Sozu","Velvet Choker"],"picked":"FrozenCore"}],"items_purged_floors":[2,21],"is_endless":false,"potions_floor_spawned":[5,12,14,16,19,22,27],"killed_by":"Collector","ascension_level":20}}