{"host":"Bilverbakes","time":1609488215,"event":{"mods":["2.2 Compatiblity","AchievementEnabler","BaseMod","Bestiary","Colored Map","Minty Spire (QoL Compilation)","Relic Stats","StSLib","ojb\u0027s Info Mod"],"gold_per_floor":[219,232,244,62,42,70,70,87,162,192,208,241,261,293,293,371,371,343,22,22,36,49,78,78,106,129,147,165,165,179,198,198,271,271,286,95,95,107,152,165,0,30,56,82,82,82,106,149,149,149,149,149,9,44,44],"floor_reached":56,"playtime":6145,"items_purged":["Strike_G","Strike_G"],"score":2440,"play_id":"7fe86318-626e-4a53-8d9e-bdda9b756809","local_time":"20210101020335","is_ascension_mode":true,"campfire_choices":[{"data":"Neutralize","floor":7.0,"key":"SMITH"},{"data":"Footwork","floor":15.0,"key":"SMITH"},{"floor":24.0,"key":"REST"},{"floor":29.0,"key":"RECALL"},{"floor":32.0,"key":"REST"},{"floor":49,"key":"REST"},{"floor":52,"key":"REST"}],"circlet_count":0,"master_deck":["AscendersBane","Strike_G","Strike_G","Defend_G","Defend_G","Defend_G","Defend_G","Defend_G","Survivor","Neutralize+1","Dagger Spray","Backflip","Poisoned Stab","Dash","Footwork+1","Deadly Poison","Backstab","Die Die Die","Malaise","Calculated Gamble","Concentrate","Cloak And Dagger","Backstab","Blade Dance","Cloak And Dagger","Venomology","Deadly Poison+1","Dodge and Roll+1","Adrenaline","Blur+1","Purity","Madness","Madness","Terror","Calculated Gamble","Wraith Form v2"],"relics":["Ring of the Snake","Ice Cream","Bottled Tornado","Dream Catcher","Tough Bandages","Pen Nib","Fusion Hammer","Dead Branch","Oddly Smooth Stone","Ornamental Fan","Ancient Tea Set","Busted Crown","Unceasing Top","Toolbox","Regal Pillow","Lantern","CeramicFish","Akabeko"],"acts_visited":["Exordium","TheCity","TheBeyond","TheEnding"],"potions_floor_usage":[40,42,44,48,48,50,55,55,55],"damage_taken":[{"damage":0.0,"enemies":"Cultist","floor":1.0,"turns":4.0},{"damage":4.0,"enemies":"Small Slimes","floor":2.0,"turns":3.0},{"damage":3.0,"enemies":"Jaw Worm","floor":3.0,"turns":4.0},{"damage":15.0,"enemies":"3 Sentries","floor":6.0,"turns":5.0},{"damage":7.0,"enemies":"Large Slime","floor":8.0,"turns":6.0},{"damage":3.0,"enemies":"Lagavulin","floor":10.0,"turns":9.0},{"damage":1.0,"enemies":"Looter","floor":11.0,"turns":4.0},{"damage":5.0,"enemies":"Gremlin Nob","floor":12.0,"turns":4.0},{"damage":0.0,"enemies":"Red Slaver","floor":13.0,"turns":3.0},{"damage":1.0,"enemies":"Lagavulin","floor":14.0,"turns":7.0},{"damage":15.0,"enemies":"Hexaghost","floor":16.0,"turns":13.0},{"damage":1.0,"enemies":"2 Thieves","floor":18.0,"turns":4.0},{"damage":0.0,"enemies":"Chosen","floor":21.0,"turns":3.0},{"damage":0.0,"enemies":"Shelled Parasite and Fungi","floor":22.0,"turns":1.0},{"damage":6.0,"enemies":"Book of Stabbing","floor":23.0,"turns":6.0},{"damage":0.0,"enemies":"Gremlin Leader","floor":25.0,"turns":5.0},{"damage":0.0,"enemies":"Snake Plant","floor":27.0,"turns":5.0},{"damage":0.0,"enemies":"Snecko","floor":28.0,"turns":7.0},{"damage":0.0,"enemies":"Shelled Parasite and Fungi","floor":30.0,"turns":3.0},{"damage":0.0,"enemies":"3 Cultists","floor":31.0,"turns":1.0},{"damage":0.0,"enemies":"Champ","floor":33.0,"turns":10.0},{"damage":0.0,"enemies":"Orb Walker","floor":35.0,"turns":3.0},{"damage":0.0,"enemies":"3 Darklings","floor":38.0,"turns":5.0},{"damage":0,"enemies":"2 Orb Walkers","floor":39,"turns":3},{"damage":0,"enemies":"Writhing Mass","floor":40,"turns":6},{"damage":0,"enemies":"Reptomancer","floor":42,"turns":5},{"damage":9,"enemies":"Nemesis","floor":44,"turns":7},{"damage":0,"enemies":"Giant Head","floor":48,"turns":7},{"damage":13,"enemies":"Awakened One","floor":50,"turns":11},{"damage":16,"enemies":"Shield and Spear","floor":54,"turns":9},{"damage":26,"enemies":"The Heart","floor":55,"turns":10}],"seed_played":"1363591499725822666","potions_obtained":[{"floor":5.0,"key":"LiquidBronze"},{"floor":6.0,"key":"Dexterity Potion"},{"floor":10.0,"key":"DuplicationPotion"},{"floor":11.0,"key":"LiquidMemories"},{"floor":13.0,"key":"DistilledChaos"},{"floor":16.0,"key":"Explosive Potion"},{"floor":21.0,"key":"FearPotion"},{"floor":27.0,"key":"SkillPotion"},{"floor":33.0,"key":"Weak Potion"},{"floor":44,"key":"GamblersBrew"},{"floor":54,"key":"Strength Potion"}],"is_trial":false,"path_per_floor":["M","M","M","$","?","E","R","M","T","E","M","E","M","E","R","B",null,"M","$","?","M","M","E","R","E","T","M","M","R","M","M","R","B",null,"M","$","?","M","?","M","$","E","T","E","?","$","T","E","R","B",null,"R","$","E","B",null],"character_chosen":"THE_SILENT","items_purchased":["SteroidPotion","Poisoned Stab","Dead Branch","Purity","Toolbox","Wraith Form v2"],"campfire_rested":4,"item_purchase_floors":[4,4,19,36,41,53],"current_hp_per_floor":[59,55,52,52,52,37,37,30,30,27,26,21,21,20,20,5,51,50,50,50,50,50,44,63,63,63,63,63,63,63,63,66,66,66,66,66,54,54,54,54,54,54,54,45,45,45,45,45,66,53,63,66,66,50,24],"gold":44,"neow_bonus":"HUNDRED_GOLD","is_daily":false,"chose_seed":false,"campfire_upgraded":2,"win_rate":0.0,"timestamp":1609488215,"path_taken":["M","M","M","$","?","E","R","M","T","E","M","E","M","E","R","BOSS","M","$","?","M","M","E","R","E","T","M","M","R","?","M","R","BOSS","M","$","?","M","?","M","?","E","T","E","?","$","?","E","R","BOSS","R","$","E","BOSS"],"items_purchased_type":["Potion","Card","Relic","Card","Relic","Card"],"build_version":"2020-12-18","purchased_purges":2,"victory":true,"max_hp_per_floor":[66,66,66,66,66,66,66,66,66,66,66,66,66,66,66,66,66,66,66,66,66,66,66,66,66,66,66,66,66,66,66,66,66,66,66,66,66,66,66,66,66,66,66,66,66,66,66,66,66,66,66,66,66,66,66],"relic_stats":{"Dream Catcher":4,"Tough Bandages":[732],"Regal Pillow":2,"Busted Crown":20,"counters":[31,173],"Ornamental Fan":[372],"Dead Branch":[414],"CeramicFish":18,"Pen Nib":[44],"obtain_stats":[{"Ice Cream":6,"Regal Pillow":42,"Lantern":44,"Dead Branch":19,"CeramicFish":47,"Oddly Smooth Stone":23,"Pen Nib":14,"Bottled Tornado":9,"Ancient Tea Set":26,"Akabeko":48,"Dream Catcher":10,"Tough Bandages":12,"Busted Crown":34,"Ornamental Fan":25,"Toolbox":41,"Fusion Hammer":17,"Unceasing Top":39,"Ring of the Snake":0},{"Ice Cream":4,"Regal Pillow":26,"Lantern":27,"Dead Branch":12,"CeramicFish":27,"Oddly Smooth Stone":15,"Pen Nib":10,"Bottled Tornado":5,"Ancient Tea Set":16,"Akabeko":28,"Dream Catcher":6,"Tough Bandages":8,"Busted Crown":21,"Ornamental Fan":16,"Toolbox":25,"Fusion Hammer":11,"Unceasing Top":24,"Ring of the Snake":0},{"Ice Cream":16,"Regal Pillow":129,"Lantern":136,"Dead Branch":66,"CeramicFish":136,"Oddly Smooth Stone":76,"Pen Nib":49,"Bottled Tornado":22,"Ancient Tea Set":81,"Akabeko":143,"Dream Catcher":31,"Tough Bandages":39,"Busted Crown":107,"Ornamental Fan":81,"Toolbox":124,"Fusion Hammer":62,"Unceasing Top":118,"Ring of the Snake":0}],"Unceasing Top":[13],"Ring of the Snake":[62]},"card_choices":[{"not_picked":["Flying Knee","Bane"],"picked":"Dagger Spray","floor":1.0},{"not_picked":["Setup","Expertise"],"picked":"Dagger Spray","floor":2.0},{"not_picked":["Distraction","Setup"],"picked":"Backflip","floor":3.0},{"not_picked":["Flying Knee","Acrobatics"],"picked":"Dash","floor":6.0},{"not_picked":["Dagger Spray","Dodge and Roll"],"picked":"Footwork","floor":8.0},{"not_picked":["Flechettes","Setup"],"picked":"Deadly Poison","floor":10.0},{"not_picked":["Leg Sweep","Phantasmal Killer"],"picked":"Backstab","floor":11.0},{"not_picked":["Dodge and Roll","Crippling Poison"],"picked":"Die Die Die","floor":12.0},{"not_picked":["Prepared","Poisoned Stab","Tactician"],"picked":"SKIP","floor":13.0},{"not_picked":["Backstab","Bouncing Flask","Expertise"],"picked":"SKIP","floor":14.0},{"not_picked":["Burst","Die Die Die"],"picked":"Malaise","floor":16.0},{"not_picked":["Flying Knee","Outmaneuver"],"picked":"Calculated Gamble","floor":18.0},{"not_picked":["Heel Hook","Backflip+1"],"picked":"Concentrate","floor":21.0},{"not_picked":["All Out Attack","Predator"],"picked":"Cloak And Dagger","floor":22.0},{"not_picked":["Glass Knife","Dagger Spray"],"picked":"Backstab","floor":23.0},{"not_picked":["Sucker Punch+1","Quick Slash"],"picked":"Blade Dance","floor":24.0},{"not_picked":["Poisoned Stab","Quick Slash"],"picked":"Cloak And Dagger","floor":25.0},{"not_picked":["Bouncing Flask+1","Prepared"],"picked":"Venomology","floor":27.0},{"not_picked":["Finisher","Acrobatics"],"picked":"Deadly Poison+1","floor":28.0},{"not_picked":["Bouncing Flask","Poisoned Stab","Flying Knee"],"picked":"SKIP","floor":30.0},{"not_picked":["Prepared","Dodge and Roll","Acrobatics"],"picked":"SKIP","floor":31.0},{"not_picked":["Bane+1","PiercingWail"],"picked":"Dodge and Roll+1","floor":32.0},{"not_picked":["Venomology","Phantasmal Killer"],"picked":"Adrenaline","floor":33.0},{"not_picked":[],"picked":"Blur+1","floor":35.0},{"not_picked":["Bouncing Flask"],"picked":"SKIP","floor":38.0},{"not_picked":["Deflect"],"picked":"SKIP","floor":40},{"not_picked":[],"picked":"Terror","floor":42},{"not_picked":["Flying Knee"],"picked":"SKIP","floor":44},{"not_picked":[],"picked":"Calculated Gamble","floor":48},{"not_picked":["Prepared"],"picked":"SKIP","floor":54}],"player_experience":501985,"relics_obtained":[{"floor":6.0,"key":"Ice Cream"},{"floor":9.0,"key":"Bottled Tornado"},{"floor":10.0,"key":"Dream Catcher"},{"floor":12.0,"key":"Tough Bandages"},{"floor":14.0,"key":"Pen Nib"},{"floor":23.0,"key":"Oddly Smooth Stone"},{"floor":25.0,"key":"Ornamental Fan"},{"floor":26.0,"key":"Ancient Tea Set"},{"floor":39,"key":"Unceasing Top"},{"floor":42,"key":"Regal Pillow"},{"floor":44,"key":"Lantern"},{"floor":47,"key":"CeramicFish"},{"floor":48,"key":"Akabeko"}],"event_choices":[{"damage_healed":0.0,"max_hp_gain":0.0,"max_hp_loss":0.0,"gold_gain":0.0,"event_name":"The Woman in Blue","player_choice":"Bought 1 Potion","floor":5.0,"gold_loss":0.0,"damage_taken":0.0},{"cards_removed":["Strike_G"],"damage_healed":0.0,"max_hp_gain":0.0,"max_hp_loss":0.0,"gold_gain":0.0,"event_name":"Bonfire Elementals","player_choice":"Offered Basic","floor":20.0,"gold_loss":0.0,"damage_taken":0.0},{"damage_healed":0.0,"max_hp_gain":0.0,"max_hp_loss":0.0,"gold_gain":0.0,"event_name":"Winding Halls","player_choice":"Embrace Madness","floor":37.0,"gold_loss":0.0,"damage_taken":12.0,"cards_obtained":["Madness","Madness"]},{"damage_healed":0,"gold_gain":0,"player_choice":"Fight","damage_taken":0,"max_hp_gain":0,"max_hp_loss":0,"event_name":"Mysterious Sphere","floor":39,"gold_loss":0},{"cards_removed":["Dagger Spray"],"damage_healed":0,"gold_gain":0,"player_choice":"Removed Attack","damage_taken":0,"max_hp_gain":0,"max_hp_loss":0,"event_name":"Falling","floor":45,"gold_loss":0}],"is_beta":true,"boss_relics":[{"not_picked":["Calling Bell","WristBlade"],"picked":"Fusion Hammer"},{"not_picked":["Tiny House","Black Star"],"picked":"Busted Crown"}],"items_purged_floors":[4,36],"is_endless":false,"potions_floor_spawned":[6,10,11,13,16,21,27,30,31,33,35,39,42,44,54],"ascension_level":17}}