{"host":"982s3gyyw86tgeig","time":1609481607,"event":{"mods":["AchievementEnabler","Act Like it!","Aspiration","BaseMod","Colored Powertips","Evolution","GifTheSpireLib","Hermit","Hubris","Minty Spire (QoL Compilation)","Pale of the Ancients","Rare Cards Sparkle","Relic Stats","Replay The Spire","StSLib","Stuff the Spire","The IronCluck","vexMod"],"gold_per_floor":[126,126,126,126,141,170,170,184,184,184,0,0,26,39,39,140,140,160,180,180,180,180],"floor_reached":21,"playtime":1559,"items_purged":[],"score":187,"play_id":"8d56d503-2060-4c90-8ae8-67176f983e24","local_time":"20201231221327","is_ascension_mode":false,"campfire_choices":[{"floor":7,"key":"REST"},{"floor":10,"key":"REST"},{"data":"hermit:Brawl","floor":12,"key":"SMITH"},{"floor":15,"key":"DIG"}],"circlet_count":0,"master_deck":["hermit:WideOpen+1","hermit:Strike_Hermit","hermit:Strike_Hermit","hermit:Strike_Hermit+1","hermit:Defend_Hermit","hermit:Defend_Hermit+1","hermit:Defend_Hermit","hermit:Defend_Hermit+1","hermit:Snapshot+1","hermit:Covet","hubris:MerchantsHand","Strike_P","hermit:Headshot+1","hermit:ItchyTrigger","hermit:Brawl+1","hermit:Quickdraw","hermit:Grudge","hermit:GoldenBullet","hermit:HighNoon","hermit:OverwhelmingPower","hermit:CursedWeapon","hermit:Misfire"],"relics":["hermit:Momento","EVO:Axolotl","StuffTheSpire:Wildfire","hubris:SlimyHat","aspiration:StickyExplosives_weak","Omamori","Ice Cream","Simple Rune","Black Star","NlothsMask"],"acts_visited":["Exordium","TheCity"],"potions_floor_usage":[16],"damage_taken":[{"damage":0,"enemies":"2 Louse","floor":1,"turns":2},{"damage":0,"enemies":"Jaw Worm","floor":5,"turns":1},{"damage":18,"enemies":"Lagavulin","floor":6,"turns":3},{"damage":6,"enemies":"Cultist","floor":8,"turns":3},{"damage":8,"enemies":"3 Sentries","floor":13,"turns":4},{"damage":0,"enemies":"Blue Slaver","floor":14,"turns":2},{"damage":65,"enemies":"The Guardian","floor":16,"turns":9},{"damage":49,"enemies":"3 Byrds","floor":18,"turns":5},{"damage":16,"enemies":"Chosen","floor":19,"turns":6},{"damage":22,"enemies":"Centurion and Healer","floor":21,"turns":3}],"seed_played":"-4977743024626785303","potions_obtained":[{"floor":1,"key":"Languid Potion"},{"floor":8,"key":"PowerPotion"}],"is_trial":false,"path_per_floor":["M","?","?","?","M","E","R","M","T","R","$","R","E","M","R","B",null,"M","M","?","M"],"character_chosen":"HERMIT","items_purchased":["Omamori","hermit:Grudge"],"campfire_rested":2,"item_purchase_floors":[11,11],"current_hp_per_floor":[75,60,60,60,60,42,64,58,58,75,75,75,67,67,67,2,75,26,10,10,0,0],"gold":180,"neow_bonus":"ONE_RARE_RELIC","is_daily":false,"chose_seed":false,"campfire_upgraded":1,"win_rate":0.0,"timestamp":1609481607,"path_taken":["M","?","?","?","M","E","R","M","T","R","$","R","E","?","R","BOSS","M","M","?","?"],"items_purchased_type":["Relic","Card"],"build_version":"2020-12-22","purchased_purges":0,"victory":false,"max_hp_per_floor":[75,75,75,75,75,75,75,75,75,75,75,75,75,75,75,75,75,75,75,75,75,75],"relic_stats":{"counters":[10,38],"Black Star":0,"obtain_stats":[{"Ice Cream":13,"StuffTheSpire:Wildfire":0,"Simple Rune":15,"hubris:SlimyHat":6,"Omamori":11,"Black Star":17,"EVO:Axolotl":0,"hermit:Momento":0,"aspiration:StickyExplosives_weak":9,"NlothsMask":20},{"Ice Cream":5,"StuffTheSpire:Wildfire":0,"Simple Rune":6,"hubris:SlimyHat":3,"Omamori":4,"Black Star":7,"EVO:Axolotl":0,"hermit:Momento":0,"aspiration:StickyExplosives_weak":4,"NlothsMask":9},{"Ice Cream":13,"StuffTheSpire:Wildfire":0,"Simple Rune":15,"hubris:SlimyHat":6,"Omamori":9,"Black Star":24,"EVO:Axolotl":0,"hermit:Momento":0,"aspiration:StickyExplosives_weak":9,"NlothsMask":35}]},"card_choices":[{"not_picked":["hermit:Misfire","hermit:PistolWhip"],"picked":"hermit:Headshot","floor":1},{"not_picked":["hermit:Headshot","hermit:CalledShot"],"picked":"hermit:ItchyTrigger","floor":5},{"not_picked":["hermit:HighCaliber","hermit:SprayPray"],"picked":"hermit:Brawl","floor":6},{"not_picked":["hermit:Cheat","hermit:Showdown"],"picked":"hermit:Quickdraw","floor":8},{"not_picked":["hermit:Cheat","hermit:FlashPowder"],"picked":"hermit:GoldenBullet","floor":13},{"not_picked":["hermit:Brawl","hermit:Deadeye"],"picked":"hermit:HighNoon","floor":14},{"not_picked":["hermit:FinalCanter","hermit:DeadOrAlive"],"picked":"hermit:OverwhelmingPower","floor":16},{"not_picked":["hermit:Scavenge","hermit:WideOpen"],"picked":"hermit:CursedWeapon","floor":18},{"not_picked":["hermit:Headshot","hermit:GhostlyPresence"],"picked":"hermit:Misfire","floor":19}],"player_experience":44961,"relics_obtained":[{"floor":6,"key":"hubris:SlimyHat"},{"floor":9,"key":"aspiration:StickyExplosives_weak"},{"floor":13,"key":"Ice Cream"},{"floor":15,"key":"Simple Rune"}],"event_choices":[{"damage_healed":0,"gold_gain":0,"player_choice":"Entered Light","damage_taken":15,"max_hp_gain":0,"max_hp_loss":0,"event_name":"Shining Light","floor":2,"gold_loss":0,"cards_upgraded":["hermit:Headshot","hermit:Defend_Hermit"]},{"damage_healed":0,"gold_gain":0,"player_choice":"Grow","damage_taken":0,"max_hp_gain":0,"max_hp_loss":0,"event_name":"Living Wall","floor":3,"gold_loss":0,"cards_upgraded":["hermit:WideOpen"]},{"damage_healed":0,"gold_gain":0,"player_choice":"Trade","damage_taken":0,"relics_obtained":["NlothsMask"],"max_hp_gain":0,"max_hp_loss":0,"event_name":"FaceTrader","floor":20,"gold_loss":0}],"is_beta":false,"boss_relics":[{"not_picked":["SlaversCollar","hubris:GrandSneckoEye"],"picked":"Black Star"}],"items_purged_floors":[],"is_endless":false,"potions_floor_spawned":[1,8],"killed_by":"Centurion and Healer","ascension_level":0}}