{"host":"ky7z67tg8zpdk0g7","time":1609512300,"event":{"mods":["BaseMod","Better Third Choice","CapriCore","Displayed Cursed Tome","Energized Spire","Halation","Hubris","Minty Spire (QoL Compilation)","Replay The Spire","Shop Mod","StSLib"],"gold_per_floor":[117,117,136,136,68,68,103,103,103,129,144,154,167,177,177,279,279,296,311,411,426,442,477,477,496,551,325,325,325,225,237,237,335,335,352,229,229,1,1,1,35,35,105,130,144,144,144,144],"floor_reached":47,"playtime":1447,"items_purged":["Strike_P","Strike_P","CrushJoints"],"score":647,"play_id":"daa36b27-12a0-4c02-8704-b50d66e7a035","local_time":"20210101214500","is_ascension_mode":true,"campfire_choices":[{"data":"Eruption","floor":6.0,"key":"SMITH"},{"data":"Wallop","floor":8,"key":"SMITH"},{"floor":15,"key":"REST"},{"data":"Vigilance","floor":24,"key":"SMITH"},{"data":"Perseverance","floor":32,"key":"SMITH"},{"data":"Fasting2","floor":40,"key":"SMITH"},{"data":"Replay:Hum","floor":42,"key":"SMITH"},{"data":"Fasting2","floor":46,"key":"SMITH"}],"circlet_count":0,"master_deck":["Defend_P","Defend_P","Defend_P","Defend_P","Eruption+1","Vigilance+1","Perseverance+1","EmptyFist","Wallop+1","Adaptation","EmptyBody","FollowUp","Brilliance","Brilliance","SashWhip+1","Vengeance","Protect","Pray+1","BowlingBash+1","Brilliance","Replay:Hum+1","Conclude","Devotion","CurseOfTheBell","CrushJoints+1","Fasting2+1","Fasting2+1","ClearTheMind+1"],"relics":["PureWater","Orichalcum","hubris:Icosahedron","Oddly Smooth Stone","Gremlin Horn","MealTicket","energizedSpire:MagnifyingGlass","ReplayTheSpireMod:TigerMarble","hubris:SlimyHat","Calling Bell","Smiling Mask","halation:WeightlessCrab","GoldenEye","halation:PinkSoulGem","Anchor","hubris:AstralHammer","hubris:MysteriousPyramids","Bag of Preparation"],"acts_visited":["Exordium","TheCity","TheBeyond"],"potions_floor_usage":[13,16,16,19,19],"damage_taken":[{"damage":0.0,"enemies":"2 Louse","floor":1.0,"turns":1.0},{"damage":2.0,"enemies":"Cultist","floor":3.0,"turns":3.0},{"damage":33,"enemies":"Lagavulin","floor":7,"turns":8},{"damage":24,"enemies":"Gremlin Nob","floor":10,"turns":5},{"damage":0,"enemies":"Jaw Worm","floor":11,"turns":2},{"damage":0,"enemies":"Exordium Wildlife","floor":12,"turns":2},{"damage":0,"enemies":"2 Fungi Beasts","floor":13,"turns":3},{"damage":0,"enemies":"3 Louse","floor":14,"turns":3},{"damage":0,"enemies":"Hexaghost","floor":16,"turns":6},{"damage":0,"enemies":"Shell Parasite","floor":18,"turns":3},{"damage":0,"enemies":"2 Thieves","floor":19,"turns":2},{"damage":0,"enemies":"Snecko","floor":21,"turns":3},{"damage":4,"enemies":"3 Cultists","floor":22,"turns":5},{"damage":32,"enemies":"Slavers","floor":23,"turns":5},{"damage":19,"enemies":"Shelled Parasite and Fungi","floor":25,"turns":3},{"damage":2,"enemies":"Snecko","floor":31,"turns":4},{"damage":30,"enemies":"Automaton","floor":33,"turns":7},{"damage":6,"enemies":"Orb Walker","floor":35,"turns":2},{"damage":36,"enemies":"Reptomancer","floor":41,"turns":4},{"damage":8,"enemies":"Nemesis","floor":44,"turns":5},{"damage":1,"enemies":"3 Shapes","floor":45,"turns":4},{"damage":100002,"enemies":"Sphere and 2 Shapes","floor":47,"turns":2}],"seed_played":"4805470796401222597","potions_obtained":[{"floor":1.0,"key":"Ancient Potion"},{"floor":11,"key":"AttackPotion"},{"floor":12,"key":"Cursed Concoction"},{"floor":13,"key":"Fire Potion"},{"floor":16,"key":"BlessingOfTheForge"},{"floor":18,"key":"FearPotion"},{"floor":25,"key":"BottledMiracle"},{"floor":31,"key":"Explosive Potion"}],"is_trial":false,"path_per_floor":["M","?","M","?","$","R","E","R","T","E","M","M","M","M","R","B",null,"M","M","?","M","M","E","R","M","T","$","?","?","$","M","R","B",null,"M","$","?","$","?","R","E","R","T","E","M","R","M"],"character_chosen":"WATCHER","items_purchased":["Wallop","Brilliance","Fasting2","Fasting2","Anchor"],"campfire_rested":1,"item_purchase_floors":[5,27,36,38,38],"current_hp_per_floor":[72,65,63,63,63,63,30,30,30,6,6,6,6,6,27,27,72,72,72,72,72,68,36,36,17,17,32,32,32,47,45,45,15,72,66,72,72,72,68,68,32,32,32,24,23,23,0,0],"gold":144,"neow_bonus":"RANDOM_COMMON_RELIC","is_daily":false,"chose_seed":false,"campfire_upgraded":7,"win_rate":0.0,"timestamp":1609512300,"path_taken":["M","?","?","?","?","R","E","R","T","E","M","M","M","M","R","BOSS","M","M","?","M","M","E","R","M","T","?","?","?","$","M","R","BOSS","M","$","?","$","?","R","E","R","T","E","M","R","M"],"items_purchased_type":["Card","Card","Card","Card","Relic"],"build_version":"2020-12-22","purchased_purges":3,"victory":false,"max_hp_per_floor":[72,72,72,72,72,72,72,72,72,72,72,72,72,72,72,72,72,72,72,72,72,72,72,72,72,72,72,72,72,72,72,72,72,72,72,72,72,72,68,68,68,68,68,68,68,68,68,68],"card_choices":[{"not_picked":["InnerPeace","Protect"],"picked":"Perseverance","floor":1.0},{"not_picked":["MentalFortress","EmptyBody"],"picked":"EmptyFist","floor":3.0},{"not_picked":["Swivel","FollowUp"],"picked":"Adaptation","floor":7},{"not_picked":["FlurryOfBlows","Vengeance"],"picked":"CrushJoints","floor":10},{"not_picked":["Halt","EmptyFist"],"picked":"EmptyBody","floor":11},{"not_picked":["Weave","Wireheading","CrushJoints"],"picked":"SKIP","floor":12},{"not_picked":["LikeWater","WaveOfTheHand"],"picked":"FollowUp","floor":13},{"not_picked":["CrushJoints","Sanctity"],"picked":"Brilliance","floor":14},{"not_picked":["Devotion","Vault"],"picked":"Brilliance","floor":16},{"not_picked":["CrushJoints","ReachHeaven"],"picked":"SashWhip+1","floor":18},{"not_picked":["InnerPeace","Meditate"],"picked":"Vengeance","floor":19},{"not_picked":["Replay:BluntJabs","Wireheading+1"],"picked":"Protect","floor":21},{"not_picked":["PathToVictory","Sanctity","FlurryOfBlows"],"picked":"SKIP","floor":22},{"not_picked":["FlurryOfBlows","Consecrate"],"picked":"Pray+1","floor":23},{"not_picked":["Replay:AtTheReady","Replay:BluntJabs"],"picked":"BowlingBash+1","floor":25},{"not_picked":["Perseverance","Conclude+1","FearNoEvil"],"picked":"SKIP","floor":31},{"not_picked":["DeusExMachina","Alpha"],"picked":"Devotion","floor":33},{"not_picked":["BattleHymn","SandsOfTime+1"],"picked":"CrushJoints+1","floor":35},{"not_picked":["ForeignInfluence","TalkToTheHand","Replay:LoomingThreat"],"picked":"SKIP","floor":41},{"not_picked":["ThirdEye+1","JustLucky"],"picked":"ClearTheMind+1","floor":44},{"not_picked":["Sanctity","Collect+1","CutThroughFate+1"],"picked":"SKIP","floor":45}],"player_experience":62117,"relics_obtained":[{"floor":7,"key":"Oddly Smooth Stone"},{"floor":9,"key":"Gremlin Horn"},{"floor":10,"key":"MealTicket"},{"floor":23,"key":"ReplayTheSpireMod:TigerMarble"},{"floor":26,"key":"hubris:SlimyHat"},{"floor":34,"key":"Smiling Mask"},{"floor":34,"key":"halation:WeightlessCrab"},{"floor":34,"key":"GoldenEye"},{"floor":41,"key":"hubris:AstralHammer"},{"floor":43,"key":"hubris:MysteriousPyramids"},{"floor":44,"key":"Bag of Preparation"}],"event_choices":[{"damage_healed":0.0,"max_hp_gain":0.0,"max_hp_loss":0.0,"gold_gain":0.0,"event_name":"Wheel of Change","player_choice":"Damaged","floor":2.0,"gold_loss":0.0,"damage_taken":7.0},{"damage_healed":0,"gold_gain":100,"player_choice":"Pray","damage_taken":0,"max_hp_gain":0,"max_hp_loss":0,"event_name":"Golden Shrine","floor":20,"gold_loss":0},{"damage_healed":0,"gold_gain":0,"cards_transformed":["Strike_P","Strike_P"],"player_choice":"Became Test Subject","damage_taken":0,"max_hp_gain":0,"max_hp_loss":0,"event_name":"Drug Dealer","floor":28,"gold_loss":0,"cards_obtained":["Replay:Hum","Conclude"]},{"damage_healed":0,"gold_gain":0,"player_choice":"Max HP","damage_taken":0,"max_hp_gain":0,"max_hp_loss":4,"event_name":"Winding Halls","floor":39,"gold_loss":0}],"is_beta":false,"boss_relics":[{"not_picked":["Sozu","energizedSpire:BlackCloud"],"picked":"energizedSpire:MagnifyingGlass"},{"not_picked":["Abe\u0027s Treasure","Tiny House"],"picked":"Calling Bell"}],"items_purged_floors":[27,30,36],"is_endless":false,"potions_floor_spawned":[1,11,12,13,16,18,25,31,33,41],"killed_by":"Sphere and 2 Shapes","ascension_level":3}}