{"host":"1u4zr9vl8my47i07","time":1609539185,"event":{"mods":["AchievementEnabler","BaseMod","BetterRewards","DeckTracker","Filter the Spire","Highlight Path","Keyboard Shortcuts","Minty Spire (QoL Compilation)","Relic Stats","StSLib","SuperFastMode","The Animator","Uncapped","everything is the same but u backflip on backflip"],"gold_per_floor":[116,129,144,164,178,178,188,219,289,364,392,12,12,31,31,135,135,154,174,186,204,221,221,246,246,246,274,287,322,98,98,98,195,195,208,208,220,71,124,124,139,139,186,186,205,223,239,273,273,273,273,273,22,48,48,48],"floor_reached":55,"playtime":2299,"items_purged":[],"score":1511,"play_id":"31220a57-425b-40a1-b56e-54cb6325d6b3","local_time":"20210102071305","is_ascension_mode":true,"campfire_choices":[{"data":"Perfected Strike","floor":6.0,"key":"SMITH"},{"data":"Offering","floor":13.0,"key":"SMITH"},{"data":"True Grit","floor":15.0,"key":"SMITH"},{"floor":23.0,"key":"REST"},{"floor":25.0,"key":"REST"},{"data":"Dark Embrace","floor":32.0,"key":"SMITH"},{"data":"Offering","floor":40.0,"key":"SMITH"},{"data":"Perfected Strike","floor":42.0,"key":"SMITH"},{"floor":49.0,"key":"RECALL"},{"data":"Shrug It Off","floor":52.0,"key":"SMITH"}],"circlet_count":0,"master_deck":["Strike_R","Strike_R","Strike_R","Strike_R","Strike_R","Defend_R","Defend_R","Bash","Wild Strike","Twin Strike","Perfected Strike+1","Shrug It Off","Wild Strike","True Grit+1","Offering+1","Shockwave","Shrug It Off+1","Fiend Fire","Demon Form+1","Anger+1","Intimidate+1","Wild Strike","Fire Breathing","Perfected Strike+1","Shockwave+1","Shrug It Off","Wild Strike","Thunderclap","Twin Strike","Dark Embrace+1","Perfected Strike+1","Rage+1","Pommel Strike","Perfected Strike+1","Decay","Offering+1","Havoc+1","Shrug It Off+1","Twin Strike+1","Pommel Strike+1","Whirlwind+1","Flame Barrier"],"relics":["Burning Blood","Chemical X","Orichalcum","Eternal Feather","Bottled Lightning","Astrolabe","Du-Vu Doll","Turnip","Smiling Mask","White Beast Statue","Orrery","Velvet Choker","Strange Spoon","Unceasing Top","Bag of Preparation","Pear","Meat on the Bone","StrikeDummy","Vajra"],"acts_visited":["Exordium","TheCity","TheBeyond","TheEnding"],"potions_floor_usage":[55],"damage_taken":[{"damage":3.0,"enemies":"2 Louse","floor":1.0,"turns":2.0},{"damage":0.0,"enemies":"Small Slimes","floor":2.0,"turns":2.0},{"damage":4.0,"enemies":"Jaw Worm","floor":3.0,"turns":3.0},{"damage":17.0,"enemies":"Looter","floor":4.0,"turns":3.0},{"damage":10.0,"enemies":"Gremlin Gang","floor":5.0,"turns":4.0},{"damage":0.0,"enemies":"Large Slime","floor":7.0,"turns":4.0},{"damage":23.0,"enemies":"Lagavulin","floor":8.0,"turns":6.0},{"damage":31.0,"enemies":"3 Sentries","floor":11.0,"turns":9.0},{"damage":6.0,"enemies":"3 Louse","floor":14.0,"turns":1.0},{"damage":26.0,"enemies":"Slime Boss","floor":16.0,"turns":7.0},{"damage":8.0,"enemies":"3 Byrds","floor":18.0,"turns":6.0},{"damage":13.0,"enemies":"Shell Parasite","floor":19.0,"turns":3.0},{"damage":37.0,"enemies":"Sentry and Sphere","floor":20.0,"turns":6.0},{"damage":15.0,"enemies":"Snake Plant","floor":21.0,"turns":4.0},{"damage":11.0,"enemies":"Chosen and Byrds","floor":22.0,"turns":4.0},{"damage":37.0,"enemies":"Book of Stabbing","floor":24.0,"turns":5.0},{"damage":16.0,"enemies":"Slavers","floor":27.0,"turns":6.0},{"damage":9.0,"enemies":"Centurion and Healer","floor":28.0,"turns":3.0},{"damage":12.0,"enemies":"Gremlin Leader","floor":29.0,"turns":2.0},{"damage":37.0,"enemies":"Automaton","floor":33.0,"turns":5.0},{"damage":18.0,"enemies":"3 Shapes","floor":35.0,"turns":3.0},{"damage":18.0,"enemies":"Orb Walker","floor":37.0,"turns":2.0},{"damage":19.0,"enemies":"2 Orb Walkers","floor":39.0,"turns":3.0},{"damage":6.0,"enemies":"Sphere and 2 Shapes","floor":41.0,"turns":2.0},{"damage":6.0,"enemies":"3 Darklings","floor":45.0,"turns":2.0},{"damage":13.0,"enemies":"Spire Growth","floor":46.0,"turns":4.0},{"damage":6.0,"enemies":"Transient","floor":47.0,"turns":5.0},{"damage":12.0,"enemies":"Nemesis","floor":48.0,"turns":1.0},{"damage":59.0,"enemies":"Time Eater","floor":50.0,"turns":5.0},{"damage":57.0,"enemies":"Shield and Spear","floor":54.0,"turns":4.0},{"damage":51,"enemies":"The Heart","floor":55,"turns":2}],"seed_played":"4054625646161947830","potions_obtained":[{"floor":3.0,"key":"Regen Potion"},{"floor":4.0,"key":"Explosive Potion"},{"floor":7.0,"key":"LiquidBronze"},{"floor":8.0,"key":"LiquidBronze"},{"floor":11.0,"key":"SpeedPotion"},{"floor":16.0,"key":"GamblersBrew"},{"floor":20.0,"key":"SteroidPotion"},{"floor":24.0,"key":"FearPotion"},{"floor":29.0,"key":"LiquidBronze"},{"floor":33.0,"key":"ElixirPotion"},{"floor":35.0,"key":"BloodPotion"},{"floor":37.0,"key":"Fire Potion"},{"floor":39.0,"key":"Regen Potion"},{"floor":41.0,"key":"GamblersBrew"},{"floor":47.0,"key":"Energy Potion"},{"floor":54.0,"key":"AttackPotion"}],"is_trial":false,"path_per_floor":["M","M","M","M","M","R","M","E","T","?","E","$","R","M","R","B",null,"M","M","M","M","M","R","E","R","T","E","M","E","$","?","R","B",null,"M","?","M","$","?","R","M","R","T","?","M","M","M","E","R","B",null,"R","$","E","B"],"character_chosen":"IRONCLAD","items_purchased":["Wild Strike","Twin Strike","Chemical X","Shockwave","Bottled Lightning","Shrug It Off","Dark Embrace","Orrery","Strange Spoon","StrikeDummy"],"campfire_rested":2,"item_purchase_floors":[0,0,0,12,12,12,30,30,38,53],"current_hp_per_floor":[75,80,80,69,65,65,71,54,54,43,33,33,45,45,57,37,69,67,60,29,20,15,54,23,62,62,52,49,43,43,43,64,33,68,56,56,44,44,47,68,73,80,80,90,90,83,83,77,90,49,80,90,90,51,0,0],"gold":48,"neow_bonus":"","is_daily":false,"chose_seed":false,"campfire_upgraded":7,"win_rate":0.0,"timestamp":1609539185,"path_taken":["M","M","M","M","M","R","M","E","T","?","E","$","R","M","R","BOSS","M","M","M","M","M","R","E","R","T","E","M","E","$","?","R","BOSS","M","?","M","$","?","R","M","R","T","?","M","M","?","E","R","BOSS","R","$","E","BOSS"],"items_purchased_type":["Card","Card","Relic","Card","Relic","Card","Card","Relic","Relic","Relic"],"build_version":"2020-12-22","purchased_purges":0,"victory":false,"max_hp_per_floor":[80,80,80,80,80,80,80,80,80,80,80,80,80,80,80,80,80,80,80,80,80,80,80,80,80,80,80,80,80,80,80,80,80,80,80,80,80,80,80,80,80,80,80,90,90,90,90,90,90,90,90,90,90,90,90,90],"relic_stats":{"counters":[41,179],"Astrolabe":["Demon Form","Anger","Intimidate"],"Eternal Feather":126,"Bag of Preparation":[14],"Orichalcum":[234],"Smiling Mask":0,"Burning Blood":231,"Strange Spoon":[21],"Turnip":[4],"Chemical X":[3],"obtain_stats":[{"Pear":44,"Astrolabe":17,"Velvet Choker":17,"Vajra":54,"Eternal Feather":11,"Bag of Preparation":43,"Ginger":14,"Orichalcum":8,"Medical Kit":19,"Smiling Mask":27,"Burning Blood":0,"White Beast Statue":29,"Du-Vu Doll":0,"Strange Spoon":38,"Centennial Puzzle":12,"Orrery":30,"MealTicket":7,"Turnip":26,"Chemical X":0,"Bottled Lightning":12,"StrikeDummy":9,"Unceasing Top":39,"Paper Frog":3,"Meat on the Bone":48},{"Pear":34,"Astrolabe":20,"Velvet Choker":6,"Vajra":40,"Eternal Feather":18,"Bag of Preparation":34,"Ginger":5,"Orichalcum":17,"Medical Kit":7,"Smiling Mask":27,"Burning Blood":0,"White Beast Statue":29,"Du-Vu Doll":0,"Strange Spoon":32,"Centennial Puzzle":4,"Orrery":29,"MealTicket":3,"Turnip":26,"Chemical X":10,"Bottled Lightning":18,"StrikeDummy":3,"Unceasing Top":33,"Paper Frog":1,"Meat on the Bone":38},{"Pear":156,"Astrolabe":102,"Velvet Choker":39,"Vajra":177,"Eternal Feather":94,"Bag of Preparation":156,"Ginger":28,"Orichalcum":85,"Medical Kit":44,"Smiling Mask":136,"Burning Blood":0,"White Beast Statue":141,"Du-Vu Doll":0,"Strange Spoon":151,"Centennial Puzzle":24,"Orrery":141,"MealTicket":16,"Turnip":130,"Chemical X":61,"Bottled Lightning":94,"StrikeDummy":16,"Unceasing Top":154,"Paper Frog":3,"Meat on the Bone":168}],"Unceasing Top":[4],"Meat on the Bone":24},"card_choices":[{"not_picked":["Feel No Pain","Cleave"],"picked":"Perfected Strike","floor":1.0},{"not_picked":["Infernal Blade","Metallicize"],"picked":"Shrug It Off","floor":2.0},{"not_picked":["Searing Blow","Fire Breathing"],"picked":"Flex","floor":3.0},{"not_picked":["Battle Trance","Reckless Charge"],"picked":"Wild Strike","floor":4.0},{"not_picked":["Heavy Blade","Anger"],"picked":"Clothesline","floor":5.0},{"not_picked":["Sword Boomerang","Havoc"],"picked":"True Grit","floor":7.0},{"not_picked":["Inflame","Wild Strike"],"picked":"Offering","floor":8.0},{"not_picked":["Anger","Rampage","Clash"],"picked":"SKIP","floor":11.0},{"not_picked":["Infernal Blade","Inflame","Anger"],"picked":"SKIP","floor":14.0},{"not_picked":["Feed","Limit Break"],"picked":"Fiend Fire","floor":16.0},{"not_picked":["Thunderclap","Disarm"],"picked":"Wild Strike","floor":18.0},{"not_picked":["Reckless Charge","Flex"],"picked":"Fire Breathing","floor":19.0},{"not_picked":["Bloodletting","Searing Blow"],"picked":"Perfected Strike","floor":20.0},{"not_picked":["Metallicize","Iron Wave"],"picked":"Shockwave+1","floor":21.0},{"not_picked":["Headbutt","Sword Boomerang"],"picked":"Shrug It Off","floor":22.0},{"not_picked":["Sentinel","Sever Soul+1","Reckless Charge"],"picked":"SKIP","floor":24.0},{"not_picked":["Reckless Charge","Bloodletting"],"picked":"Wild Strike","floor":27.0},{"not_picked":["Havoc","True Grit"],"picked":"Thunderclap","floor":28.0},{"not_picked":["Shrug It Off","Armaments"],"picked":"Twin Strike","floor":29.0},{"not_picked":["Pummel+1","Second Wind+1"],"picked":"Perfected Strike+1","floor":30.0},{"not_picked":["Body Slam","Immolate"],"picked":"Rage+1","floor":30.0},{"not_picked":["Iron Wave+1","True Grit"],"picked":"Pommel Strike","floor":30.0},{"not_picked":["Dropkick","Brutality"],"picked":"Perfected Strike+1","floor":30.0},{"not_picked":["Impervious","Double Tap"],"picked":"Offering","floor":33.0},{"not_picked":["Infernal Blade","Entrench+1"],"picked":"Havoc+1","floor":35.0},{"not_picked":["Iron Wave+1","Fire Breathing","Sword Boomerang"],"picked":"SKIP","floor":37.0},{"not_picked":["Iron Wave+1","Warcry+1"],"picked":"Shrug It Off+1","floor":41.0},{"not_picked":["Cleave","True Grit+1","Iron Wave+1"],"picked":"SKIP","floor":45.0},{"not_picked":["Rupture+1","Iron Wave"],"picked":"Twin Strike+1","floor":46.0},{"not_picked":["Evolve","Shrug It Off"],"picked":"Pommel Strike+1","floor":47.0},{"not_picked":["Armaments+1","Battle Trance"],"picked":"Whirlwind+1","floor":48.0},{"not_picked":["Bludgeon","Pummel+1"],"picked":"Flame Barrier","floor":54.0}],"player_experience":241016,"relics_obtained":[{"floor":8.0,"key":"Orichalcum"},{"floor":11.0,"key":"Eternal Feather"},{"floor":24.0,"key":"Du-Vu Doll"},{"floor":26.0,"key":"Turnip"},{"floor":27.0,"key":"Smiling Mask"},{"floor":29.0,"key":"White Beast Statue"},{"floor":39.0,"key":"Unceasing Top"},{"floor":43.0,"key":"Bag of Preparation"},{"floor":48.0,"key":"Meat on the Bone"},{"floor":54.0,"key":"Vajra"}],"event_choices":[{"damage_healed":0.0,"max_hp_gain":0.0,"max_hp_loss":0.0,"gold_gain":75.0,"event_name":"World of Goop","player_choice":"Gather Gold","floor":10.0,"gold_loss":0.0,"damage_taken":11.0},{"damage_healed":0.0,"max_hp_gain":0.0,"max_hp_loss":0.0,"gold_gain":0.0,"event_name":"Forgotten Altar","player_choice":"Smashed Altar","floor":31.0,"gold_loss":0.0,"damage_taken":0.0,"cards_obtained":["Decay"]},{"damage_healed":0.0,"max_hp_gain":0.0,"max_hp_loss":0.0,"gold_gain":0.0,"event_name":"Tomb of Lord Red Mask","player_choice":"Ignored","floor":36.0,"gold_loss":0.0,"damage_taken":0.0},{"damage_healed":0.0,"max_hp_gain":0.0,"max_hp_loss":0.0,"gold_gain":0.0,"event_name":"Mysterious Sphere","player_choice":"Fight","floor":39.0,"gold_loss":0.0,"damage_taken":0.0},{"cards_removed":["Flex"],"damage_healed":0.0,"max_hp_gain":0.0,"max_hp_loss":0.0,"gold_gain":0.0,"event_name":"WeMeetAgain","player_choice":"Gave Card","floor":44.0,"gold_loss":0.0,"damage_taken":0.0,"relics_obtained":["Pear"]}],"is_beta":false,"boss_relics":[{"not_picked":["Empty Cage","Cursed Key"],"picked":"Astrolabe"},{"not_picked":["Snecko Eye","Tiny House"],"picked":"Velvet Choker"}],"items_purged_floors":[],"is_endless":false,"potions_floor_spawned":[3,4,7,8,11,16,20,24,27,29,33,35,37,39,41,45,46,47,48,54],"killed_by":"The Heart","ascension_level":9}}