{"host":"lnnm69al9x392px5","time":1609496495,"event":{"mods":["BaseMod","Downfall","Hermit","Minty Spire (QoL Compilation)","Replay The Spire","Robot Space Explorer","StSLib","The Cursed","The Dragon Tamer","The Marked"],"gold_per_floor":[112,124,124,135,154,184,195,195,195,211,211,211,230,4,4,100,100,111,124,24,42,54,54,54,54],"floor_reached":24,"playtime":2516,"items_purged":["theMarked:Strike","theMarked:Strike"],"score":202,"play_id":"5aee8848-87a2-42a5-9caf-cb38f2d158ca","local_time":"20210101022135","is_ascension_mode":false,"campfire_choices":[{"floor":8,"key":"REST"},{"data":"theMarked:SoldierOfQuellstein","floor":12,"key":"SMITH"},{"floor":15,"key":"REST"},{"floor":23,"key":"REST"}],"circlet_count":0,"master_deck":["theMarked:Strike","theMarked:Strike","theMarked:Strike","theMarked:Defend","theMarked:Defend","theMarked:Defend","theMarked:Defend","theMarked:SoldierOfQuellstein+1","theMarked:StartUp","theMarked:PowerFlow","theMarked:EmpowerWeapon","theMarked:Parkour","theMarked:ReduceFriction","theMarked:ChainLightning","theMarked:ReduceFriction","theMarked:HeightenedSenses","theMarked:SummonStrength","theMarked:PowerFlow","theMarked:Parry+1","theMarked:ElectricStrings","theMarked:Parkour"],"relics":["theMarked:ArtifactOfAir","Calipers","Chameleon Ring","Replay:Bottled Flurry","Anchor","Honey Jar"],"acts_visited":["Exordium","TheCity"],"potions_floor_usage":[6,10,13,16,16,24],"damage_taken":[{"damage":7,"enemies":"Small Slimes","floor":1,"turns":4},{"damage":1,"enemies":"Jaw Worm","floor":2,"turns":3},{"damage":0,"enemies":"Cultist","floor":4,"turns":3},{"damage":16,"enemies":"Gremlin Gang","floor":5,"turns":5},{"damage":16,"enemies":"Gremlin Nob","floor":6,"turns":4},{"damage":28,"enemies":"Exordium Wildlife","floor":7,"turns":4},{"damage":0,"enemies":"Looter","floor":10,"turns":2},{"damage":11,"enemies":"Large Slime","floor":13,"turns":4},{"damage":36,"enemies":"Fading Forest","floor":16,"turns":11},{"damage":16,"enemies":"2 Thieves","floor":18,"turns":4},{"damage":7,"enemies":"3 Byrds","floor":19,"turns":5},{"damage":20,"enemies":"Centurion and Healer","floor":21,"turns":6},{"damage":26,"enemies":"Snake Plant","floor":22,"turns":6},{"damage":39,"enemies":"Slavers","floor":24,"turns":3}],"seed_played":"3766827317462801658","potions_obtained":[{"floor":1,"key":"SkillPotion"},{"floor":2,"key":"Guardian:BlockOnCardUsePotion"},{"floor":5,"key":"SkillPotion"},{"floor":6,"key":"Reflective Coating"},{"floor":13,"key":"Energy Potion"},{"floor":19,"key":"Milkshake"},{"floor":21,"key":"PowerPotion"}],"is_trial":false,"path_per_floor":["M","M","?","M","M","E","M","R","T","M","?","R","M","$","R","B",null,"M","M","$","M","M","R","E"],"character_chosen":"THE_DEFAULT","items_purchased":["Anchor"],"campfire_rested":3,"item_purchase_floors":[14],"current_hp_per_floor":[70,69,74,74,58,42,14,38,38,38,35,35,24,24,48,34,82,66,59,59,39,13,37,0,0],"gold":54,"neow_bonus":"TEN_PERCENT_HP_BONUS","is_daily":false,"chose_seed":false,"campfire_upgraded":1,"win_rate":0.0,"timestamp":1609496495,"path_taken":["M","M","?","M","M","E","M","R","T","M","?","R","M","?","R","BOSS","M","M","?","?","M","R","E"],"items_purchased_type":["Relic"],"build_version":"2020-12-22","purchased_purges":2,"victory":false,"max_hp_per_floor":[77,77,82,82,82,82,82,82,82,82,82,82,82,82,82,82,82,82,82,82,82,82,82,82,82],"card_choices":[{"not_picked":["theMarked:CreepingChasm","theMarked:BanishingWave"],"picked":"theMarked:StartUp","floor":1},{"not_picked":["theMarked:WardOff","theMarked:HeightenedSenses"],"picked":"theMarked:PowerFlow","floor":2},{"not_picked":["theMarked:ResourceFulStrike","theMarked:Static"],"picked":"theMarked:EmpowerWeapon","floor":4},{"not_picked":["theMarked:RepellingDischarge","theMarked:HeightenedSenses"],"picked":"theMarked:Parkour","floor":5},{"not_picked":["theMarked:TwofoldDefense","theMarked:GodGivenPower"],"picked":"theMarked:ReduceFriction","floor":6},{"not_picked":["theMarked:Aftermath","theMarked:Reabsorb"],"picked":"theMarked:ChainLightning","floor":7},{"not_picked":["theMarked:ChainLightning","theMarked:WastefulAttack"],"picked":"theMarked:ReduceFriction","floor":10},{"not_picked":["theMarked:Convert","theMarked:GodGivenPower"],"picked":"theMarked:HeightenedSenses","floor":13},{"not_picked":["theMarked:DispelDoubt","theMarked:FavorableWinds"],"picked":"theMarked:SummonStrength","floor":16},{"not_picked":["theMarked:BanishingStrike","theMarked:EnhanceMovement","theMarked:WardOff"],"picked":"theMarked:PowerFlow","floor":18},{"not_picked":["theMarked:ContemptForTheProud","theMarked:ElementalBlade","theMarked:Opportunist"],"picked":"theMarked:Parry+1","floor":19},{"not_picked":["theMarked:WastefulDefense+1","theMarked:ResourceFulStrike","theMarked:DeterminationOfTheMarked"],"picked":"theMarked:ElectricStrings","floor":21},{"not_picked":["theMarked:TwofoldDefense","theMarked:Snap","theMarked:ElectricStrings"],"picked":"theMarked:Parkour","floor":22}],"player_experience":291720,"relics_obtained":[{"floor":6,"key":"Calipers"},{"floor":9,"key":"Chameleon Ring"}],"event_choices":[{"damage_healed":0,"gold_gain":0,"player_choice":"Donut","damage_taken":0,"max_hp_gain":5,"max_hp_loss":0,"event_name":"Big Fish","floor":3,"gold_loss":0},{"damage_healed":0,"gold_gain":0,"player_choice":"Success","damage_taken":3,"relics_obtained":["Replay:Bottled Flurry"],"max_hp_gain":0,"max_hp_loss":0,"event_name":"Scrap Ooze","floor":11,"gold_loss":0}],"is_beta":false,"boss_relics":[{"not_picked":["Black Star","Replay:Bronze Core"],"picked":"Honey Jar"}],"items_purged_floors":[14,20],"is_endless":false,"potions_floor_spawned":[1,2,5,6,13,19,21],"killed_by":"Slavers","ascension_level":0}}