{"host":"zig6x0mxqzam82fb","time":1609537568,"event":{"mods":["BaseMod","Block Reminder","Colored Map","Colored Powertips","Marisa????????","Minty Spire (QoL Compilation)","Relic Stats","StSLib","The Cursed","The Marked","Waifu the Spire"],"gold_per_floor":[213,228,228,25,35,61,61,76,76,96,121,121,134,84,84,183,183,201,218,38,38,48,48,62,88,88,88,115,131,150,54,54,155,155,175,190,205,61,80,114,132,132,132,32,32,32,32,50,50,50],"floor_reached":51,"playtime":3263,"items_purged":["Strike_G","Strike_G"],"score":872,"play_id":"ef06526d-4585-414f-a7fb-82d97d484a12","local_time":"20210101164608","is_ascension_mode":true,"campfire_choices":[{"data":"Storm of Steel","floor":7,"key":"SMITH"},{"data":"Neutralize","floor":12,"key":"SMITH"},{"data":"Blade Dance","floor":15,"key":"SMITH"},{"data":"Envenom","floor":23,"key":"SMITH"},{"data":"Infinite Blades","floor":27,"key":"SMITH"},{"data":"Acrobatics","floor":32,"key":"SMITH"},{"floor":42,"key":"REST"},{"data":"Sadistic Nature","floor":47,"key":"SMITH"},{"floor":49,"key":"REST"}],"circlet_count":0,"master_deck":["Defend_G","Defend_G","Defend_G","Defend_G","Defend_G","Survivor","Neutralize+1","Heel Hook","Backflip","Blade Dance+1","Poisoned Stab","Storm of Steel+1","Blade Dance","Sucker Punch","PiercingWail","Crippling Poison","Envenom+1","Backflip+1","Infinite Blades+1","Sadistic Nature+1","Footwork","Infinite Blades","Backflip","Acrobatics+1","Burst","Cloak And Dagger+1","PiercingWail","Unload","Accuracy+1","PiercingWail+1"],"relics":["Ring of the Snake","Shuriken","Medical Kit","Meat on the Bone","Darkstone Periapt","Nunchaku","WristBlade","Frozen Egg 2","Bottled Tornado","StoneCalendar","Runic Pyramid","Bronze Scales","The Specimen"],"acts_visited":["Exordium","TheCity","TheBeyond"],"potions_floor_usage":[6,8,8,19,29,37,50,50],"damage_taken":[{"damage":1,"enemies":"Jaw Worm","floor":1,"turns":5},{"damage":0,"enemies":"Small Slimes","floor":2,"turns":3},{"damage":0,"enemies":"Cultist","floor":5,"turns":3},{"damage":30,"enemies":"Lagavulin","floor":6,"turns":5},{"damage":4,"enemies":"Lots of Slimes","floor":8,"turns":2},{"damage":5,"enemies":"Large Slime","floor":10,"turns":3},{"damage":5,"enemies":"3 Sentries","floor":11,"turns":4},{"damage":0,"enemies":"Exordium Thugs","floor":13,"turns":3},{"damage":9,"enemies":"Hexaghost","floor":16,"turns":7},{"damage":0,"enemies":"Spheric Guardian","floor":18,"turns":1},{"damage":0,"enemies":"3 Byrds","floor":19,"turns":5},{"damage":12,"enemies":"Snake Plant","floor":22,"turns":3},{"damage":0,"enemies":"Centurion and Healer","floor":24,"turns":3},{"damage":2,"enemies":"Book of Stabbing","floor":25,"turns":3},{"damage":0,"enemies":"Gremlin Leader","floor":28,"turns":3},{"damage":3,"enemies":"Cultist and Chosen","floor":29,"turns":4},{"damage":0,"enemies":"3 Cultists","floor":30,"turns":3},{"damage":25,"enemies":"Champ","floor":33,"turns":6},{"damage":19,"enemies":"3 Darklings","floor":35,"turns":3},{"damage":8,"enemies":"Orb Walker","floor":36,"turns":3},{"damage":21,"enemies":"Spire Growth","floor":37,"turns":5},{"damage":6,"enemies":"Jaw Worm Horde","floor":39,"turns":3},{"damage":9,"enemies":"Nemesis","floor":40,"turns":5},{"damage":2,"enemies":"4 Shapes","floor":41,"turns":7},{"damage":16,"enemies":"Maw","floor":48,"turns":5},{"damage":58,"enemies":"Donu and Deca","floor":50,"turns":7}],"seed_played":"1186394047800330013","potions_obtained":[{"floor":1,"key":"AttackPotion"},{"floor":5,"key":"EntropicBrew"},{"floor":10,"key":"BlessingOfTheForge"},{"floor":11,"key":"Block Potion"},{"floor":22,"key":"SneckoOil"},{"floor":25,"key":"SkillPotion"},{"floor":37,"key":"LiquidMemories"},{"floor":48,"key":"FearPotion"}],"is_trial":false,"path_per_floor":["M","M","?","$","M","E","R","M","T","M","E","R","M","?","R","B",null,"M","M","$","?","M","R","M","E","T","R","E","M","M","$","R","B",null,"M","M","M","$","M","E","M","R","T","$","?","$","R","M","R","B",null],"character_chosen":"THE_SILENT","items_purchased":["Blade Dance","Medical Kit","Sadistic Nature","GhostInAJar","Accuracy+1"],"campfire_rested":2,"item_purchase_floors":[4,4,20,31,38],"current_hp_per_floor":[69,69,62,62,62,32,32,40,40,47,42,42,42,42,42,45,70,70,70,70,70,58,58,58,56,56,56,56,53,53,53,53,40,70,51,43,34,34,40,43,41,62,62,62,62,62,62,46,67,21],"gold":50,"neow_bonus":"HUNDRED_GOLD","is_daily":false,"chose_seed":false,"campfire_upgraded":7,"win_rate":0.0,"timestamp":1609537568,"path_taken":["M","M","?","$","M","E","R","M","T","M","E","R","M","?","R","BOSS","M","M","$","?","M","R","M","E","T","R","E","?","M","?","R","BOSS","M","M","M","$","M","E","M","R","T","$","?","?","R","M","R","BOSS"],"items_purchased_type":["Card","Relic","Card","Potion","Card"],"build_version":"2020-12-22","purchased_purges":2,"victory":true,"max_hp_per_floor":[70,70,70,70,70,70,70,70,70,70,70,70,70,70,70,70,70,70,70,70,70,70,70,70,70,70,70,70,70,70,70,70,70,70,70,70,70,70,70,70,70,70,70,70,70,70,70,70,70,70],"relic_stats":{"Darkstone Periapt":0,"Nunchaku":[26],"counters":[26,104],"Shuriken":[79],"Bronze Scales":[36],"StoneCalendar":[0],"Medical Kit":[8],"obtain_stats":[{"Darkstone Periapt":9,"The Specimen":43,"StoneCalendar":28,"Frozen Egg 2":25,"Bottled Tornado":26,"Medical Kit":4,"Nunchaku":11,"WristBlade":17,"Shuriken":3,"Bronze Scales":40,"Ring of the Snake":0,"Meat on the Bone":6,"Runic Pyramid":34},{"Darkstone Periapt":5,"The Specimen":24,"StoneCalendar":15,"Frozen Egg 2":14,"Bottled Tornado":14,"Medical Kit":2,"Nunchaku":7,"WristBlade":9,"Shuriken":2,"Bronze Scales":23,"Ring of the Snake":0,"Meat on the Bone":4,"Runic Pyramid":18},{"Darkstone Periapt":18,"The Specimen":92,"StoneCalendar":53,"Frozen Egg 2":50,"Bottled Tornado":50,"Medical Kit":8,"Nunchaku":25,"WristBlade":35,"Shuriken":8,"Bronze Scales":85,"Ring of the Snake":0,"Meat on the Bone":16,"Runic Pyramid":66}],"Ring of the Snake":[52],"Meat on the Bone":96},"card_choices":[{"not_picked":["Deadly Poison","Slice"],"picked":"Heel Hook","floor":1},{"not_picked":["Cloak And Dagger","Slice"],"picked":"Backflip","floor":2},{"not_picked":["Backflip","Bane"],"picked":"Poisoned Stab","floor":5},{"not_picked":["Dagger Throw","After Image"],"picked":"Storm of Steel","floor":6},{"not_picked":["Concentrate","Expertise"],"picked":"Blade Dance","floor":8},{"not_picked":["Prepared","Underhanded Strike"],"picked":"Sucker Punch","floor":10},{"not_picked":["Sucker Punch","Blade Dance"],"picked":"PiercingWail","floor":11},{"not_picked":["Well Laid Plans","Outmaneuver"],"picked":"Crippling Poison","floor":13},{"not_picked":["Tools of the Trade","Malaise"],"picked":"Envenom","floor":16},{"not_picked":["Catalyst","Expertise"],"picked":"Backflip+1","floor":18},{"not_picked":["Slice","Prepared"],"picked":"Infinite Blades","floor":19},{"not_picked":["Concentrate+1","Flying Knee"],"picked":"Infinite Blades","floor":22},{"not_picked":["Distraction","Deflect+1","Deadly Poison"],"picked":"SKIP","floor":24},{"not_picked":["Flying Knee","Deflect+1"],"picked":"Backflip","floor":25},{"not_picked":["Unload","Deadly Poison+1","Quick Slash"],"picked":"SKIP","floor":28},{"not_picked":["Caltrops+1","Backflip","Endless Agony+1"],"picked":"SKIP","floor":29},{"not_picked":["Quick Slash","Underhanded Strike+1"],"picked":"Acrobatics","floor":30},{"not_picked":["Glass Knife","Bullet Time"],"picked":"Burst","floor":33},{"not_picked":["Skewer","Finisher+1"],"picked":"Cloak And Dagger+1","floor":35},{"not_picked":["Dodge and Roll","Noxious Fumes+1"],"picked":"PiercingWail","floor":36},{"not_picked":["Slice+1","Sucker Punch+1"],"picked":"Unload","floor":37},{"not_picked":["Blade Dance","Deadly Poison","Dagger Spray"],"picked":"SKIP","floor":39},{"not_picked":["Bane+1","Glass Knife"],"picked":"PiercingWail+1","floor":40},{"not_picked":["Infinite Blades+1","Skewer","Bouncing Flask"],"picked":"SKIP","floor":41},{"not_picked":["Dagger Throw+1","Poisoned Stab+1","Outmaneuver+1"],"picked":"SKIP","floor":48}],"player_experience":409857,"relics_obtained":[{"floor":6,"key":"Meat on the Bone"},{"floor":9,"key":"Darkstone Periapt"},{"floor":11,"key":"Nunchaku"},{"floor":25,"key":"Frozen Egg 2"},{"floor":26,"key":"Bottled Tornado"},{"floor":28,"key":"StoneCalendar"},{"floor":40,"key":"Bronze Scales"},{"floor":43,"key":"The Specimen"}],"event_choices":[{"damage_healed":0,"gold_gain":0,"player_choice":"Success","damage_taken":7,"relics_obtained":["Shuriken"],"max_hp_gain":0,"max_hp_loss":0,"event_name":"Scrap Ooze","floor":3,"gold_loss":0},{"cards_removed":["Strike_G"],"damage_healed":0,"gold_gain":0,"player_choice":"Card Removal","damage_taken":0,"max_hp_gain":0,"max_hp_loss":0,"event_name":"The Cleric","floor":14,"gold_loss":50},{"damage_healed":0,"gold_gain":0,"cards_transformed":["Strike_G"],"player_choice":"Transformed","damage_taken":0,"max_hp_gain":0,"max_hp_loss":0,"event_name":"Transmorgrifier","floor":21,"gold_loss":0,"cards_obtained":["Footwork"]},{"cards_removed":["Strike_G"],"damage_healed":0,"gold_gain":0,"player_choice":"Purged","damage_taken":0,"max_hp_gain":0,"max_hp_loss":0,"event_name":"Purifier","floor":45,"gold_loss":0}],"is_beta":false,"boss_relics":[{"not_picked":["SlaversCollar","Ectoplasm"],"picked":"WristBlade"},{"not_picked":["Calling Bell","Tiny House"],"picked":"Runic Pyramid"}],"items_purged_floors":[38,44],"is_endless":false,"potions_floor_spawned":[1,5,10,11,22,25,28,35,37,48],"ascension_level":4}}