{"host":"3qkmyeoym75lj4wn","time":1609508515,"event":{"mods":["2.2 Compatiblity","BaseMod","Block Reminder","Colored Powertips","Highlight Path","Minty Spire (QoL Compilation)","Permanent Neow","Potion Indicator Mod","Rare Cards Sparkle","Relic Stats","StSLib"],"gold_per_floor":[111,126,126,126,144,25,44,44,44,44,44,74,74,19,19,19,19],"floor_reached":16,"playtime":513,"items_purged":["Strike_G"],"score":196,"play_id":"4ce47881-dc11-48a0-bfee-37bf5a213e07","local_time":"20210101134155","is_ascension_mode":true,"campfire_choices":[{"data":"Predator","floor":8,"key":"SMITH"},{"data":"Neutralize","floor":11,"key":"SMITH"},{"data":"Envenom","floor":13,"key":"SMITH"},{"data":"Poisoned Stab","floor":15,"key":"SMITH"}],"circlet_count":0,"master_deck":["AscendersBane","Strike_G","Strike_G","Strike_G","Defend_G","Defend_G","Defend_G","Defend_G","Defend_G","Survivor","Neutralize+1","Endless Agony","Slice","Predator+1","Backstab","Envenom+1","Poisoned Stab+1"],"relics":["Ring of the Snake","Toy Ornithopter","Singing Bowl","InkBottle"],"acts_visited":["Exordium"],"potions_floor_usage":[12,16],"damage_taken":[{"damage":9,"enemies":"Small Slimes","floor":1,"turns":6},{"damage":4,"enemies":"2 Louse","floor":2,"turns":3},{"damage":0,"enemies":"Cultist","floor":5,"turns":4},{"damage":0,"enemies":"Looter","floor":7,"turns":3},{"damage":19,"enemies":"3 Sentries","floor":12,"turns":11},{"damage":43,"enemies":"Slime Boss","floor":16,"turns":11}],"seed_played":"822864260256341329","potions_obtained":[{"floor":2,"key":"Swift Potion"},{"floor":12,"key":"Explosive Potion"}],"is_trial":false,"path_per_floor":["M","M","?","?","M","$","M","R","T","$","R","E","R","$","R","B"],"character_chosen":"THE_SILENT","items_purchased":["Backstab","Poisoned Stab"],"campfire_rested":0,"item_purchase_floors":[6,14],"current_hp_per_floor":[50,46,51,51,51,51,51,51,51,51,51,37,37,37,37,0,0],"gold":19,"neow_bonus":"RANDOM_COMMON_RELIC","is_daily":false,"chose_seed":false,"campfire_upgraded":4,"win_rate":0.0,"timestamp":1609508515,"path_taken":["M","M","?","?","M","$","M","R","T","$","R","E","R","$","R","BOSS"],"items_purchased_type":["Card","Card"],"build_version":"2020-12-22","purchased_purges":1,"victory":false,"max_hp_per_floor":[66,66,71,71,71,71,71,71,71,71,71,71,71,71,71,71,71],"relic_stats":{"Singing Bowl":0,"counters":[6,38],"obtain_stats":[{"Singing Bowl":9,"Toy Ornithopter":0,"InkBottle":12,"Ring of the Snake":0},{"Singing Bowl":4,"Toy Ornithopter":0,"InkBottle":5,"Ring of the Snake":0},{"Singing Bowl":16,"Toy Ornithopter":0,"InkBottle":27,"Ring of the Snake":0}],"Toy Ornithopter":10,"InkBottle":[3],"Ring of the Snake":[12]},"card_choices":[{"not_picked":["Deflect","Outmaneuver"],"picked":"Endless Agony","floor":1},{"not_picked":["Caltrops","Outmaneuver"],"picked":"Slice","floor":2},{"not_picked":["Sucker Punch","Flechettes"],"picked":"Predator","floor":5},{"not_picked":["Endless Agony","Backflip","Deadly Poison"],"picked":"SKIP","floor":7},{"not_picked":["Distraction","Prepared"],"picked":"Envenom","floor":12}],"player_experience":1633334,"relics_obtained":[{"floor":9,"key":"Singing Bowl"},{"floor":12,"key":"InkBottle"}],"event_choices":[{"damage_healed":0,"gold_gain":0,"player_choice":"Donut","damage_taken":0,"max_hp_gain":5,"max_hp_loss":0,"event_name":"Big Fish","floor":3,"gold_loss":0},{"cards_removed":["Strike_G"],"damage_healed":0,"gold_gain":0,"player_choice":"Purged","damage_taken":0,"max_hp_gain":0,"max_hp_loss":0,"event_name":"Purifier","floor":4,"gold_loss":0}],"is_beta":false,"boss_relics":[],"items_purged_floors":[6],"is_endless":false,"potions_floor_spawned":[2,12],"killed_by":"Slime Boss","ascension_level":20}}