{"host":"1jyvlwrg3lqf29t2","time":1609469237,"event":{"mods":["BaseMod","Colored Powertips","Downfall","Hermit","Minty Spire (QoL Compilation)","StSLib","The Blackbeard","The Cursed","The Poker Player","TheBandit"],"gold_per_floor":[111,111,111,11,23,55,65,65,117,117,129,139,155,28,28,124,124,137,154,154,154],"floor_reached":20,"playtime":931,"items_purged":["Defend_R","Strike_R"],"score":176,"play_id":"bdcce93d-66d9-4e64-ac4c-d171f4885507","local_time":"20201231204717","is_ascension_mode":false,"campfire_choices":[{"floor":8,"key":"REST"},{"data":"Armaments","floor":15,"key":"SMITH"}],"circlet_count":0,"master_deck":["Strike_R","Strike_R","Strike_R+1","Defend_R","Defend_R","Defend_R","Bash","Reaper+1","Pummel","Armaments+1","expansioncontent:DefensiveMode","Inflame","Feed"],"relics":["Black Blood","Regal Pillow","Smiling Mask"],"acts_visited":["Exordium","TheCity"],"potions_floor_usage":[18],"damage_taken":[{"damage":1,"enemies":"2 Louse","floor":1,"turns":2},{"damage":6,"enemies":"Jaw Worm","floor":5,"turns":5},{"damage":47,"enemies":"Lagavulin","floor":6,"turns":9},{"damage":4,"enemies":"Cultist","floor":7,"turns":4},{"damage":10,"enemies":"Exordium Thugs","floor":11,"turns":5},{"damage":7,"enemies":"Large Slime","floor":12,"turns":8},{"damage":12,"enemies":"Looter","floor":13,"turns":4},{"damage":68,"enemies":"The Guardian","floor":16,"turns":14},{"damage":28,"enemies":"2 Thieves","floor":18,"turns":5},{"damage":19,"enemies":"Chosen","floor":19,"turns":6},{"damage":22,"enemies":"3 Cultists","floor":20,"turns":4}],"seed_played":"3281122463180975985","potions_obtained":[{"floor":1,"key":"Block Potion"},{"floor":6,"key":"Explosive Potion"},{"floor":7,"key":"SkillPotion"},{"floor":18,"key":"sneckomod:MuddlingPotion"}],"is_trial":false,"path_per_floor":["M","?","?","$","M","E","M","R","T","?","M","M","M","$","R","B",null,"M","M","M"],"character_chosen":"IRONCLAD","items_purchased":["Armaments","Inflame"],"campfire_rested":1,"item_purchase_floors":[4,14],"current_hp_per_floor":[61,45,45,45,45,10,19,58,58,58,54,63,62,62,62,7,80,74,78,77,77],"gold":154,"neow_bonus":"THREE_RARE_CARDS","is_daily":false,"chose_seed":false,"campfire_upgraded":1,"win_rate":0.0,"timestamp":1609469237,"path_taken":["M","?","?","?","M","E","M","R","T","?","M","M","M","$","R","BOSS","M","M","?"],"items_purchased_type":["Card","Card"],"build_version":"2020-12-22","purchased_purges":2,"victory":false,"max_hp_per_floor":[80,80,80,80,80,80,80,80,80,80,80,80,80,80,80,80,80,83,87,87,87],"card_choices":[{"not_picked":["Fiend Fire","Immolate"],"picked":"Reaper","floor":0},{"not_picked":["Reckless Charge","Pummel","Pommel Strike"],"picked":"SKIP","floor":1},{"not_picked":["Iron Wave","Dual Wield","Cleave"],"picked":"SKIP","floor":5},{"not_picked":["Cleave","Dropkick","Perfected Strike"],"picked":"SKIP","floor":6},{"not_picked":["Sword Boomerang","Clothesline","True Grit"],"picked":"SKIP","floor":7},{"not_picked":["Perfected Strike","Battle Trance","Sword Boomerang"],"picked":"SKIP","floor":11},{"not_picked":["Twin Strike","Pummel","Bloodletting"],"picked":"SKIP","floor":12},{"not_picked":["Infernal Blade","Warcry","Burning Pact"],"picked":"SKIP","floor":13},{"not_picked":["Corruption","Exhume"],"picked":"Feed","floor":16},{"not_picked":["Battle Trance","Rage","Perfected Strike"],"picked":"SKIP","floor":18},{"not_picked":["Anger","Flex","Rage"],"picked":"SKIP","floor":19}],"player_experience":398190,"relics_obtained":[{"floor":6,"key":"Regal Pillow"},{"floor":9,"key":"Smiling Mask"}],"event_choices":[{"damage_healed":0,"gold_gain":0,"player_choice":"Entered Light","damage_taken":16,"max_hp_gain":0,"max_hp_loss":0,"event_name":"Shining Light","floor":2,"gold_loss":0,"cards_upgraded":["Strike_R","Reaper"]},{"damage_healed":0,"gold_gain":0,"cards_transformed":["Strike_R"],"player_choice":"Change","damage_taken":0,"max_hp_gain":0,"max_hp_loss":0,"event_name":"Living Wall","floor":3,"gold_loss":0,"cards_obtained":["Pummel"]},{"damage_healed":0,"gold_gain":0,"player_choice":"1 cards matched","damage_taken":0,"max_hp_gain":0,"max_hp_loss":0,"event_name":"Match and Keep!","floor":10,"gold_loss":0,"cards_obtained":["expansioncontent:DefensiveMode"]}],"is_beta":false,"boss_relics":[{"not_picked":["SacredBark","Astrolabe"],"picked":"Black Blood"}],"items_purged_floors":[4,14],"is_endless":false,"potions_floor_spawned":[1,6,7,16,18],"killed_by":"3 Cultists","ascension_level":0}}