{"host":"xx5zt3jtdyh8iun7","time":1609459568,"event":{"mods":["AchievementEnabler","Act Like it!","BaseMod","Bestiary","Downfall","Minty Spire (QoL Compilation)","Replay The Spire","StSLib"],"gold_per_floor":[99,119,131,147,166,166,192,211,211,386,401,428,443,443,443],"floor_reached":14,"playtime":1249,"items_purged":[],"score":99,"play_id":"8936329f-3f31-4316-a302-7018b68b56aa","local_time":"20210101010608","is_ascension_mode":true,"campfire_choices":[{"data":"sneckomod:SnekBite","floor":1,"key":"SMITH"},{"data":"sneckomod:UnknownClassGUARDIAN","floor":6,"key":"SMITH"}],"circlet_count":0,"master_deck":["sneckomod:Strike","sneckomod:Strike","sneckomod:Strike","sneckomod:Defend","sneckomod:Defend","sneckomod:Defend","sneckomod:TailWhip","sneckomod:SnekBite+1","sneckomod:Unknown","sneckomod:Unknown","expansioncontent:YouAreMine","sneckomod:UnknownDexterity","sneckomod:UnknownX","sneckomod:DiceCrush","sneckomod:UnknownClassGUARDIAN+1","sneckomod:UnknownVulnerable","Doubt","sneckomod:SoulRoll","sneckomod:GlitteringGambit","sneckomod:UnknownVulnerable"],"relics":["sneckomod:SneckoSoul","Vajra","Regal Pillow"],"acts_visited":["Exordium"],"potions_floor_usage":[12,12,14],"damage_taken":[{"damage":11,"enemies":"2 Louse","floor":2,"turns":3},{"damage":0,"enemies":"Small Slimes","floor":3,"turns":3},{"damage":8,"enemies":"Jaw Worm","floor":4,"turns":4},{"damage":19,"enemies":"Exordium Thugs","floor":5,"turns":5},{"damage":3,"enemies":"Large Slime","floor":8,"turns":4},{"damage":2,"enemies":"3 Louse","floor":11,"turns":2},{"damage":34,"enemies":"Lagavulin","floor":12,"turns":7},{"damage":3,"enemies":"Gremlin Gang","floor":13,"turns":5},{"damage":27,"enemies":"3 Sentries","floor":14,"turns":2}],"seed_played":"5848366783991768979","potions_obtained":[{"floor":3,"key":"SpeedPotion"},{"floor":4,"key":"ColorlessPotion"},{"floor":8,"key":"Dexterity Potion"},{"floor":11,"key":"sneckomod:MuddlingPotion"}],"is_trial":false,"path_per_floor":["R","M","M","M","M","R","T","M","?","?","M","E","M","E"],"character_chosen":"THE_SNECKO","items_purchased":[],"campfire_rested":0,"item_purchase_floors":[],"current_hp_per_floor":[90,90,94,86,68,68,68,66,63,63,61,27,25,0,0],"gold":443,"neow_bonus":"RANDOM_COLORLESS","is_daily":false,"chose_seed":false,"campfire_upgraded":2,"win_rate":0.0,"timestamp":1609459568,"path_taken":["R","M","M","M","M","R","T","M","?","?","M","E","M","E"],"items_purchased_type":[],"build_version":"2020-12-22","purchased_purges":0,"victory":false,"max_hp_per_floor":[90,91,95,95,96,96,96,97,97,97,97,97,98,98,98],"card_choices":[{"not_picked":["expansioncontent:ManipulateTime","expansioncontent:AwakenDeath"],"picked":"expansioncontent:YouAreMine","floor":0},{"not_picked":["sneckomod:DiceBlock","sneckomod:Unknown1Cost"],"picked":"sneckomod:UnknownDexterity","floor":2},{"not_picked":["sneckomod:UnknownWeak","sneckomod:QuickMove"],"picked":"sneckomod:UnknownX","floor":3},{"not_picked":["sneckomod:IronFang","sneckomod:UnknownStrike"],"picked":"sneckomod:DiceCrush","floor":4},{"not_picked":["sneckomod:UnknownCommonAttack","sneckomod:DiceCrush"],"picked":"sneckomod:UnknownClassGUARDIAN","floor":5},{"not_picked":["sneckomod:UnknownCommonSkill","sneckomod:SnekBeam"],"picked":"sneckomod:UnknownVulnerable","floor":8},{"not_picked":["sneckomod:SoulDraw","sneckomod:UnknownClassGUARDIAN"],"picked":"sneckomod:SoulRoll","floor":11},{"not_picked":["sneckomod:SoulRoll","sneckomod:UnknownEthereal"],"picked":"sneckomod:GlitteringGambit","floor":12},{"not_picked":["sneckomod:UnknownWeak","sneckomod:UnknownCommonSkill"],"picked":"sneckomod:UnknownVulnerable","floor":13}],"player_experience":784869,"relics_obtained":[{"floor":12,"key":"Regal Pillow"}],"event_choices":[{"damage_healed":0,"gold_gain":0,"player_choice":"Success","damage_taken":3,"relics_obtained":["Vajra"],"max_hp_gain":0,"max_hp_loss":0,"event_name":"Scrap Ooze","floor":9,"gold_loss":0}],"is_beta":false,"boss_relics":[],"items_purged_floors":[],"is_endless":false,"potions_floor_spawned":[3,4,8,11],"killed_by":"3 Sentries","ascension_level":1}}