{"host":"sav7uxregyirlf69","time":1609470699,"event":{"mods":["AchievementEnabler","BaseMod","Colored Map","DeckTracker","Keyboard Shortcuts","Minty Spire (QoL Compilation)","READ ME - Guardian Mod","StSLib","SuperFastMode"],"gold_per_floor":[360,122,142,159,159,159,179,194,217,234,234,254,267,281,281,358,358,372,372,372],"floor_reached":19,"playtime":380,"items_purged":["Strike_B"],"score":330,"play_id":"6dc0ce1f-1e76-4766-8b95-f625b3702f89","local_time":"20210101121139","is_ascension_mode":true,"campfire_choices":[{"data":"White Noise","floor":6,"key":"SMITH"},{"floor":11,"key":"REST"},{"data":"Fusion","floor":15,"key":"SMITH"}],"circlet_count":0,"master_deck":["AscendersBane","Strike_B","Strike_B","Strike_B","Defend_B","Defend_B","Defend_B","Zap","Dualcast","White Noise+1","Go for the Eyes","Genetic Algorithm","Ball Lightning","Coolheaded","Fusion+1","Cold Snap","Loop","Heatsinks","Core Surge","Storm"],"relics":["Cracked Core","Lee\u0027s Waffle","Nuclear Battery"],"acts_visited":["Exordium","TheCity"],"potions_floor_usage":[16,16],"damage_taken":[{"damage":3,"enemies":"Small Slimes","floor":1,"turns":3},{"damage":7,"enemies":"Jaw Worm","floor":3,"turns":4},{"damage":0,"enemies":"2 Louse","floor":4,"turns":2},{"damage":22,"enemies":"Large Slime","floor":7,"turns":5},{"damage":8,"enemies":"Blue Slaver","floor":8,"turns":3},{"damage":11,"enemies":"Exordium Wildlife","floor":10,"turns":3},{"damage":6,"enemies":"Looter","floor":12,"turns":3},{"damage":14,"enemies":"Lots of Slimes","floor":13,"turns":4},{"damage":5,"enemies":"3 Louse","floor":14,"turns":3},{"damage":17,"enemies":"The Guardian","floor":16,"turns":10},{"damage":27,"enemies":"3 Byrds","floor":18,"turns":5},{"damage":39,"enemies":"Masked Bandits","floor":19,"turns":3}],"seed_played":"-1420444659062515882","potions_obtained":[{"floor":1,"key":"BlessingOfTheForge"},{"floor":4,"key":"GamblersBrew"},{"floor":10,"key":"FocusPotion"},{"floor":16,"key":"PotionOfCapacity"},{"floor":18,"key":"SneckoOil"}],"is_trial":false,"path_per_floor":["M","$","M","M","?","R","M","M","T","M","R","M","M","M","R","B",null,"M","?"],"character_chosen":"DEFECT","items_purchased":["Lee\u0027s Waffle"],"campfire_rested":1,"item_purchase_floors":[2],"current_hp_per_floor":[43,78,71,71,64,64,42,34,34,23,46,40,26,21,21,4,60,33,0,0],"gold":372,"neow_bonus":"TWO_FIFTY_GOLD","is_daily":false,"chose_seed":false,"campfire_upgraded":2,"win_rate":0.0,"timestamp":1609470699,"path_taken":["M","$","M","M","?","R","M","M","T","M","R","M","M","M","R","BOSS","M","?"],"items_purchased_type":["Relic"],"build_version":"2020-12-22","purchased_purges":1,"victory":false,"max_hp_per_floor":[71,78,78,78,78,78,78,78,78,78,78,78,78,78,78,78,78,78,78,78],"card_choices":[{"not_picked":["Skim","Leap"],"picked":"White Noise","floor":1},{"not_picked":["Barrage","Leap"],"picked":"Go for the Eyes","floor":3},{"not_picked":["Steam","Turbo"],"picked":"Genetic Algorithm","floor":4},{"not_picked":["Chaos","Reinforced Body"],"picked":"Ball Lightning","floor":7},{"not_picked":["BootSequence","Hello World"],"picked":"Coolheaded","floor":8},{"not_picked":["Seek","Consume"],"picked":"Fusion","floor":10},{"not_picked":["Stack","Conserve Battery"],"picked":"Cold Snap","floor":12},{"not_picked":["White Noise","Undo"],"picked":"Loop","floor":13},{"not_picked":["Coolheaded","Steam"],"picked":"Heatsinks","floor":14},{"not_picked":["Machine Learning","Amplify"],"picked":"Core Surge","floor":16},{"not_picked":["Leap","Melter+1"],"picked":"Storm","floor":18}],"player_experience":1089532,"relics_obtained":[],"event_choices":[{"cards_removed":["Defend_B"],"damage_healed":0,"gold_gain":0,"player_choice":"Card Removal","damage_taken":7,"max_hp_gain":0,"max_hp_loss":0,"event_name":"Golden Wing","floor":5,"gold_loss":0},{"damage_healed":0,"gold_gain":0,"player_choice":"Fought Bandits","damage_taken":0,"max_hp_gain":0,"max_hp_loss":0,"event_name":"Masked Bandits","floor":19,"gold_loss":0}],"is_beta":false,"boss_relics":[{"not_picked":["Calling Bell","Snecko Eye"],"picked":"Nuclear Battery"}],"items_purged_floors":[2],"is_endless":false,"potions_floor_spawned":[1,4,10,14,16,18],"killed_by":"Masked Bandits","ascension_level":20}}