{"host":"daa8jqyg4gqfaysm","time":1609514346,"event":{"mods":["BaseMod","Colored Powertips","Minty Spire (QoL Compilation)","StSLib"],"gold_per_floor":[113,133,133,149,149,149,184,184,210,244,244,244,284,284,284,284,284],"floor_reached":16,"playtime":421,"items_purged":[],"score":209,"play_id":"274ae7a7-c4c2-4506-ba9d-ea65c3912ed6","local_time":"20210101231906","is_ascension_mode":true,"campfire_choices":[{"data":"Eviscerate","floor":6,"key":"SMITH"},{"floor":8,"key":"REST"},{"data":"Riddle With Holes","floor":12,"key":"SMITH"},{"data":"Leg Sweep","floor":15,"key":"SMITH"}],"circlet_count":0,"master_deck":["AscendersBane","Strike_G","Strike_G","Strike_G","Strike_G","Defend_G","Defend_G","Defend_G","Defend_G","Defend_G","Survivor","Neutralize","Eviscerate+1","Tactician","Backflip","All Out Attack+1","Riddle With Holes+1","Leg Sweep+1"],"relics":["Runic Dome","Golden Idol","Strawberry","Omamori","Art of War","Akabeko"],"acts_visited":["Exordium"],"potions_floor_usage":[16],"damage_taken":[{"damage":0,"enemies":"Small Slimes","floor":1,"turns":5},{"damage":10,"enemies":"2 Louse","floor":2,"turns":3},{"damage":0,"enemies":"Jaw Worm","floor":4,"turns":4},{"damage":26,"enemies":"Gremlin Nob","floor":7,"turns":5},{"damage":25,"enemies":"Lagavulin","floor":10,"turns":8},{"damage":7,"enemies":"3 Sentries","floor":13,"turns":8},{"damage":35,"enemies":"Slime Boss","floor":16,"turns":6}],"seed_played":"8501915722713782948","potions_obtained":[{"floor":10,"key":"SkillPotion"},{"floor":13,"key":"EssenceOfSteel"}],"is_trial":false,"path_per_floor":["M","M","?","M","?","R","E","R","T","E","?","R","E","?","R","B"],"character_chosen":"THE_SILENT","items_purchased":[],"campfire_rested":1,"item_purchase_floors":[],"current_hp_per_floor":[59,49,42,42,42,42,23,43,43,18,40,40,33,33,33,0,0],"gold":284,"neow_bonus":"BOSS_RELIC","is_daily":false,"chose_seed":false,"campfire_upgraded":3,"win_rate":0.0,"timestamp":1609514346,"path_taken":["M","M","?","M","?","R","E","R","T","E","?","R","E","?","R","BOSS"],"items_purchased_type":[],"build_version":"2020-12-22","purchased_purges":0,"victory":false,"max_hp_per_floor":[66,66,66,66,60,60,67,67,67,67,67,67,67,67,67,67,67],"card_choices":[{"not_picked":["Bane","Slice"],"picked":"Eviscerate","floor":1},{"not_picked":["Dodge and Roll","Escape Plan"],"picked":"Tactician","floor":2},{"not_picked":["Deflect","Sucker Punch"],"picked":"Backflip","floor":4},{"not_picked":["Bane","Catalyst"],"picked":"All Out Attack","floor":7},{"not_picked":["All Out Attack","Dagger Spray"],"picked":"Riddle With Holes","floor":10},{"not_picked":["Night Terror","Eviscerate"],"picked":"Leg Sweep","floor":13}],"player_experience":767104,"relics_obtained":[{"floor":7,"key":"Strawberry"},{"floor":9,"key":"Omamori"},{"floor":10,"key":"Art of War"},{"floor":13,"key":"Akabeko"}],"event_choices":[{"cards_removed":["Strike_G"],"damage_healed":0,"gold_gain":0,"player_choice":"Card Removal","damage_taken":7,"max_hp_gain":0,"max_hp_loss":0,"event_name":"Golden Wing","floor":3,"gold_loss":0},{"damage_healed":0,"gold_gain":0,"player_choice":"Lose Max HP","damage_taken":0,"relics_obtained":["Golden Idol"],"max_hp_gain":0,"max_hp_loss":6,"event_name":"Golden Idol","floor":5,"gold_loss":0},{"damage_healed":22,"gold_gain":0,"player_choice":"Banana","damage_taken":0,"max_hp_gain":0,"max_hp_loss":0,"event_name":"Big Fish","floor":11,"gold_loss":0},{"damage_healed":0,"gold_gain":0,"player_choice":"Grow","damage_taken":0,"max_hp_gain":0,"max_hp_loss":0,"event_name":"Living Wall","floor":14,"gold_loss":0,"cards_upgraded":["All Out Attack"]}],"is_beta":false,"boss_relics":[],"items_purged_floors":[],"is_endless":false,"potions_floor_spawned":[10,13],"killed_by":"Slime Boss","ascension_level":16}}