{"host":"zit9o0ax6c2l3y2b","time":1609461531,"event":{"mods":["Aspiration","BaseMod","Colored Map","Conspire","Downfall","Glutton Mod","Hermit","Hubris","Infinite Spire","Minty Spire (QoL Compilation)","Random Character Button","Relic Filter","Replay The Spire","Shade Mod","Shop Mod","StSLib","The Construct","The Cursed","The Disciple","The Runesmith","TheArtist"],"gold_per_floor":[118,118,293,61,74,74,107,107,107,140,160,194,194,214,214,313,313,332,332,127,138,173,208,208,227,253,271,289,289,324,340,340,444,444,458,505,505,505,55,69,83,83,83,120,132,132,132,150,150,150],"floor_reached":51,"playtime":2583,"items_purged":["Doubt","construct:AttackMode"],"score":1102,"play_id":"5735f170-4edf-4eae-ba2d-3f3a3d41871b","local_time":"20201231193851","is_ascension_mode":true,"campfire_choices":[{"data":"construct:FocusedBeam+1","floor":6.0,"key":"SMITH"},{"data":"construct:VentSteam","floor":13.0,"key":"SMITH"},{"data":"construct:VentSteam+1","floor":15.0,"key":"SMITH"},{"data":"construct:GuardCore+1","floor":24.0,"key":"SMITH"},{"data":"construct:QuickAttack+1","floor":46,"key":"SMITH"},{"data":"construct:Chainstrike+1","floor":49,"key":"SMITH"}],"circlet_count":0,"master_deck":["Shade:FleshLikeOak+1","construct:Strike_Gold+1","construct:Strike_Gold","construct:Strike_Gold","construct:Strike_Gold","construct:Strike_Gold","construct:Defend_Gold","construct:Defend_Gold","construct:Defend_Gold","construct:Defend_Gold+1","construct:Defend_Gold","construct:FocusedBeam+2","construct:Impenetrable","construct:VentSteam+2","construct:BatteryAcid","construct:Anticipate","construct:HeavyBolt+1","construct:CreateCores","construct:QuickAttack+2","construct:GuardCore+2","construct:Enhance","construct:Chainstrike+2","infinitespire:NeuralNetwork","construct:Forcefield","infinitespire:Fortify","Flash of Steel","construct:Chainstrike+2","construct:SyphonStrike","Amnesia","construct:Boost"],"relics":["construct:ClockworkPhoenix","Guide Book","aspiration:ChemicalBlood","Replay:Multitool","infinitespire:Satchel","ReplayFunnel","conspire:SpecialSausage","Strange Spoon","hubris:SphereOfDissonance","aspiration:Stabinomicon","Juzu Bracelet","infinitespire:CheckeredPen","aspiration:PoetsPen","infinitespire:Golems Mask","Happy Flower","hubris:RunicObelisk","Replay:Wax Seal","Replay:Bottled Steam","infinitespire:Midas Blood","Gambling Chip"],"acts_visited":["Exordium","TheCity","TheBeyond"],"potions_floor_usage":[33,33,40,50,50,50],"damage_taken":[{"damage":6.0,"enemies":"Cultist","floor":1.0,"turns":4.0},{"damage":0.0,"enemies":"2 Louse","floor":5.0,"turns":3.0},{"damage":12.0,"enemies":"3 Sentries","floor":7.0,"turns":6.0},{"damage":25.0,"enemies":"Lagavulin","floor":10.0,"turns":9.0},{"damage":0.0,"enemies":"Small Slimes","floor":11.0,"turns":2.0},{"damage":2.0,"enemies":"Gremlin Nob","floor":12.0,"turns":3.0},{"damage":0.0,"enemies":"Red Slaver","floor":14.0,"turns":4.0},{"damage":0.0,"enemies":"Slime Boss","floor":16.0,"turns":6.0},{"damage":0.0,"enemies":"2 Thieves","floor":18.0,"turns":3.0},{"damage":1.0,"enemies":"3 Byrds","floor":21.0,"turns":5.0},{"damage":34.0,"enemies":"conspire:MimicChest","floor":22.0,"turns":7.0},{"damage":0.0,"enemies":"Book of Stabbing","floor":23.0,"turns":4.0},{"damage":2.0,"enemies":"3 Cultists","floor":25.0,"turns":3.0},{"damage":0.0,"enemies":"Snecko","floor":27.0,"turns":4.0},{"damage":9.0,"enemies":"Centurion and Healer","floor":28.0,"turns":3.0},{"damage":0.0,"enemies":"Slavers","floor":30.0,"turns":4.0},{"damage":0.0,"enemies":"Snake Plant","floor":31.0,"turns":2.0},{"damage":6,"enemies":"conspire:MysteriousRune","floor":33,"turns":6},{"damage":37,"enemies":"3 Darklings","floor":35,"turns":4},{"damage":22,"enemies":"2 Orb Walkers","floor":36,"turns":2},{"damage":0,"enemies":"Orb Walker","floor":40,"turns":3},{"damage":0,"enemies":"Sphere and 2 Shapes","floor":41,"turns":3},{"damage":8,"enemies":"Reptomancer","floor":44,"turns":4},{"damage":0,"enemies":"Spire Growth","floor":45,"turns":2},{"damage":0,"enemies":"Maw","floor":48,"turns":2},{"damage":0,"enemies":"Donu and Deca","floor":50,"turns":3}],"seed_played":"3545775809282692207","potions_obtained":[{"floor":10.0,"key":"Strength Potion"},{"floor":11.0,"key":"Elixir"},{"floor":12.0,"key":"Explosive Potion"},{"floor":16.0,"key":"EssenceOfSteel"},{"floor":22.0,"key":"LifebloodPotion"},{"floor":25.0,"key":"Explosive Potion"},{"floor":30.0,"key":"AttackPotion"},{"floor":31.0,"key":"sneckomod:MuddlingPotion"},{"floor":36,"key":"SpeedPotion"},{"floor":45,"key":"Doom Potion"},{"floor":48,"key":"Adrenaline Potion"}],"is_trial":false,"path_per_floor":["M","?","?","$","M","R","E","?","T","E","M","E","R","M","R","B",null,"M","?","$","M","?","E","R","M","T","M","M","R","E","M","R_BF","B",null,"M","?","AVR","?","$","M","M","?","T","E","M","R","?","M","R_BF","B",null],"character_chosen":"THE_CONSTRUCT_MOD","items_purchased":["Guide Book","Strange Spoon","construct:QuickAttack+1","Replay:Wax Seal","Flash of Steel","Replay:Bottled Steam","Guardian:BlockOnCardUsePotion"],"campfire_rested":0,"item_purchase_floors":[4,20,20,39,39,39,39],"current_hp_per_floor":[79,79,79,79,79,79,67,67,67,42,42,40,40,40,40,40,85,85,85,85,84,50,50,50,48,48,48,39,64,64,64,44,38,85,48,29,29,32,32,32,32,35,35,27,27,27,30,30,30,30],"gold":150,"neow_bonus":"RANDOM_EVENT","is_daily":false,"chose_seed":false,"campfire_upgraded":6,"win_rate":0.0,"timestamp":1609461531,"path_taken":["M","?","?","$","M","R","E","?","T","E","?","E","R","M","R","BOSS","M","?","$","M","?","E","R","M","T","M","M","R","E","M","R_BF","BOSS","M","?","AVR","?","$","M","M","?","T","E","M","R","?","M","R_BF","BOSS"],"items_purchased_type":["Relic","Relic","Card","Relic","Card","Relic","Potion"],"build_version":"2020-12-22","purchased_purges":2,"victory":true,"max_hp_per_floor":[85,85,85,85,85,85,85,85,85,85,85,85,85,85,85,85,85,85,85,85,85,85,85,85,85,85,85,85,85,85,85,85,85,85,85,85,85,85,85,85,85,85,85,85,85,85,85,85,85,85],"card_choices":[{"not_picked":["construct:Autoturret","construct:Failsafe"],"picked":"construct:FocusedBeam","floor":1.0},{"not_picked":["construct:HeavyBolt","construct:LongRangeLance"],"picked":"construct:Impenetrable","floor":5.0},{"not_picked":["construct:ShiftStrike","construct:FlammableFog"],"picked":"construct:VentSteam","floor":7.0},{"not_picked":["construct:MemoryTap","construct:Rollout"],"picked":"construct:BatteryAcid","floor":10.0},{"not_picked":["construct:SweepLaser","construct:Accumulate"],"picked":"construct:Anticipate","floor":11.0},{"not_picked":["construct:GoldenBullet","construct:ModeShift","construct:PanicFire"],"picked":"SKIP","floor":12.0},{"not_picked":["construct:Rollout","construct:Backfire"],"picked":"construct:HeavyBolt","floor":14.0},{"not_picked":["construct:Tumble","construct:ScrapCannon+1"],"picked":"construct:CreateCores","floor":18.0},{"not_picked":["construct:FierceBash","construct:FlammableFog","construct:CreateCores"],"picked":"SKIP","floor":21.0},{"not_picked":["construct:ShiftingStance","construct:Rollout"],"picked":"construct:GuardCore+1","floor":23.0},{"not_picked":["construct:HeavyBolt","construct:CreateCores","construct:FocusedBeam"],"picked":"SKIP","floor":25.0},{"not_picked":["ReplayTheSpireMod:Mirror System+1","construct:PointDefense"],"picked":"construct:Enhance","floor":27.0},{"not_picked":["construct:Agitation","construct:Zapper+1","construct:HardReboot"],"picked":"SKIP","floor":28.0},{"not_picked":["construct:ClusterMines","construct:ReactiveShield"],"picked":"construct:Chainstrike+1","floor":30.0},{"not_picked":["construct:Dampening","construct:ClusterMines","construct:SaveState"],"picked":"SKIP","floor":31.0},{"not_picked":["ReplayTheSpireMod:Black Plague","infinitespire:Oblivion"],"picked":"infinitespire:NeuralNetwork","floor":32.0},{"not_picked":["construct:SiegeForm","construct:MemoryTap"],"picked":"construct:Bunker","floor":33},{"not_picked":["construct:PhosphorStorm+1","construct:FierceBash","construct:Zapper"],"picked":"SKIP","floor":35},{"not_picked":["construct:Backfire","construct:FierceBash"],"picked":"construct:Forcefield","floor":36},{"not_picked":["construct:Impenetrable+1","construct:Dampening+1"],"picked":"construct:Chainstrike+1","floor":40},{"not_picked":["construct:PhosphorStorm","construct:FocusedBeam+1","construct:Disrupt+1"],"picked":"SKIP","floor":41},{"not_picked":["construct:ModeShift","construct:OneWayMirror","construct:ScrapCannon+1"],"picked":"SKIP","floor":44},{"not_picked":["construct:Hazardproof+1","construct:FlakBarrage"],"picked":"construct:SyphonStrike","floor":45},{"not_picked":["construct:LongRangeLance","construct:Versatility"],"picked":"construct:Boost","floor":48}],"player_experience":417359,"relics_obtained":[{"floor":7.0,"key":"aspiration:ChemicalBlood"},{"floor":9.0,"key":"Replay:Multitool"},{"floor":10.0,"key":"infinitespire:Satchel"},{"floor":12.0,"key":"ReplayFunnel"},{"floor":22.0,"key":"hubris:SphereOfDissonance"},{"floor":23.0,"key":"aspiration:Stabinomicon"},{"floor":26.0,"key":"Juzu Bracelet"},{"floor":30.0,"key":"infinitespire:CheckeredPen"},{"floor":36,"key":"infinitespire:Golems Mask"},{"floor":43,"key":"infinitespire:Midas Blood"},{"floor":44,"key":"Gambling Chip"}],"event_choices":[{"damage_healed":0.0,"max_hp_gain":0.0,"max_hp_loss":0.0,"gold_gain":175.0,"event_name":"Liars Game","player_choice":"AGREE","floor":3.0,"gold_loss":0.0,"damage_taken":0.0,"cards_obtained":["Doubt"]},{"cards_removed":["construct:DefenseMode"],"damage_healed":0.0,"max_hp_gain":0.0,"max_hp_loss":0.0,"gold_gain":0.0,"event_name":"Purifier","player_choice":"Purged","floor":8.0,"gold_loss":0.0,"damage_taken":0.0},{"damage_healed":0,"gold_gain":0,"player_choice":"Fight","damage_taken":0,"max_hp_gain":0,"max_hp_loss":0,"event_name":"Mysterious Sphere","floor":36,"gold_loss":0},{"cards_removed":["construct:Bunker"],"damage_healed":0,"gold_gain":0,"player_choice":"Removed Power","damage_taken":0,"max_hp_gain":0,"max_hp_loss":0,"event_name":"Falling","floor":38,"gold_loss":0},{"damage_healed":0,"gold_gain":0,"player_choice":"Forge","damage_taken":0,"max_hp_gain":0,"max_hp_loss":0,"event_name":"Accursed Blacksmith","floor":42,"gold_loss":0,"cards_upgraded":["construct:Chainstrike"]}],"is_beta":false,"boss_relics":[{"not_picked":["hubris:CrackedHourglass","Snecko Eye"],"picked":"conspire:SpecialSausage"},{"not_picked":["aspiration:RunesmithSkillbook","aspiration:WatcherSkillbook"],"picked":"aspiration:PoetsPen"}],"items_purged_floors":[4,37],"is_endless":false,"potions_floor_spawned":[10,11,12,16,22,27,30,31,36,45,48],"ascension_level":4}}