{"host":"d8d3jqle49sogkjv","time":1609518891,"event":{"mods":["BaseMod","Colored Map","Colored Powertips","Minty Spire (QoL Compilation)","StSLib"],"gold_per_floor":[117,132,65,76,91,116,126,126,197,122,191,203,203,213,213,213,213],"floor_reached":16,"playtime":731,"items_purged":["Strike_R"],"score":161,"play_id":"17a302c3-9108-4fca-9c1f-8d89fe649485","local_time":"20210101173451","is_ascension_mode":true,"campfire_choices":[{"floor":13,"key":"REST"},{"data":"Corruption","floor":15,"key":"SMITH"}],"circlet_count":0,"master_deck":["AscendersBane","Strike_R","Strike_R","Strike_R","Strike_R","Defend_R","Defend_R","Defend_R","Defend_R","Bash","Corruption+1","Metallicize","Rampage","Dark Embrace","Spot Weakness","Entrench","Shrug It Off","Metallicize"],"relics":["Burning Blood","Pantograph","Letter Opener","Matryoshka"],"acts_visited":["Exordium"],"potions_floor_usage":[5,6,8,12,12],"damage_taken":[{"damage":6,"enemies":"Cultist","floor":1,"turns":4},{"damage":7,"enemies":"Small Slimes","floor":2,"turns":4},{"damage":10,"enemies":"2 Louse","floor":4,"turns":3},{"damage":18,"enemies":"Exordium Thugs","floor":5,"turns":5},{"damage":47,"enemies":"Gremlin Nob","floor":6,"turns":6},{"damage":13,"enemies":"3 Louse","floor":7,"turns":5},{"damage":16,"enemies":"Lots of Slimes","floor":12,"turns":5},{"damage":5,"enemies":"Red Slaver","floor":14,"turns":5},{"damage":77,"enemies":"Slime Boss","floor":16,"turns":9}],"seed_played":"385284068878946562","potions_obtained":[{"floor":1,"key":"BloodPotion"},{"floor":4,"key":"AttackPotion"},{"floor":8,"key":"Fruit Juice"},{"floor":8,"key":"SkillPotion"},{"floor":8,"key":"AttackPotion"},{"floor":14,"key":"SpeedPotion"}],"is_trial":false,"path_per_floor":["M","M","$","M","M","E","M","?","T","$","T","M","R","M","R","B"],"character_chosen":"IRONCLAD","items_purchased":["Dark Embrace"],"campfire_rested":1,"item_purchase_floors":[3],"current_hp_per_floor":[72,71,71,67,55,30,23,28,28,28,28,18,43,44,44,0,0],"gold":213,"neow_bonus":"ONE_RANDOM_RARE_CARD","is_daily":false,"chose_seed":false,"campfire_upgraded":1,"win_rate":0.0,"timestamp":1609518891,"path_taken":["M","M","?","?","M","E","M","?","T","$","?","M","R","?","R","BOSS"],"items_purchased_type":["Card"],"build_version":"2020-12-22","purchased_purges":1,"victory":false,"max_hp_per_floor":[80,80,80,80,80,80,80,85,85,85,85,85,85,85,85,85,85],"card_choices":[{"not_picked":["Combust","Warcry"],"picked":"Metallicize","floor":1},{"not_picked":["Pommel Strike","Burning Pact"],"picked":"Rampage","floor":2},{"not_picked":["Pommel Strike","Sword Boomerang","Anger"],"picked":"SKIP","floor":4},{"not_picked":["Battle Trance","Limit Break","Iron Wave"],"picked":"SKIP","floor":5},{"not_picked":["Clash","Sever Soul"],"picked":"Spot Weakness","floor":6},{"not_picked":["Warcry","Armaments"],"picked":"Entrench","floor":7},{"not_picked":["Thunderclap","Twin Strike"],"picked":"Shrug It Off","floor":12},{"not_picked":["Pommel Strike","Twin Strike"],"picked":"Metallicize","floor":14}],"player_experience":349409,"relics_obtained":[{"floor":6,"key":"Pantograph"},{"floor":9,"key":"Letter Opener"},{"floor":11,"key":"Matryoshka"}],"event_choices":[{"damage_healed":0,"gold_gain":0,"player_choice":"Got Potions","damage_taken":0,"max_hp_gain":0,"max_hp_loss":0,"event_name":"Lab","floor":8,"gold_loss":0}],"is_beta":false,"boss_relics":[],"items_purged_floors":[10],"is_endless":false,"potions_floor_spawned":[1,4,14],"killed_by":"Slime Boss","ascension_level":11}}