{"host":"07tcb8n8jdavk3gs","time":1609489931,"event":{"mods":["BaseMod","Colored Map","Jorbs\u0027s Wanderer Trilogy","Marisa????????","Minty Spire (QoL Compilation)","StSLib","The Animator","The Cursed"],"gold_per_floor":[128,203,203,222,222,261,261,296,378,388,70,70,118,134,134,208,208,220,220,220,233,233,267,279,279,279,17,43,76,104,145,145,231,231,255,271,2,2,24,62,62,101,125,148,162,188,188,188],"floor_reached":47,"playtime":4254,"items_purged":["animator:Strike","Normality","animator:Defend"],"score":1384,"play_id":"9605a9c8-ab99-46a4-8ffa-5540a3062f89","local_time":"20210101023211","is_ascension_mode":true,"campfire_choices":[{"floor":7.0,"key":"REST"},{"floor":12.0,"key":"REST"},{"data":"animator:Priestess","floor":15.0,"key":"SMITH"},{"floor":25.0,"key":"REST"},{"data":"animator:Emilia","floor":32.0,"key":"SMITH"},{"floor":41,"key":"REST"}],"circlet_count":0,"master_deck":["AscendersBane","animator:Strike_GoblinSlayer","animator:LizardPriest","animator:DwarfShaman","animator:Priestess+1","animator:IzunaHatsuse","animator:Spearman","animator:Canti","animator:Saber","Writhe","animator:Priestess","animator:Priestess","stsjorbsmod:Withering","animator:Emilia+1","animator:DwarfShaman","animator:Guren","animator:GuildGirl+1","animator:LizardPriest","animator:Spearman","animator:Spearman","animator:ChlammyZell","animator:Strike","animator:DolaStephanie","animator:Wiz","animator:DwarfShaman"],"relics":["animator:LivingPicture","animator:TheMissingPiece","animator:BattleDrones","Oddly Smooth Stone","Matryoshka","Tiny Chest","Cursed Key","Charon\u0027s Ashes","Bronze Scales","HornCleat","Orichalcum","Omamori","animator:WornHelmet","WingedGreaves","Question Card","Du-Vu Doll","Bag of Preparation","animator:RacePiece","Nunchaku","Toy Ornithopter","Akabeko","Juzu Bracelet"],"acts_visited":["Exordium","TheCity","TheBeyond"],"potions_floor_usage":[40,42,47,47],"damage_taken":[{"damage":1.0,"enemies":"2 Louse","floor":1.0,"turns":4.0},{"damage":0.0,"enemies":"Small Slimes","floor":4.0,"turns":5.0},{"damage":33.0,"enemies":"Gremlin Nob","floor":6.0,"turns":6.0},{"damage":0.0,"enemies":"Lagavulin","floor":8.0,"turns":6.0},{"damage":0.0,"enemies":"Cultist","floor":10.0,"turns":3.0},{"damage":0.0,"enemies":"Red Slaver","floor":14.0,"turns":4.0},{"damage":0.0,"enemies":"The Guardian","floor":16.0,"turns":10.0},{"damage":4.0,"enemies":"Shell Parasite","floor":18.0,"turns":5.0},{"damage":3.0,"enemies":"Chosen","floor":21.0,"turns":5.0},{"damage":32.0,"enemies":"Slavers","floor":23.0,"turns":6.0},{"damage":0.0,"enemies":"3 Cultists","floor":24.0,"turns":5.0},{"damage":0.0,"enemies":"animator:HornedBat","floor":28.0,"turns":4.0},{"damage":0.0,"enemies":"Gremlin Leader","floor":29.0,"turns":9.0},{"damage":0.0,"enemies":"Book of Stabbing","floor":30.0,"turns":4.0},{"damage":0.0,"enemies":"Slavers","floor":31.0,"turns":3.0},{"damage":11.0,"enemies":"Automaton","floor":33.0,"turns":8.0},{"damage":0,"enemies":"3 Shapes","floor":35,"turns":3},{"damage":0,"enemies":"Orb Walker","floor":36,"turns":2},{"damage":0,"enemies":"4 Shapes","floor":39,"turns":4},{"damage":34,"enemies":"Giant Head","floor":40,"turns":8},{"damage":0,"enemies":"Reptomancer","floor":42,"turns":5},{"damage":2,"enemies":"Sphere and 2 Shapes","floor":44,"turns":4},{"damage":0,"enemies":"Writhing Mass","floor":45,"turns":5},{"damage":0,"enemies":"4 Shapes","floor":46,"turns":3},{"damage":49,"enemies":"Giant Head","floor":47,"turns":8}],"seed_played":"3271793843953139040","potions_obtained":[{"floor":4.0,"key":"PowerPotion"},{"floor":6.0,"key":"AttackPotion"},{"floor":8.0,"key":"SmokeBomb"},{"floor":18.0,"key":"FearPotion"},{"floor":24.0,"key":"ColorlessPotion"},{"floor":30.0,"key":"Strength Potion"},{"floor":33.0,"key":"SneckoOil"},{"floor":39,"key":"SpeedPotion"},{"floor":40,"key":"FearPotion"},{"floor":45,"key":"SpeedPotion"}],"is_trial":false,"path_per_floor":["M","?","?","M","?","E","R","E","T","M","$","R","?","M","R","B",null,"M","?","?","M","T","E","M","R","T","$","E","E","E","E","R","B",null,"M","M","$","?","M","E","R","E","T","M","M","M","E"],"character_chosen":"THE_ANIMATOR","items_purchased":["animator:Canti","Tiny Chest","animator:Emilia","Nunchaku"],"campfire_rested":4,"item_purchase_floors":[11,11,27,37],"current_hp_per_floor":[53,42,42,42,35,2,18,19,19,19,19,35,35,35,35,35,50,46,46,46,43,43,15,15,31,31,31,31,31,31,31,31,20,46,46,46,46,46,46,13,29,34,34,32,32,32,0,0],"gold":188,"neow_bonus":"REMOVE_TWO","is_daily":false,"chose_seed":false,"campfire_upgraded":2,"win_rate":0.0,"timestamp":1609489931,"path_taken":["M","?","?","M","?","E","R","E","T","M","$","R","?","M","R","BOSS","M","?","?","M","?","E","M","R","T","$","E","E","E","E","R","BOSS","M","M","$","?","?","E","R","E","T","M","M","M","E"],"items_purchased_type":["Card","Relic","Card","Relic"],"build_version":"2020-12-22","purchased_purges":3,"victory":false,"max_hp_per_floor":[54,54,54,54,54,54,54,55,55,55,55,55,55,55,55,55,55,55,55,55,55,55,55,55,55,55,55,55,55,55,55,55,55,55,55,55,55,55,55,56,56,56,56,56,56,56,56,56],"card_choices":[{"not_picked":["animator:Genos","animator:Mikaela"],"picked":"animator:Priestess","floor":1.0},{"not_picked":["animator:Jibril","animator:Mitsuba","animator:FielNirvalen"],"picked":"SKIP","floor":4.0},{"not_picked":["animator:MetalKnight","animator:Spearman"],"picked":"animator:IzunaHatsuse","floor":6.0},{"not_picked":["animator:LizardPriest","animator:CowGirl"],"picked":"animator:Spearman","floor":8.0},{"not_picked":["animator:Verdia","animator:Jibril","animator:Cocytus"],"picked":"SKIP","floor":10.0},{"not_picked":["animator:Shigure","animator:PandorasActor","animator:Shinoa"],"picked":"SKIP","floor":14.0},{"not_picked":["animator:Albedo","animator:Shiro"],"picked":"animator:Saber","floor":16.0},{"not_picked":["animator:Vanir","animator:LizardPriest","animator:DwarfShaman"],"picked":"SKIP","floor":18.0},{"not_picked":["animator:HighElfArcher","animator:CowGirl"],"picked":"animator:Priestess","floor":21.0},{"not_picked":["animator:Shigure","animator:YunYun","animator:Sora"],"picked":"SKIP","floor":23.0},{"not_picked":["animator:DolaRiku","animator:ShinjiMatou","animator:Megumin"],"picked":"SKIP","floor":24.0},{"not_picked":["animator:Sebas","animator:Cocytus"],"picked":"animator:MumenRider+1","floor":28.0},{"not_picked":["animator:Spearman","animator:CowGirl"],"picked":"animator:DwarfShaman","floor":29.0},{"not_picked":["animator:Gilgamesh","animator:Shalltear","animator:Verdia","animator:LizardPriest"],"picked":"SKIP","floor":30.0},{"not_picked":["animator:Tet+1","animator:SakuraMatou","animator:Shalltear"],"picked":"animator:CowGirl","floor":31.0},{"not_picked":["animator:Saber","animator:Saitama","animator:Shiro"],"picked":"animator:Guren","floor":33.0},{"not_picked":["animator:Entoma","animator:Sebas","animator:Chris+1","animator:Priestess"],"picked":"SKIP","floor":35},{"not_picked":["animator:Priestess","animator:HighElfArcher","animator:DwarfShaman"],"picked":"animator:Spearman","floor":36},{"not_picked":["animator:DolaStephanie","animator:Shinoa","animator:Tatsumaki","animator:Berserker"],"picked":"SKIP","floor":39},{"not_picked":["animator:Tatsumaki","animator:Assassin+1","animator:Shalltear"],"picked":"animator:DolaStephanie","floor":40},{"not_picked":["animator:Demiurge+1","animator:SilverFang","animator:Geryuganshoop"],"picked":"animator:Wiz","floor":42},{"not_picked":["animator:LizardPriest","animator:CowGirl","animator:HighElfArcher"],"picked":"animator:DwarfShaman","floor":44},{"not_picked":["animator:LizardPriest","animator:Entoma","animator:Mitsuba","animator:Aqua"],"picked":"SKIP","floor":45},{"not_picked":["animator:HighElfArcher+1","animator:Hans","animator:Aqua","animator:LizardPriest"],"picked":"SKIP","floor":46}],"player_experience":934574,"relics_obtained":[{"floor":6.0,"key":"animator:BattleDrones"},{"floor":8.0,"key":"Oddly Smooth Stone"},{"floor":9.0,"key":"Matryoshka"},{"floor":22.0,"key":"Bronze Scales"},{"floor":22.0,"key":"HornCleat"},{"floor":23.0,"key":"Orichalcum"},{"floor":26.0,"key":"Omamori"},{"floor":26.0,"key":"animator:WornHelmet"},{"floor":28.0,"key":"WingedGreaves"},{"floor":29.0,"key":"Question Card"},{"floor":30.0,"key":"Du-Vu Doll"},{"floor":31.0,"key":"Bag of Preparation"},{"floor":40,"key":"Toy Ornithopter"},{"floor":42,"key":"Akabeko"},{"floor":43,"key":"Juzu Bracelet"}],"event_choices":[{"damage_healed":0.0,"max_hp_gain":0.0,"max_hp_loss":0.0,"gold_gain":75.0,"event_name":"World of Goop","player_choice":"Gather Gold","floor":2.0,"gold_loss":0.0,"damage_taken":11.0},{"damage_healed":0.0,"max_hp_gain":0.0,"max_hp_loss":0.0,"gold_gain":0.0,"event_name":"Liars Game","player_choice":"Ignored","floor":3.0,"gold_loss":0.0,"damage_taken":0.0},{"cards_removed":["animator:Defend"],"damage_healed":0.0,"max_hp_gain":0.0,"max_hp_loss":0.0,"gold_gain":0.0,"event_name":"Golden Wing","player_choice":"Card Removal","floor":5.0,"gold_loss":0.0,"damage_taken":7.0},{"damage_healed":0.0,"max_hp_gain":0.0,"max_hp_loss":0.0,"gold_gain":0.0,"event_name":"The Mausoleum","player_choice":"Opened","floor":19.0,"gold_loss":0.0,"damage_taken":0.0,"relics_obtained":["Charon\u0027s Ashes"],"cards_obtained":["Writhe"]},{"damage_healed":0.0,"max_hp_gain":0.0,"max_hp_loss":0.0,"gold_gain":0.0,"event_name":"The Library","player_choice":"Read","floor":20.0,"gold_loss":0.0,"damage_taken":0.0,"cards_obtained":["animator:Priestess"]},{"damage_healed":0,"gold_gain":0,"player_choice":"2 cards matched","damage_taken":0,"max_hp_gain":0,"max_hp_loss":0,"event_name":"Match and Keep!","floor":38,"gold_loss":0,"cards_obtained":["animator:ChlammyZell","animator:Strike"]}],"is_beta":false,"boss_relics":[{"not_picked":["animator:HolyGrailRelic","Ectoplasm"],"picked":"Cursed Key"},{"not_picked":["Empty Cage","Sozu"],"picked":"animator:RacePiece"}],"items_purged_floors":[11,27,37],"is_endless":false,"potions_floor_spawned":[4,6,8,18,24,30,33,39,40,45],"killed_by":"Giant Head","ascension_level":15}}