{"host":"n4fty02wqqi95laq","time":1609492607,"event":{"mods":["BaseMod","Highlight Path","Minty Spire (QoL Compilation)","Quick Restart","Rare Cards Sparkle","StSLib"],"gold_per_floor":[115,165,179,199,211,211,228,228,252,262,262,262,277,295,295,369,369,379,204,215,215,265,265,284,298,345,325,355,373,90,90,90,167,167,179,197,222,42,58,85,85,110,134,34,49,49,0,28,28,28,28,28,28,28,60,60],"floor_reached":57,"playtime":2851,"items_purged":["Strike_G","Choke"],"score":2783,"play_id":"f2c9008d-678f-4d24-8695-6e0c915b4b82","local_time":"20210101171647","is_ascension_mode":true,"campfire_choices":[{"data":"Cloak And Dagger","floor":6.0,"key":"SMITH"},{"data":"Neutralize","floor":8.0,"key":"SMITH"},{"data":"Concentrate","floor":11.0,"key":"SMITH"},{"data":"Acrobatics","floor":15.0,"key":"SMITH"},{"data":"Acrobatics","floor":23.0,"key":"SMITH"},{"data":"Accuracy","floor":32.0,"key":"SMITH"},{"data":"Calculated Gamble","floor":41.0,"key":"SMITH"},{"floor":49.0,"key":"RECALL"},{"data":"Adrenaline","floor":53.0,"key":"SMITH"}],"circlet_count":0,"master_deck":["AscendersBane","Survivor","Neutralize+1","Infinite Blades","Cloak And Dagger+1","Concentrate+1","Terror","Acrobatics+1","Calculated Gamble+1","Burst","Accuracy+1","Acrobatics+1","Footwork+1","Cloak And Dagger","Adrenaline+1","Expertise","Backflip","After Image","After Image","PiercingWail+1","Infinite Blades","Infinite Blades","Outmaneuver+1","Glass Knife","Apotheosis+1","Malaise+1","Reflex+1","Prepared+1"],"relics":["Coffee Dripper","Happy Flower","WristBlade","Pen Nib","Toxic Egg 2","Blood Vial","Pandora\u0027s Box","StoneCalendar","Art of War","Meat on the Bone","Dream Catcher","Red Mask","Vajra","Bird Faced Urn"],"acts_visited":["Exordium","TheCity","TheBeyond","TheEnding"],"potions_floor_usage":[56],"damage_taken":[{"damage":0.0,"enemies":"Jaw Worm","floor":1.0,"turns":5.0},{"damage":0.0,"enemies":"Cultist","floor":3.0,"turns":4.0},{"damage":3.0,"enemies":"2 Louse","floor":4.0,"turns":3.0},{"damage":19.0,"enemies":"Exordium Thugs","floor":5.0,"turns":6.0},{"damage":3.0,"enemies":"3 Louse","floor":7.0,"turns":4.0},{"damage":9.0,"enemies":"Lots of Slimes","floor":10.0,"turns":6.0},{"damage":9.0,"enemies":"Exordium Wildlife","floor":13.0,"turns":6.0},{"damage":1.0,"enemies":"Red Slaver","floor":14.0,"turns":3.0},{"damage":4.0,"enemies":"Hexaghost","floor":16.0,"turns":9.0},{"damage":8.0,"enemies":"Chosen","floor":18.0,"turns":5.0},{"damage":12.0,"enemies":"Shell Parasite","floor":20.0,"turns":4.0},{"damage":9.0,"enemies":"Chosen and Byrds","floor":24.0,"turns":5.0},{"damage":1.0,"enemies":"Snecko","floor":25.0,"turns":3.0},{"damage":6.0,"enemies":"Slavers","floor":28.0,"turns":6.0},{"damage":0.0,"enemies":"Snake Plant","floor":29.0,"turns":2.0},{"damage":11.0,"enemies":"Collector","floor":33.0,"turns":5.0},{"damage":0.0,"enemies":"3 Shapes","floor":35.0,"turns":4.0},{"damage":0.0,"enemies":"Orb Walker","floor":36.0,"turns":3.0},{"damage":0.0,"enemies":"Mind Bloom Boss Battle","floor":37.0,"turns":4.0},{"damage":0.0,"enemies":"Transient","floor":39.0,"turns":6.0},{"damage":0.0,"enemies":"Nemesis","floor":40.0,"turns":5.0},{"damage":3.0,"enemies":"Giant Head","floor":42.0,"turns":5.0},{"damage":0.0,"enemies":"Maw","floor":45.0,"turns":5.0},{"damage":16.0,"enemies":"Reptomancer","floor":48.0,"turns":5.0},{"damage":19.0,"enemies":"Awakened One","floor":50.0,"turns":7.0},{"damage":10.0,"enemies":"Time Eater","floor":51.0,"turns":7.0},{"damage":0.0,"enemies":"Shield and Spear","floor":55.0,"turns":5.0},{"damage":56,"enemies":"The Heart","floor":56,"turns":7}],"seed_played":"8888698881544035597","potions_obtained":[{"floor":3.0,"key":"SkillPotion"},{"floor":4.0,"key":"BlessingOfTheForge"},{"floor":7.0,"key":"SmokeBomb"},{"floor":10.0,"key":"Dexterity Potion"},{"floor":18.0,"key":"SkillPotion"},{"floor":27.0,"key":"SkillPotion"},{"floor":29.0,"key":"Poison Potion"},{"floor":33.0,"key":"Strength Potion"},{"floor":36.0,"key":"AttackPotion"},{"floor":37.0,"key":"Swift Potion"},{"floor":40.0,"key":"ColorlessPotion"}],"is_trial":false,"path_per_floor":["M","?","M","M","M","R","M","R","T","M","R","?","M","M","R","B",null,"M","$","M","?","?","R","M","M","T","?","E","M","$","T","R","B",null,"M","M","?","$","M","E","R","E","T","$","M","?","?","E","R","B","B",null,"R","$","E","B",null],"character_chosen":"THE_SILENT","items_purchased":["Accuracy","Acrobatics","Toxic Egg 2","Apotheosis+1"],"campfire_rested":0,"item_purchase_floors":[19,19,30,38],"current_hp_per_floor":[59,59,59,56,37,37,34,34,34,25,25,25,16,15,15,11,52,44,44,32,32,32,32,23,22,22,22,16,16,16,16,16,7,51,53,55,57,57,59,61,61,60,60,60,62,62,62,48,48,43,35,58,58,58,60,32],"gold":60,"neow_bonus":"BOSS_RELIC","is_daily":false,"chose_seed":false,"campfire_upgraded":8,"win_rate":0.0,"timestamp":1609492607,"path_taken":["M","?","M","?","M","R","M","R","T","M","R","?","M","M","R","BOSS","M","$","M","?","?","R","M","M","T","?","E","?","$","?","R","BOSS","M","M","?","$","M","E","R","E","T","$","M","?","?","E","R","BOSS","BOSS","R","$","E","BOSS"],"items_purchased_type":["Card","Card","Relic","Card"],"build_version":"2020-12-22","purchased_purges":2,"victory":true,"max_hp_per_floor":[66,66,66,66,66,66,66,66,66,66,66,66,66,66,66,66,66,66,66,66,66,66,66,66,66,66,66,66,66,66,66,66,66,66,66,66,66,66,66,66,66,66,66,66,66,66,66,66,66,66,66,66,66,66,66,66],"card_choices":[{"not_picked":["Dagger Spray","Poisoned Stab"],"picked":"Infinite Blades","floor":1.0},{"not_picked":["PiercingWail","Deadly Poison"],"picked":"Cloak And Dagger","floor":3.0},{"not_picked":["Flying Knee","Dodge and Roll"],"picked":"Concentrate","floor":4.0},{"not_picked":["Slice","Blur"],"picked":"Terror","floor":5.0},{"not_picked":["Cloak And Dagger","Bane","Skewer"],"picked":"SKIP","floor":7.0},{"not_picked":["Grand Finale","Flying Knee"],"picked":"Acrobatics","floor":10.0},{"not_picked":["Cloak And Dagger","Dagger Spray","Leg Sweep"],"picked":"SKIP","floor":13.0},{"not_picked":["Cloak And Dagger","Dagger Spray","Leg Sweep"],"picked":"SKIP","floor":13.0},{"not_picked":["Heel Hook","Catalyst"],"picked":"Calculated Gamble","floor":14.0},{"not_picked":["Die Die Die","Bullet Time"],"picked":"Burst","floor":16.0},{"not_picked":["Slice","Deflect","Dagger Throw"],"picked":"SKIP","floor":18.0},{"not_picked":["Deflect","Skewer+1"],"picked":"Footwork+1","floor":20.0},{"not_picked":["Masterful Stab","Backflip+1"],"picked":"Adrenaline","floor":24.0},{"not_picked":["Flechettes","Deflect","Endless Agony+1"],"picked":"SKIP","floor":25.0},{"not_picked":["Outmaneuver","Dagger Spray"],"picked":"Expertise","floor":28.0},{"not_picked":["Acrobatics","Quick Slash"],"picked":"Backflip","floor":29.0},{"not_picked":["Storm of Steel+1","Unload"],"picked":"After Image","floor":33.0},{"not_picked":["Dagger Spray","Slice","Infinite Blades"],"picked":"SKIP","floor":35.0},{"not_picked":["Catalyst+1","Deflect+1","Poisoned Stab+1"],"picked":"SKIP","floor":36.0},{"not_picked":["Dagger Spray","Distraction+1","Backstab"],"picked":"SKIP","floor":39.0},{"not_picked":["Dagger Spray","Distraction+1","Backstab"],"picked":"SKIP","floor":39.0},{"not_picked":["Flying Knee","Dagger Spray+1"],"picked":"Malaise+1","floor":40.0},{"not_picked":["Outmaneuver+1","Quick Slash","Dash"],"picked":"SKIP","floor":42.0},{"not_picked":["Deflect+1","Well Laid Plans"],"picked":"Reflex+1","floor":45.0},{"not_picked":["Masterful Stab","Deadly Poison+1"],"picked":"Prepared+1","floor":48.0},{"not_picked":["Sucker Punch","Distraction+1","Outmaneuver+1"],"picked":"SKIP","floor":55.0}],"player_experience":643599,"relics_obtained":[{"floor":9.0,"key":"Happy Flower"},{"floor":28.0,"key":"Pen Nib"},{"floor":31.0,"key":"Blood Vial"},{"floor":37.0,"key":"StoneCalendar"},{"floor":40.0,"key":"Art of War"},{"floor":42.0,"key":"Meat on the Bone"},{"floor":43.0,"key":"Dream Catcher"},{"floor":48.0,"key":"Vajra"},{"floor":55.0,"key":"Bird Faced Urn"}],"event_choices":[{"damage_healed":0.0,"max_hp_gain":0.0,"max_hp_loss":0.0,"gold_gain":50.0,"event_name":"Golden Shrine","player_choice":"Pray","floor":2.0,"gold_loss":0.0,"damage_taken":0.0},{"damage_healed":0.0,"max_hp_gain":0.0,"max_hp_loss":0.0,"gold_gain":0.0,"cards_transformed":["Strike_G"],"event_name":"Transmorgrifier","player_choice":"Transformed","floor":12.0,"gold_loss":0.0,"damage_taken":0.0,"cards_obtained":["Predator"]},{"damage_healed":0.0,"max_hp_gain":0.0,"max_hp_loss":0.0,"gold_gain":0.0,"cards_transformed":["Strike_G","Strike_G"],"event_name":"Drug Dealer","player_choice":"Became Test Subject","floor":21.0,"gold_loss":0.0,"damage_taken":0.0,"cards_obtained":["Choke","Cloak And Dagger"]},{"damage_healed":0.0,"max_hp_gain":0.0,"max_hp_loss":0.0,"gold_gain":50.0,"event_name":"Nest","player_choice":"Stole From Cult","floor":22.0,"gold_loss":0.0,"damage_taken":0.0},{"damage_healed":0.0,"max_hp_gain":0.0,"max_hp_loss":0.0,"gold_gain":0.0,"event_name":"The Woman in Blue","player_choice":"Bought 1 Potion","floor":27.0,"gold_loss":0.0,"damage_taken":0.0},{"damage_healed":0.0,"max_hp_gain":0.0,"max_hp_loss":0.0,"gold_gain":0.0,"event_name":"MindBloom","player_choice":"Fight","floor":37.0,"gold_loss":0.0,"damage_taken":0.0},{"cards_removed":["Predator"],"damage_healed":0.0,"max_hp_gain":0.0,"max_hp_loss":0.0,"gold_gain":0.0,"event_name":"Falling","player_choice":"Removed Attack","floor":46.0,"gold_loss":0.0,"damage_taken":0.0},{"damage_healed":0.0,"max_hp_gain":0.0,"max_hp_loss":0.0,"gold_gain":0.0,"event_name":"Tomb of Lord Red Mask","player_choice":"Paid","floor":47.0,"gold_loss":49.0,"damage_taken":0.0,"relics_obtained":["Red Mask"]}],"is_beta":false,"boss_relics":[{"not_picked":["Tiny House","Calling Bell"],"picked":"WristBlade"},{"not_picked":["HoveringKite","Runic Dome"],"picked":"Pandora\u0027s Box"}],"items_purged_floors":[19,44],"is_endless":false,"potions_floor_spawned":[3,4,7,10,18,29,33,36,37,39,40,48],"ascension_level":20}}