{"host":"dh4nu8nelr2izibb","time":1609464890,"event":{"mods":["Act Like it!","BaseMod","Better Third Choice","Card Forge","Curses Come First","Displayed Cursed Tome","Evolution","HololiveMod","Marisa????????","Minty Spire (QoL Compilation)","Puzzle Mod","Quick Restart","Relic Filter","StSLib","The Marked","The Poker Player","The Servant 0.9.4","WarShipGirlsR/????R mod","Yakumo Yukari mod"],"gold_per_floor":[119,137,155,173,192,192,220,234,287,67,78,78,78,78,78,173,173,189,239,260,278,278,278,311,324,370,406,242,256,290,316,316,415,415,439,459,439,149,167,167,201,232,232,273,273,273,100,131,131,131,131,131],"floor_reached":51,"playtime":1544,"items_purged":[],"score":1640,"play_id":"bb1c0946-c04c-474d-8626-b52645c8ed36","local_time":"20201231203450","is_ascension_mode":true,"campfire_choices":[{"data":"Neutralize","floor":6.0,"key":"SMITH"},{"data":"Cloak And Dagger","floor":15.0,"key":"SMITH"},{"data":"Glass Knife","floor":23.0,"key":"SMITH"},{"data":"Accuracy","floor":32.0,"key":"SMITH"},{"data":"A Thousand Cuts","floor":40.0,"key":"SMITH"},{"data":"Envenom","floor":45.0,"key":"SMITH"},{"data":"After Image","floor":49.0,"key":"SMITH"}],"circlet_count":0,"master_deck":["AscendersBane","Quick Slash","Quick Slash","Quick Slash","Defend_G","Defend_G","Defend_G","Defend_G","Survivor","Neutralize+1","Sucker Punch+1","Blade Dance","Accuracy+1","All Out Attack","Prepared","PiercingWail","Finisher","Panache","Cloak And Dagger+1","Backflip","Glass Knife+1","Cloak And Dagger+1","Acrobatics","Terror+1","After Image+1","Acrobatics","Envenom+1","A Thousand Cuts+1","Leg Sweep","Envenom+1"],"relics":["Ring of the Snake","Hammer of Thor","Seething Fire","Anvil of the Gods","EVO:Axolotl","PreservedInsect","Oddly Smooth Stone","Golden Idol","Coffee Dripper","Mercury Hourglass","Hololive_LightStick","Toy Ornithopter","ClockworkSouvenir","Vajra","Omamori","Philosopher\u0027s Stone","Happy Flower","Bird Faced Urn","Meat on the Bone","HornCleat","DollysMirror","Pear"],"acts_visited":["Exordium","TheCity","TheBeyond"],"potions_floor_usage":[51,51],"damage_taken":[{"damage":0.0,"enemies":"Cultist","floor":1.0,"turns":3.0},{"damage":0.0,"enemies":"2 Louse","floor":2.0,"turns":3.0},{"damage":1.0,"enemies":"Jaw Worm","floor":3.0,"turns":3.0},{"damage":0.0,"enemies":"2 Fungi Beasts","floor":4.0,"turns":3.0},{"damage":2.0,"enemies":"Red Slaver","floor":5.0,"turns":3.0},{"damage":5.0,"enemies":"Gremlin Nob","floor":7.0,"turns":3.0},{"damage":0.0,"enemies":"Exordium Wildlife","floor":8.0,"turns":2.0},{"damage":1.0,"enemies":"Gremlin Gang","floor":11.0,"turns":3.0},{"damage":8.0,"enemies":"The Guardian","floor":16.0,"turns":12.0},{"damage":7.0,"enemies":"2 Thieves","floor":18.0,"turns":3.0},{"damage":0.0,"enemies":"Chosen","floor":20.0,"turns":2.0},{"damage":0.0,"enemies":"Snake Plant","floor":21.0,"turns":2.0},{"damage":15.0,"enemies":"Gremlin Leader","floor":24.0,"turns":4.0},{"damage":0.0,"enemies":"3 Cultists","floor":25.0,"turns":3.0},{"damage":0.0,"enemies":"Book of Stabbing","floor":27.0,"turns":3.0},{"damage":0.0,"enemies":"Shelled Parasite and Fungi","floor":29.0,"turns":2.0},{"damage":0.0,"enemies":"Gremlin Leader","floor":30.0,"turns":3.0},{"damage":21.0,"enemies":"Champ","floor":33.0,"turns":8.0},{"damage":0.0,"enemies":"3 Shapes","floor":35.0,"turns":3.0},{"damage":0.0,"enemies":"Orb Walker","floor":36.0,"turns":2.0},{"damage":0.0,"enemies":"Maw","floor":39.0,"turns":5.0},{"damage":12.0,"enemies":"Reptomancer","floor":41.0,"turns":4.0},{"damage":0.0,"enemies":"Mind Bloom Boss Battle","floor":42.0,"turns":2.0},{"damage":21.0,"enemies":"Nemesis","floor":44.0,"turns":5.0},{"damage":0.0,"enemies":"Reptomancer","floor":48.0,"turns":3.0},{"damage":22.0,"enemies":"Donu and Deca","floor":50.0,"turns":8.0},{"damage":0,"enemies":"Awakened One","floor":51,"turns":2}],"seed_played":"-8076192955394920558","potions_obtained":[{"floor":2.0,"key":"Strength Potion"},{"floor":4.0,"key":"Fire Potion"},{"floor":8.0,"key":"AttackPotion"},{"floor":16.0,"key":"SteroidPotion"},{"floor":24.0,"key":"LiquidMemories"},{"floor":25.0,"key":"CunningPotion"},{"floor":29.0,"key":"LiquidMemories"},{"floor":30.0,"key":"Weak Potion"},{"floor":33.0,"key":"Poison Potion"},{"floor":39.0,"key":"Dexterity Potion"}],"is_trial":false,"path_per_floor":["M","M","M","M","M","R","E","M","T","$","M","?","?","?","R","B",null,"M","?","M","M","?","R","E","M","T","E","$","M","E","T","R","B",null,"M","M","?","$","M","R","E","?","T","E","R","?","$","E","R","B","B"],"character_chosen":"THE_SILENT","items_purchased":["Panache","Cloak And Dagger","ClockworkSouvenir","A Thousand Cuts","Leg Sweep","Strength Potion","DollysMirror"],"campfire_rested":0,"item_purchase_floors":[10,10,28,38,38,38,47],"current_hp_per_floor":[65,65,64,64,62,62,57,57,57,57,56,31,31,31,31,23,60,53,53,53,53,53,53,38,38,38,38,38,43,43,43,43,27,61,61,61,61,61,61,61,49,49,49,48,48,48,48,66,66,56,70,70],"gold":131,"neow_bonus":"TEN_PERCENT_HP_BONUS","is_daily":false,"chose_seed":false,"campfire_upgraded":7,"win_rate":0.0,"timestamp":1609464890,"path_taken":["M","M","M","M","M","R","E","M","T","$","M","?","?","?","R","BOSS","M","?","M","?","?","R","E","M","T","E","$","M","E","?","R","BOSS","M","?","?","$","?","R","E","?","T","E","R","?","$","E","R","BOSS","BOSS"],"items_purchased_type":["Card","Card","Relic","Card","Card","Potion","Relic"],"build_version":"2020-12-22","purchased_purges":0,"victory":false,"max_hp_per_floor":[72,72,72,72,72,72,72,72,72,72,72,72,72,72,72,72,72,72,72,72,72,72,72,72,72,72,72,72,72,72,72,72,72,72,72,72,72,72,72,72,72,72,72,72,72,72,72,82,82,82,82,82],"card_choices":[{"not_picked":["Backflip","Backstab"],"picked":"Sucker Punch","floor":1.0},{"not_picked":["Dagger Throw","Underhanded Strike"],"picked":"Blade Dance","floor":2.0},{"not_picked":["Prepared","Concentrate"],"picked":"Accuracy","floor":3.0},{"not_picked":["Backflip","Poisoned Stab"],"picked":"All Out Attack","floor":4.0},{"not_picked":["Unload","Masterful Stab"],"picked":"Prepared","floor":5.0},{"not_picked":["Accuracy","Poisoned Stab"],"picked":"PiercingWail","floor":7.0},{"not_picked":["Flying Knee","Quick Slash"],"picked":"Finisher","floor":8.0},{"not_picked":["Reflex","Eviscerate"],"picked":"Backflip","floor":11.0},{"not_picked":["Tools of the Trade","Night Terror"],"picked":"Glass Knife","floor":16.0},{"not_picked":["Flying Knee","Prepared"],"picked":"Cloak And Dagger","floor":18.0},{"not_picked":["Caltrops","Reflex"],"picked":"Acrobatics","floor":20.0},{"not_picked":["Blade Dance","Quick Slash"],"picked":"Terror","floor":21.0},{"not_picked":["Quick Slash","Acrobatics","Dodge and Roll"],"picked":"SKIP","floor":24.0},{"not_picked":["Setup","Deadly Poison","Choke"],"picked":"SKIP","floor":25.0},{"not_picked":["Deadly Poison+1","Glass Knife","Dagger Throw"],"picked":"SKIP","floor":27.0},{"not_picked":["Accuracy","Backstab","Sucker Punch"],"picked":"SKIP","floor":29.0},{"not_picked":["Prepared","Storm of Steel","Crippling Poison"],"picked":"SKIP","floor":30.0},{"not_picked":["Malaise","Tools of the Trade"],"picked":"After Image","floor":33.0},{"not_picked":["Outmaneuver","Well Laid Plans"],"picked":"Acrobatics","floor":35.0},{"not_picked":["Bouncing Flask","Choke","Flechettes"],"picked":"SKIP","floor":36.0},{"not_picked":[],"picked":"Envenom","floor":37.0},{"not_picked":["Dodge and Roll","Crippling Poison","Poisoned Stab"],"picked":"SKIP","floor":39.0},{"not_picked":["Underhanded Strike","Bouncing Flask","Flying Knee"],"picked":"SKIP","floor":41.0},{"not_picked":["Deadly Poison","Riddle With Holes","All Out Attack"],"picked":"SKIP","floor":44.0},{"not_picked":["Quick Slash+1","Dodge and Roll","Outmaneuver+1"],"picked":"SKIP","floor":48.0}],"player_experience":1134101,"relics_obtained":[{"floor":7.0,"key":"PreservedInsect"},{"floor":9.0,"key":"Oddly Smooth Stone"},{"floor":24.0,"key":"Mercury Hourglass"},{"floor":26.0,"key":"Hololive_LightStick"},{"floor":27.0,"key":"Toy Ornithopter"},{"floor":30.0,"key":"Vajra"},{"floor":31.0,"key":"Omamori"},{"floor":41.0,"key":"Happy Flower"},{"floor":42.0,"key":"Bird Faced Urn"},{"floor":43.0,"key":"Meat on the Bone"},{"floor":44.0,"key":"HornCleat"},{"floor":48.0,"key":"Pear"}],"event_choices":[{"damage_healed":0.0,"max_hp_gain":0.0,"max_hp_loss":0.0,"gold_gain":0.0,"event_name":"Golden Idol","player_choice":"Take Damage","floor":12.0,"gold_loss":0.0,"damage_taken":25.0,"relics_obtained":["Golden Idol"]},{"damage_healed":0.0,"max_hp_gain":0.0,"max_hp_loss":0.0,"gold_gain":0.0,"event_name":"betterThird:BetterScrap","player_choice":"LEAVE","floor":13.0,"gold_loss":0.0,"damage_taken":0.0,"cards_obtained":["Reboot"]},{"damage_healed":0.0,"max_hp_gain":0.0,"max_hp_loss":0.0,"gold_gain":0.0,"event_name":"betterThird:BetterSerpent","player_choice":"Ignored","floor":14.0,"gold_loss":0.0,"damage_taken":78.0},{"damage_healed":0.0,"max_hp_gain":0.0,"max_hp_loss":0.0,"gold_gain":50.0,"event_name":"Golden Shrine","player_choice":"Pray","floor":19.0,"gold_loss":0.0,"damage_taken":0.0},{"cards_removed":["Strike_G"],"damage_healed":0.0,"max_hp_gain":0.0,"max_hp_loss":0.0,"gold_gain":0.0,"event_name":"betterThird:BetterWriting","player_choice":"Elegance","floor":22.0,"gold_loss":0.0,"damage_taken":0.0},{"damage_healed":0.0,"max_hp_gain":0.0,"max_hp_loss":0.0,"gold_gain":0.0,"event_name":"MindBloom","player_choice":"Fight","floor":42.0,"gold_loss":0.0,"damage_taken":0.0},{"damage_healed":0.0,"max_hp_gain":0.0,"max_hp_loss":0.0,"gold_gain":0.0,"event_name":"The Moai Head","player_choice":"Ignored","floor":46.0,"gold_loss":0.0,"damage_taken":0.0}],"is_beta":false,"boss_relics":[{"not_picked":["Runic Pyramid","Snecko Eye"],"picked":"Coffee Dripper"},{"not_picked":["Calling Bell","Busted Crown"],"picked":"Philosopher\u0027s Stone"}],"items_purged_floors":[],"is_endless":false,"potions_floor_spawned":[2,4,5,8,16,18,24,25,29,30,33,39,41,42],"killed_by":"Awakened One","ascension_level":20}}