{"host":"ssbj2e5691x5ub3h","time":1609465436,"event":{"mods":["BaseMod","Duelist Mod","Minty Spire (QoL Compilation)","StSLib"],"gold_per_floor":[136,136,156,171,171,205,205,223,223,223,237,254,277,201,201,274,274,286,298,308,324,99,131,131,161,161,161,211,211,244,305,305,408,408,454,454,477,477,492,492,431,483,509,509,270,270,294,252,252,252],"floor_reached":51,"playtime":2574,"items_purged":[],"score":1417,"play_id":"987c1cba-a8e3-42bf-bb18-2331c72a5536","local_time":"20201231234356","is_ascension_mode":true,"campfire_choices":[{"data":"theDuelist:InvitationDarkSleep","floor":7,"key":"SMITH"},{"data":"theDuelist:InjectionFairy","floor":10,"key":"SMITH"},{"data":"theDuelist:InfernoFireBlast","floor":15,"key":"SMITH"},{"floor":24,"key":"REST"},{"floor":32,"key":"REST"},{"data":"theDuelist:RainbowMagician","floor":40,"key":"SMITH"},{"data":"theDuelist:InariFire","floor":49,"key":"SMITH"}],"circlet_count":0,"master_deck":["AscendersBane","theDuelist:CastleWalls","theDuelist:DarkMagician","theDuelist:MysticalElf","theDuelist:MysticalElf","theDuelist:NeoMagic","theDuelist:NeoMagic","theDuelist:Sparks","theDuelist:Sparks","theDuelist:IcyCrevasse","theDuelist:DarkMagician","theDuelist:InjectionFairy+1","theDuelist:InvitationDarkSleep+1","theDuelist:BlizzardPrincess","theDuelist:FairyBox","theDuelist:InfernoFireBlast+1","theDuelist:RainbowMagician+1","theDuelist:InjectionFairy+1","theDuelist:ApprenticeIllusionMagician","theDuelist:WitchBlackRose+1","theDuelist:IrisEarthMother+1","theDuelist:BlueDragonSummoner+1","theDuelist:AncientElf+1","theDuelist:DarkHorizon+1","theDuelist:InariFire+1","theDuelist:GateGuardian+1","theDuelist:IceQueen+1","CurseOfTheBell","theDuelist:ThousandEyesRestrict+1","theDuelist:SpiritHarp+1","theDuelist:PowerKaishin+1","theDuelist:FrontierWiseman+1","theDuelist:WhiteMagicalHat+1","theDuelist:LegendaryFlameLord+1","theDuelist:FrontierWiseman+1","theDuelist:BlueDragonSummoner+1","theDuelist:ThousandEyesIdol+1"],"relics":["theDuelist:MillenniumPuzzle","theDuelist:CardPoolRelic","theDuelist:CardPoolBasicRelic","theDuelist:BoosterPackPoolRelic","theDuelist:CardPoolAddRelic","theDuelist:CardPoolMinusRelic","theDuelist:CardPoolSaveRelic","theDuelist:CardPoolOptionsRelic","theDuelist:CursedHealer","Letter Opener","Toxic Egg 2","theDuelist:DuelistTeaSet","Snecko Eye","theDuelist:SpellcasterOrb","Molten Egg 2","theDuelist:KaibaToken","theDuelist:DuelistUrn","Anchor","Calling Bell","Blood Vial","theDuelist:MillenniumRing","Prayer Wheel","Lantern","Art of War","theDuelist:MillenniumRod"],"acts_visited":["Exordium","TheCity","TheBeyond"],"potions_floor_usage":[16,23,25,42],"damage_taken":[{"damage":2,"enemies":"Cultist","floor":1,"turns":4},{"damage":0,"enemies":"2 Louse","floor":3,"turns":3},{"damage":0,"enemies":"Small Slimes","floor":4,"turns":4},{"damage":3,"enemies":"Lagavulin","floor":6,"turns":9},{"damage":3,"enemies":"3 Louse","floor":8,"turns":3},{"damage":0,"enemies":"2 Fungi Beasts","floor":11,"turns":4},{"damage":6,"enemies":"Exordium Wildlife","floor":12,"turns":5},{"damage":20,"enemies":"Slime Boss","floor":16,"turns":8},{"damage":2,"enemies":"2 Thieves","floor":18,"turns":4},{"damage":0,"enemies":"Shell Parasite","floor":19,"turns":7},{"damage":12,"enemies":"3 Cultists","floor":20,"turns":7},{"damage":0,"enemies":"Snecko","floor":21,"turns":6},{"damage":33,"enemies":"Gremlin Leader","floor":23,"turns":5},{"damage":7,"enemies":"Book of Stabbing","floor":25,"turns":4},{"damage":17,"enemies":"Centurion and Healer","floor":30,"turns":6},{"damage":49,"enemies":"Gremlin Leader","floor":31,"turns":8},{"damage":28,"enemies":"Automaton","floor":33,"turns":8},{"damage":0,"enemies":"3 Shapes","floor":35,"turns":3},{"damage":14,"enemies":"Orb Walker","floor":37,"turns":3},{"damage":13,"enemies":"Spire Growth","floor":39,"turns":6},{"damage":16,"enemies":"Reptomancer","floor":42,"turns":5},{"damage":0,"enemies":"3 Darklings","floor":47,"turns":3},{"damage":4,"enemies":"Awakened One","floor":50,"turns":7}],"seed_played":"6834129329677540440","potions_obtained":[{"floor":6,"key":"theDuelist:WhiteBottle"},{"floor":11,"key":"theDuelist:VampireVial"},{"floor":16,"key":"theDuelist:CoolBottle"},{"floor":23,"key":"FocusPotion"},{"floor":31,"key":"FearPotion"}],"is_trial":false,"path_per_floor":["M","?","M","M","?","E","R","M","T","R","M","M","T","$","R","B",null,"M","M","M","M","$","E","R","E","T","?","?","?","M","E","R","B",null,"M","$","M","?","M","R","$","E","T","?","$","?","M","$","R","B",null],"character_chosen":"THE_DUELIST","items_purchased":["theDuelist:InfernoFireBlast","theDuelist:SpellcasterOrb","theDuelist:BlueDragonSummoner+1","theDuelist:FrontierWiseman+1","theDuelist:WhiteMagicalHat+1","theDuelist:MillenniumRod","theDuelist:FrontierWiseman+1","theDuelist:ThousandEyesIdol+1"],"campfire_rested":2,"item_purchase_floors":[14,22,22,41,41,45,45,48],"current_hp_per_floor":[68,68,68,72,77,77,77,76,76,76,77,77,77,77,77,67,75,77,77,70,77,77,49,72,77,77,77,77,77,77,40,63,39,68,76,76,63,63,56,56,56,56,56,56,56,56,68,68,68,73],"gold":252,"neow_bonus":"TEN_PERCENT_HP_BONUS","is_daily":false,"chose_seed":false,"campfire_upgraded":5,"win_rate":0.0,"timestamp":1609465436,"path_taken":["M","?","M","?","?","E","R","?","T","R","M","M","?","$","R","BOSS","M","?","M","M","?","E","R","E","T","?","?","?","M","E","R","BOSS","M","$","M","?","?","R","?","E","T","?","?","?","M","$","R","BOSS"],"items_purchased_type":["Card","Relic","Card","Card","Card","Relic","Card","Card"],"build_version":"2020-12-22","purchased_purges":0,"victory":true,"max_hp_per_floor":[77,77,77,77,77,77,77,77,77,77,77,77,77,77,77,77,77,77,77,77,77,77,77,77,77,77,77,77,77,77,77,77,77,77,77,77,77,77,77,77,77,77,77,77,77,73,73,73,73,73],"card_choices":[{"not_picked":["theDuelist:DarkHorizon","theDuelist:FairyBox","theDuelist:WhiteHowling","theDuelist:StatueAnguishPattern"],"picked":"theDuelist:IcyCrevasse","floor":1},{"not_picked":["theDuelist:SpellShatteringArrow","theDuelist:BlizzardWarrior","theDuelist:NeoMagic","theDuelist:FogKing"],"picked":"theDuelist:InjectionFairy","floor":3},{"not_picked":["theDuelist:GuardianAngel","theDuelist:FairyBox","theDuelist:ApprenticeIllusionMagician","theDuelist:VoidExpansion"],"picked":"theDuelist:InvitationDarkSleep","floor":4},{"not_picked":["theDuelist:DarkMagicianGirl","theDuelist:CrystalWingDragon","theDuelist:InariFire","theDuelist:DoomShaman"],"picked":"theDuelist:BlizzardPrincess","floor":6},{"not_picked":["theDuelist:OnslaughtFireKings","theDuelist:FlyingSaucer","theDuelist:WhiteMagicalHat","theDuelist:BlueDragonSummoner"],"picked":"theDuelist:FairyBox","floor":8},{"not_picked":["theDuelist:VoidExpansion","theDuelist:WonderWand","theDuelist:IcyCrevasse+1"],"picked":"SKIP","floor":11},{"not_picked":["theDuelist:SilentDoom","theDuelist:InfernoFireBlast","theDuelist:DiffusionWaveMotion+1","theDuelist:CallAtlanteans+1","theDuelist:VoidExpansion"],"picked":"SKIP","floor":12},{"not_picked":["theDuelist:IrisEarthMother+1","theDuelist:GrandSpellbookTower+1","theDuelist:SwordsRevealing+1","theDuelist:GateGuardian"],"picked":"theDuelist:RainbowMagician","floor":16},{"not_picked":["theDuelist:SpellShatteringArrow","theDuelist:SangaThunder","theDuelist:DarkMagician","theDuelist:MythicalBeast"],"picked":"theDuelist:InjectionFairy+1","floor":18},{"not_picked":["theDuelist:CharcoalInpachi+1","theDuelist:Wildfire+1","theDuelist:SilentDoom+1","theDuelist:InfernoFireBlast+1"],"picked":"theDuelist:ApprenticeIllusionMagician","floor":19},{"not_picked":["theDuelist:ApprenticeIllusionMagician","theDuelist:InvitationDarkSleep+1","theDuelist:SkilledDarkMagician","theDuelist:CrystalWingDragon+1"],"picked":"theDuelist:WitchBlackRose+1","floor":20},{"not_picked":["theDuelist:RainbowDarkDragon+1","theDuelist:RainbowMagician","theDuelist:QueenDragunDjinn+1"],"picked":"theDuelist:IrisEarthMother+1","floor":21},{"not_picked":["theDuelist:DarkMagician+1","theDuelist:MysticalElf+1","theDuelist:SpellShatteringArrow+1","theDuelist:AltarTribute+1"],"picked":"theDuelist:AncientElf+1","floor":23},{"not_picked":["theDuelist:InjectionFairy+1","theDuelist:AncientElf+1","theDuelist:FlyingSaucer+1","theDuelist:DarkMagician+1"],"picked":"theDuelist:DarkHorizon+1","floor":25},{"not_picked":["theDuelist:MagiciansRod","theDuelist:GoblinSecret","theDuelist:WonderWand+1"],"picked":"theDuelist:InariFire","floor":30},{"not_picked":["theDuelist:IrisEarthMother+1","theDuelist:GrandSpellbookTower+1","theDuelist:SwordsRevealing+1","theDuelist:DarkPaladin+1"],"picked":"theDuelist:GateGuardian+1","floor":31},{"not_picked":["theDuelist:QueenDragunDjinn+1","theDuelist:VoidVanishment+1","theDuelist:GrandSpellbookTower+1","theDuelist:GateGuardian+1"],"picked":"theDuelist:IceQueen+1","floor":33},{"not_picked":["theDuelist:GateGuardian+1","theDuelist:MindAir","theDuelist:ApprenticeIllusionMagician+1","theDuelist:QueenDragunDjinn+1"],"picked":"theDuelist:ThousandEyesRestrict+1","floor":35},{"not_picked":["theDuelist:SpellShatteringArrow+1","theDuelist:InjectionFairy+1","theDuelist:MythicalBeast+1","theDuelist:GuardianAngel+1","theDuelist:DarkMagician+1"],"picked":"SKIP","floor":35},{"not_picked":["theDuelist:DarkMagician+1","theDuelist:ThousandEyesIdol+1","theDuelist:CallAtlanteans+1","theDuelist:SpellShatteringArrow+1"],"picked":"theDuelist:SpiritHarp+1","floor":37},{"not_picked":["theDuelist:SilentDoom+1","theDuelist:InfernoFireBlast+1","theDuelist:OnslaughtFireKings+1","theDuelist:CallAtlanteans+1","theDuelist:MagicalBlast+1"],"picked":"SKIP","floor":37},{"not_picked":["theDuelist:InjectionFairy+1","theDuelist:OnslaughtFireKings+1","theDuelist:Illusionist+1","theDuelist:CallAtlanteans+1"],"picked":"theDuelist:PowerKaishin+1","floor":39},{"not_picked":["theDuelist:CrystalWingDragon+1","theDuelist:RainbowDarkDragon+1","theDuelist:IrisEarthMother+1","theDuelist:RainbowMagician+1","theDuelist:QueenDragunDjinn+1"],"picked":"SKIP","floor":39},{"not_picked":["theDuelist:MindAir","theDuelist:TimeWizard+1","theDuelist:InvitationDarkSleep+1","theDuelist:GuardianAngel+1"],"picked":"theDuelist:LegendaryFlameLord+1","floor":42},{"not_picked":["theDuelist:SangaThunder+1","theDuelist:DarkMagicianGirl+1","theDuelist:MysticalElf+1","theDuelist:CharcoalInpachi+1"],"picked":"theDuelist:BlueDragonSummoner+1","floor":47},{"not_picked":["theDuelist:CharcoalInpachi+1","theDuelist:SilentDoom+1","theDuelist:InfernoFireBlast+2","theDuelist:ApprenticeIllusionMagician+1","theDuelist:Wildfire+1"],"picked":"SKIP","floor":47}],"player_experience":298051,"relics_obtained":[{"floor":6,"key":"Letter Opener"},{"floor":9,"key":"Toxic Egg 2"},{"floor":13,"key":"theDuelist:DuelistTeaSet"},{"floor":23,"key":"Molten Egg 2"},{"floor":25,"key":"theDuelist:KaibaToken"},{"floor":26,"key":"theDuelist:DuelistUrn"},{"floor":31,"key":"Anchor"},{"floor":34,"key":"Blood Vial"},{"floor":34,"key":"theDuelist:MillenniumRing"},{"floor":34,"key":"Prayer Wheel"},{"floor":42,"key":"Lantern"},{"floor":43,"key":"Art of War"}],"event_choices":[{"damage_healed":0,"gold_gain":0,"cards_transformed":["theDuelist:Sparks"],"player_choice":"Transformed","damage_taken":0,"max_hp_gain":0,"max_hp_loss":0,"event_name":"Transmorgrifier","floor":2,"gold_loss":0,"cards_obtained":["theDuelist:DarkMagician"]},{"damage_healed":0,"gold_gain":0,"player_choice":"Succumb - +25HP/Cursed Relic","duelist":true,"damage_taken":0,"max_hp_gain":0,"max_hp_loss":0,"event_name":"Tomb of the Nameless","floor":5,"gold_loss":0},{"cards_removed":["theDuelist:CastleWalls"],"damage_healed":0,"gold_gain":0,"player_choice":"Elegance","damage_taken":0,"max_hp_gain":0,"max_hp_loss":0,"event_name":"Back to Basics","floor":27,"gold_loss":0},{"damage_healed":0,"gold_gain":50,"player_choice":"Stole From Cult","damage_taken":0,"max_hp_gain":0,"max_hp_loss":0,"event_name":"Nest","floor":28,"gold_loss":0},{"damage_healed":0,"gold_gain":0,"player_choice":"Ignored","damage_taken":0,"max_hp_gain":0,"max_hp_loss":0,"event_name":"The Mausoleum","floor":29,"gold_loss":0},{"damage_healed":0,"gold_gain":0,"player_choice":"Ignored","damage_taken":0,"max_hp_gain":0,"max_hp_loss":0,"event_name":"SecretPortal","floor":38,"gold_loss":0},{"damage_healed":0,"gold_gain":0,"player_choice":"Leave","duelist":true,"damage_taken":0,"max_hp_gain":0,"max_hp_loss":0,"event_name":"Relic Duplicator","floor":44,"gold_loss":0},{"damage_healed":0,"gold_gain":0,"player_choice":"Max HP","damage_taken":0,"max_hp_gain":0,"max_hp_loss":4,"event_name":"Winding Halls","floor":46,"gold_loss":0}],"is_beta":false,"boss_relics":[{"not_picked":["Tiny House","Astrolabe"],"picked":"Snecko Eye"},{"not_picked":["Empty Cage","theDuelist:ElectricKey"],"picked":"Calling Bell"}],"items_purged_floors":[],"is_endless":false,"potions_floor_spawned":[6,11,16,19,20,23,31,39],"ascension_level":17}}