{"host":"3c27c697js19kaoo","time":1609491244,"event":{"mods":["ATMod(°¢èªMod)","Aspiration","BaseMod","CapriCore","Dota2Spire","Hermit","Lobotomy","Minty Spire (QoL Compilation)","Quick Restart","Replay The Spire","Robot Space Explorer","RumiaBox-Â¶Ã×æ«µÄÉñÃØºÐ×Ó","Spicy Shops","StSLib","The Alterego","The Cursed","The Runesmith","The Servant 0.9.4","vexMod","¡¾¹¦ÄÜMod¡¿»ìãçÖ®»·ÐÞ¸´²¹¶¡","¡¾ÒÅÎï¿¨ÅÆ¡¿REMEMod"],"gold_per_floor":[269,344,344,58,77,77,108,124,172,46,46,61,61,61,61,190,190,210,224,51,51,64,100,123,123,176,201,222,222,241,12,12,131,131,152,177,192,216,216,251,275,299,352,242,263,263,307,330,330,330],"floor_reached":51,"playtime":2071,"items_purged":[],"score":931,"play_id":"d3a6e1cb-3ebc-4330-8c38-16929e50b1b7","local_time":"20210101165404","is_ascension_mode":false,"campfire_choices":[{"data":"Blade Dance","floor":6,"key":"SMITH"},{"data":"Distraction","floor":15,"key":"SMITH"},{"floor":25,"key":"REST"},{"data":"ReplayTheSpireMod:Scrap Shanks","floor":32,"key":"SMITH"},{"data":"AT_EssenceShift","floor":46,"key":"SMITH"},{"data":"AT_WomanClash","floor":49,"key":"SMITH"}],"circlet_count":0,"master_deck":["Defend_G","Defend_G","Defend_G","Defend_G","Defend_G","Survivor","Neutralize","AT_DarkMatter","Master of Strategy","Distraction+1","Blade Dance+1","Footwork","Blade Dance","Bullet Time","Quick Slash","Acrobatics+1","Endless Agony","Bite","Bite","Bite","Bite","Bite","ReplayTheSpireMod:Scrap Shanks+1","Poisoned Stab","ReplayTheSpireMod:The Works","Die Die Die","AT_ArcaneSupremacy+1","Blade Dance+1","Bane+1","Blind","AT_EssenceShift+1","AT_Desolate","AT_WomanClash+1"],"relics":["Ring of the Snake","REME_ComplimentaryCards","AT_ATBox","Dota2Spire:Butterfly","Meat on the Bone","vexMod:MemoryStick","aspiration:FetidBarrel","Snake Skull","Golden Idol","Ornamental Fan","Ring of Chaos","Membership Card","ReplayTheSpireMod:Lightbulb","Dream Catcher","Replay:Ringing Soul","aspiration:Nostalgia","hermit:Momento","Black Star","PreservedInsect","ReplayTheSpireMod:TigerMarble","MagicDraw4","Happy Flower","Dota2Spire:BladeMail","GodSword7","Tough Bandages"],"acts_visited":["Exordium","TheCity","TheBeyond"],"potions_floor_usage":[22,33,33,38,42,50,51,51],"damage_taken":[{"damage":2,"enemies":"Small Slimes","floor":1,"turns":4},{"damage":1,"enemies":"Jaw Worm","floor":5,"turns":4},{"damage":38,"enemies":"Gremlin Nob","floor":7,"turns":6},{"damage":0,"enemies":"2 Louse","floor":8,"turns":1},{"damage":0,"enemies":"Large Slime","floor":12,"turns":6},{"damage":0,"enemies":"Hexaghost","floor":16,"turns":5},{"damage":0,"enemies":"3 Byrds","floor":18,"turns":1},{"damage":0,"enemies":"Shell Parasite","floor":19,"turns":3},{"damage":0,"enemies":"Centurion and Healer","floor":22,"turns":3},{"damage":18,"enemies":"Slavers","floor":23,"turns":3},{"damage":0,"enemies":"Chosen and Byrds","floor":24,"turns":2},{"damage":7,"enemies":"Snake Plant","floor":27,"turns":3},{"damage":4,"enemies":"Snecko","floor":28,"turns":3},{"damage":0,"enemies":"Sentry and Sphere","floor":30,"turns":3},{"damage":51,"enemies":"Automaton","floor":33,"turns":7},{"damage":9,"enemies":"3 Shapes","floor":35,"turns":3},{"damage":0,"enemies":"3 Darklings","floor":37,"turns":2},{"damage":0,"enemies":"4 Shapes","floor":38,"turns":2},{"damage":12,"enemies":"Reptomancer","floor":40,"turns":3},{"damage":0,"enemies":"Sphere and 2 Shapes","floor":41,"turns":3},{"damage":4,"enemies":"Maw","floor":42,"turns":5},{"damage":12,"enemies":"4 Shapes","floor":45,"turns":2},{"damage":2,"enemies":"R_Hoarder","floor":47,"turns":4},{"damage":8,"enemies":"Spire Growth","floor":48,"turns":2},{"damage":32,"enemies":"Awakened One","floor":50,"turns":6},{"damage":46,"enemies":"Malkuth","floor":51,"turns":7}],"seed_played":"6346353577887769877","potions_obtained":[{"floor":7,"key":"Fire Potion"},{"floor":12,"key":"SteroidPotion"},{"floor":19,"key":"Poison Potion"},{"floor":24,"key":"Toxic Potion"},{"floor":28,"key":"Adrenaline Potion"},{"floor":37,"key":"Explosive Potion"},{"floor":38,"key":"Doom Potion"},{"floor":40,"key":"Dexterity Potion"},{"floor":41,"key":"ColorlessPotion"},{"floor":42,"key":"LiquidBronze"},{"floor":48,"key":"PowerPotion"}],"is_trial":false,"path_per_floor":["M","?","?","$","M","R","E","M","T","$","T","M","?","?","R","B",null,"M","M","$","?","M","E","M","R","T","M","M","?","M","$","R","B",null,"M","T","M","M","?","E","M","M","T","$","M","R","E","M","R","B",null],"character_chosen":"THE_SILENT","items_purchased":["Dota2Spire:Butterfly","aspiration:FetidBarrel","Membership Card","Endless Agony","Replay:Ringing Soul","aspiration:Nostalgia","ReplayTheSpireMod:The Works","AT_EssenceShift","Dota2Spire:BladeMail"],"campfire_rested":1,"item_purchase_floors":[4,10,20,20,31,31,31,44,44],"current_hp_per_floor":[68,57,64,64,63,63,25,37,37,37,37,37,37,30,30,42,65,65,65,65,45,45,27,27,40,40,39,41,41,45,48,48,20,51,47,47,56,59,62,52,62,59,59,62,54,54,63,64,64,38],"gold":330,"neow_bonus":"","is_daily":false,"chose_seed":false,"campfire_upgraded":5,"win_rate":0.0,"timestamp":1609491244,"path_taken":["M","?","?","$","M","R","E","M","T","$","?","M","?","?","R","BOSS","M","M","$","?","M","E","M","R","T","M","M","?","M","$","R","BOSS","M","?","M","?","?","E","M","M","T","$","?","R","E","M","R","BOSS"],"items_purchased_type":["Relic","Relic","Relic","Card","Relic","Relic","Card","Card","Relic"],"build_version":"2020-12-22","purchased_purges":0,"victory":true,"max_hp_per_floor":[70,70,70,70,70,70,70,70,70,70,70,70,65,65,65,65,65,65,65,65,45,45,45,45,45,45,45,45,45,45,48,48,51,51,54,54,57,60,63,63,63,63,63,66,66,66,69,72,72,72],"card_choices":[{"not_picked":["Draining Mist","Acrobatics"],"picked":"Distraction","floor":1},{"not_picked":["Bane","Quick Slash"],"picked":"Blade Dance","floor":5},{"not_picked":["Well Laid Plans","ReplayTheSpireMod:Exploit Weakness","Hidden Blade"],"picked":"SKIP","floor":7},{"not_picked":["Dagger Spray","Dagger Throw"],"picked":"Footwork","floor":8},{"not_picked":["Draining Mist","Dodge and Roll"],"picked":"Blade Dance","floor":12},{"not_picked":["REME_SpectralBlade","REME_CopyPotion"],"picked":"Bullet Time","floor":16},{"not_picked":["Blade Dance","PiercingWail"],"picked":"Quick Slash","floor":18},{"not_picked":["Wraith Form v2","PiercingWail"],"picked":"Acrobatics+1","floor":19},{"not_picked":["Backflip","Sucker Punch","Deadly Poison"],"picked":"SKIP","floor":22},{"not_picked":["REME_CopyPotion","AT_TinkerSharpsword+1"],"picked":"ReplayTheSpireMod:Scrap Shanks","floor":23},{"not_picked":["Outmaneuver+1","Dodge and Roll","ReplayTheSpireMod:Speed Training"],"picked":"SKIP","floor":24},{"not_picked":["Sucker Punch","Bane","Deadly Poison"],"picked":"SKIP","floor":27},{"not_picked":["Quick Slash","Sucker Punch","Escape Plan"],"picked":"SKIP","floor":28},{"not_picked":["Prepared","Escape Plan+1"],"picked":"Poisoned Stab","floor":30},{"not_picked":["ReplayTheSpireMod:From All Sides","Venomology"],"picked":"Die Die Die","floor":33},{"not_picked":["AT_ShadowStep","Quick Slash+1"],"picked":"AT_ArcaneSupremacy+1","floor":35},{"not_picked":["Terror","Sucker Punch+1"],"picked":"Blade Dance+1","floor":37},{"not_picked":["Slice+1","Eviscerate+1"],"picked":"Bane+1","floor":38},{"not_picked":["AT_ThistleTea","Unload","Predator+1"],"picked":"SKIP","floor":40},{"not_picked":["Dodge and Roll","AT_ArcaneSupremacy","Tactician"],"picked":"SKIP","floor":41},{"not_picked":["Blade Dance+1","Prepared","Underhanded Strike+1"],"picked":"SKIP","floor":42},{"not_picked":["Dagger Spray","Quick Slash","Escape Plan"],"picked":"SKIP","floor":45},{"not_picked":["Quick Slash+1","REME_ShadowStrike+1"],"picked":"AT_Desolate","floor":47},{"not_picked":["Backflip+1","Underhanded Strike+1"],"picked":"AT_WomanClash","floor":48}],"player_experience":204037,"relics_obtained":[{"floor":7,"key":"Meat on the Bone"},{"floor":9,"key":"vexMod:MemoryStick"},{"floor":11,"key":"Snake Skull"},{"floor":23,"key":"ReplayTheSpireMod:Lightbulb"},{"floor":26,"key":"Dream Catcher"},{"floor":36,"key":"PreservedInsect"},{"floor":40,"key":"ReplayTheSpireMod:TigerMarble"},{"floor":40,"key":"MagicDraw4"},{"floor":43,"key":"Happy Flower"},{"floor":47,"key":"GodSword7"},{"floor":47,"key":"Tough Bandages"}],"event_choices":[{"damage_healed":0,"gold_gain":75,"player_choice":"Gather Gold","damage_taken":11,"max_hp_gain":0,"max_hp_loss":0,"event_name":"World of Goop","floor":2,"gold_loss":0},{"damage_healed":0,"gold_gain":0,"player_choice":"Lose Max HP","damage_taken":0,"relics_obtained":["Golden Idol"],"max_hp_gain":0,"max_hp_loss":5,"event_name":"Golden Idol","floor":13,"gold_loss":0},{"damage_healed":0,"gold_gain":0,"player_choice":"Success","damage_taken":7,"relics_obtained":["Ornamental Fan"],"max_hp_gain":0,"max_hp_loss":0,"event_name":"Scrap Ooze","floor":14,"gold_loss":0},{"damage_healed":0,"gold_gain":0,"player_choice":"Became a vampire","damage_taken":0,"max_hp_gain":0,"max_hp_loss":20,"event_name":"Vampires","floor":21,"gold_loss":0,"cards_obtained":["Bite","Bite","Bite","Bite","Bite"]},{"damage_healed":0,"gold_gain":0,"player_choice":"Got Potions","damage_taken":0,"max_hp_gain":0,"max_hp_loss":0,"event_name":"Lab","floor":29,"gold_loss":0},{"damage_healed":0,"gold_gain":0,"player_choice":"1 cards matched","damage_taken":0,"max_hp_gain":0,"max_hp_loss":0,"event_name":"Match and Keep!","floor":39,"gold_loss":0,"cards_obtained":["Blind"]}],"is_beta":false,"boss_relics":[{"not_picked":["Replay:Wanted Poster","Empty Cage"],"picked":"Ring of Chaos"},{"not_picked":["Runesmith:UraniumAnvil","Snecko Scales"],"picked":"Black Star"}],"items_purged_floors":[],"is_endless":false,"potions_floor_spawned":[7,12,19,24,28,37,38,40,41,42,48],"ascension_level":0}}