{"host":"xkogq043tlu3kvb4","time":1609513267,"event":{"mods":["BaseMod","Bestiary","Minty Spire (QoL Compilation)","StSLib","The Marked"],"gold_per_floor":[110,80,90,109,109,109,125,144,144,144,144,144,144],"floor_reached":12,"playtime":364,"items_purged":[],"score":88,"play_id":"e1ef8983-9f13-406a-9440-fb9ddce9d13b","local_time":"20210101180107","is_ascension_mode":true,"campfire_choices":[{"data":"Zap","floor":6,"key":"SMITH"}],"circlet_count":0,"master_deck":["Strike_B","Strike_B","Strike_B","Strike_B","Defend_B","Defend_B","Defend_B","Defend_B","Zap+1","Dualcast","Capacitor","Leap","Buffer+1","Barrage","Injury","Creative AI"],"relics":["Cracked Core","Bag of Preparation","Golden Idol"],"acts_visited":["Exordium"],"potions_floor_usage":[7,8,12,12],"damage_taken":[{"damage":13,"enemies":"2 Louse","floor":1,"turns":2},{"damage":0,"enemies":"Cultist","floor":3,"turns":3},{"damage":11,"enemies":"Jaw Worm","floor":4,"turns":4},{"damage":0,"enemies":"2 Fungi Beasts","floor":7,"turns":4},{"damage":24,"enemies":"Lots of Slimes","floor":8,"turns":6},{"damage":23,"enemies":"Gremlin Nob","floor":12,"turns":4}],"seed_played":"-505610573821550706","potions_obtained":[{"floor":1,"key":"SpeedPotion"},{"floor":2,"key":"Swift Potion"},{"floor":2,"key":"Regen Potion"},{"floor":7,"key":"PowerPotion"}],"is_trial":false,"path_per_floor":["M","?","M","M","?","R","M","M","T","?","?","E"],"character_chosen":"DEFECT","items_purchased":[],"campfire_rested":0,"item_purchase_floors":[],"current_hp_per_floor":[41,41,41,30,30,30,42,18,18,18,18,0,0],"gold":144,"neow_bonus":"THREE_RARE_CARDS","is_daily":false,"chose_seed":false,"campfire_upgraded":1,"win_rate":0.0,"timestamp":1609513267,"path_taken":["M","?","M","?","?","R","M","M","T","?","?","E"],"items_purchased_type":[],"build_version":"2020-12-22","purchased_purges":0,"victory":false,"max_hp_per_floor":[75,75,75,75,75,75,75,75,75,75,75,75,75],"card_choices":[{"not_picked":["Fission","Hyperbeam"],"picked":"Thunder Strike","floor":0},{"not_picked":["Conserve Battery","Rebound"],"picked":"Capacitor","floor":1},{"not_picked":["Double Energy","Steam"],"picked":"Leap","floor":3},{"not_picked":["Stack","Streamline"],"picked":"Buffer","floor":4},{"not_picked":["Skim","Reinforced Body"],"picked":"Barrage","floor":7},{"not_picked":["Fusion","Darkness","Redo"],"picked":"SKIP","floor":8}],"player_experience":265419,"relics_obtained":[{"floor":9,"key":"Bag of Preparation"}],"event_choices":[{"damage_healed":0,"gold_gain":0,"player_choice":"Bought 2 Potions","damage_taken":0,"max_hp_gain":0,"max_hp_loss":0,"event_name":"The Woman in Blue","floor":2,"gold_loss":0},{"damage_healed":0,"gold_gain":0,"player_choice":"Grow","damage_taken":0,"max_hp_gain":0,"max_hp_loss":0,"event_name":"Living Wall","floor":5,"gold_loss":0,"cards_upgraded":["Buffer"]},{"damage_healed":0,"gold_gain":0,"player_choice":"Take Wound","damage_taken":0,"relics_obtained":["Golden Idol"],"max_hp_gain":0,"max_hp_loss":0,"event_name":"Golden Idol","floor":10,"gold_loss":0,"cards_obtained":["Injury"]},{"damage_healed":0,"gold_gain":0,"cards_transformed":["Thunder Strike"],"player_choice":"Transformed","damage_taken":0,"max_hp_gain":0,"max_hp_loss":0,"event_name":"Transmorgrifier","floor":11,"gold_loss":0,"cards_obtained":["Creative AI"]}],"is_beta":false,"boss_relics":[],"items_purged_floors":[],"is_endless":false,"potions_floor_spawned":[1,7],"killed_by":"Gremlin Nob","ascension_level":5}}