{"host":"fjaupvxe7fzqrf4j","time":1609509304,"event":{"mods":["ATMod(°¢èªMod)","BaseMod","Minty Spire (QoL Compilation)","StSLib"],"gold_per_floor":[112,112,128,128,142,175,206,206,231,259,270,298,324,359,359,431,431,450,60,60,73,73,102,102,130,156,156,167,192,227,261,261,340,340,356,356,256,146,158,192,220,251,251,280,280,310,342,292,292,292,292,292,292,123,158,158],"floor_reached":57,"playtime":1426,"items_purged":["Underhanded Strike","Backflip","Acrobatics"],"score":4561,"play_id":"449af9d0-19bc-4efe-bb02-f84ac8d358c5","local_time":"20210101215504","daily_mods":["SealedDeck","Heirloom","Time Dilation","Flight","Elite Swarm"],"is_ascension_mode":true,"campfire_choices":[{"data":"AT_Desolate","floor":8.0,"key":"SMITH"},{"data":"Prepared","floor":15.0,"key":"SMITH"},{"data":"Acrobatics","floor":24.0,"key":"SMITH"},{"data":"Eviscerate","floor":27.0,"key":"SMITH"},{"data":"Adrenaline","floor":32.0,"key":"SMITH"},{"floor":49.0,"key":"RECALL"},{"floor":53.0,"key":"REST"}],"circlet_count":0,"master_deck":["AscendersBane","AT_Desolate+1","Backflip+1","Eviscerate+1","Reflex+1","Escape Plan+1","Prepared+1","AT_KingSlayer+1","After Image+1","Acrobatics+1","Adrenaline+1"],"relics":["Ring of the Snake","AT_ATBox","Gambling Chip","FaceOfCleric","Art of War","War Paint","Sundial","Nunchaku","Ancient Tea Set","Lizard Tail","AT_TrinityForce","Medical Kit","Pen Nib","The Specimen","AT_ImmortalShieldbow","AT_SeraphEmbrace","Pantograph","Omamori","Kunai","Sozu","Matryoshka","Bag of Marbles","Smiling Mask","Potion Belt","AT_BellowingDragoncrestRing","AT_BladeRuinedKing","CeramicFish","Shuriken","Anchor","Akabeko"],"acts_visited":["Exordium","TheCity","TheBeyond","TheEnding"],"potions_floor_usage":[56],"damage_taken":[{"damage":0.0,"enemies":"Small Slimes","floor":1.0,"turns":1.0},{"damage":0.0,"enemies":"Cultist","floor":3.0,"turns":1.0},{"damage":0.0,"enemies":"Jaw Worm","floor":5.0,"turns":1.0},{"damage":0.0,"enemies":"Gremlin Nob","floor":6.0,"turns":1.0},{"damage":7.0,"enemies":"3 Sentries","floor":7.0,"turns":4.0},{"damage":0.0,"enemies":"Lagavulin","floor":10.0,"turns":2.0},{"damage":0.0,"enemies":"3 Louse","floor":11.0,"turns":4.0},{"damage":10.0,"enemies":"3 Sentries","floor":12.0,"turns":5.0},{"damage":0.0,"enemies":"Gremlin Nob","floor":13.0,"turns":2.0},{"damage":0.0,"enemies":"3 Sentries","floor":14.0,"turns":3.0},{"damage":0.0,"enemies":"Slime Boss","floor":16.0,"turns":1.0},{"damage":0.0,"enemies":"Chosen","floor":18.0,"turns":1.0},{"damage":0.0,"enemies":"Shell Parasite","floor":21.0,"turns":1.0},{"damage":0.0,"enemies":"Gremlin Leader","floor":23.0,"turns":1.0},{"damage":0.0,"enemies":"Slavers","floor":25.0,"turns":1.0},{"damage":0.0,"enemies":"Centurion and Healer","floor":28.0,"turns":1.0},{"damage":0.0,"enemies":"Gremlin Leader","floor":29.0,"turns":1.0},{"damage":0.0,"enemies":"Book of Stabbing","floor":30.0,"turns":1.0},{"damage":0.0,"enemies":"Gremlin Leader","floor":31.0,"turns":1.0},{"damage":0.0,"enemies":"Champ","floor":33.0,"turns":1.0},{"damage":0.0,"enemies":"3 Shapes","floor":35.0,"turns":1.0},{"damage":0.0,"enemies":"3 Darklings","floor":39.0,"turns":1.0},{"damage":0.0,"enemies":"Nemesis","floor":40.0,"turns":1.0},{"damage":0.0,"enemies":"Reptomancer","floor":41.0,"turns":1.0},{"damage":0.0,"enemies":"Giant Head","floor":42.0,"turns":1.0},{"damage":0.0,"enemies":"Reptomancer","floor":44.0,"turns":1.0},{"damage":0.0,"enemies":"Giant Head","floor":46.0,"turns":1.0},{"damage":0.0,"enemies":"Reptomancer","floor":47.0,"turns":1.0},{"damage":0.0,"enemies":"Donu and Deca","floor":50.0,"turns":1.0},{"damage":0.0,"enemies":"Time Eater","floor":51.0,"turns":1.0},{"damage":0.0,"enemies":"Shield and Spear","floor":55.0,"turns":1.0},{"damage":0,"enemies":"The Heart","floor":56,"turns":4}],"seed_played":"-1615264878620626487","potions_obtained":[{"floor":3.0,"key":"Strength Potion"},{"floor":6.0,"key":"PowerPotion"},{"floor":10.0,"key":"PowerPotion"},{"floor":13.0,"key":"Swift Potion"}],"is_trial":true,"path_per_floor":["M","?","M","?","M","E","E","R","T","E","M","E","E","E","R","B",null,"M","$","?","M","?","E","R","E","T","R","M","E","E","E","R","B",null,"M","?","$","?","M","E","E","E","T","E","?","E","E","$","R","B","B",null,"R","$","E","B",null],"character_chosen":"THE_SILENT","items_purchased":["Medical Kit","Pen Nib","Anchor"],"campfire_rested":1,"item_purchase_floors":[19,19,54],"current_hp_per_floor":[59,59,60,40,41,42,36,36,36,37,38,29,30,31,31,32,65,66,66,66,67,67,68,68,69,69,69,70,71,72,73,73,85,85,86,86,86,86,87,88,89,90,90,91,91,92,93,93,93,94,95,95,95,95,96,97],"gold":158,"neow_bonus":"","is_daily":false,"chose_seed":false,"campfire_upgraded":5,"win_rate":0.0,"timestamp":1609509304,"path_taken":["M","?","?","?","M","E","E","R","T","E","M","E","E","E","R","BOSS","M","$","?","?","?","E","R","E","T","R","?","E","E","E","R","BOSS","M","?","$","?","?","E","E","E","T","E","?","E","E","$","R","BOSS","BOSS","R","$","E","BOSS"],"items_purchased_type":["Relic","Relic","Relic"],"build_version":"2020-12-22","purchased_purges":3,"victory":true,"max_hp_per_floor":[66,66,67,67,68,69,70,70,70,71,72,73,74,75,75,76,76,77,77,77,78,78,79,79,80,80,80,81,82,83,84,84,85,85,86,86,86,86,87,88,89,90,90,91,91,92,93,93,93,94,95,95,95,95,96,97],"card_choices":[{"not_picked":["Riddle With Holes","Sucker Punch"],"picked":"Escape Plan","floor":1.0},{"not_picked":["AT_TwilightShroud","Flying Knee"],"picked":"Prepared","floor":3.0},{"not_picked":["Deflect","Heel Hook","Underhanded Strike"],"picked":"SKIP","floor":5.0},{"not_picked":["Bullet Time","Doppelganger"],"picked":"AT_KingSlayer","floor":6.0},{"not_picked":["Doppelganger","Corpse Explosion"],"picked":"After Image","floor":7.0},{"not_picked":["AT_EssenceShift","Unload","Storm of Steel"],"picked":"SKIP","floor":10.0},{"not_picked":["Dagger Spray","Escape Plan"],"picked":"Acrobatics","floor":11.0},{"not_picked":["Corpse Explosion","Malaise","Venomology"],"picked":"SKIP","floor":12.0},{"not_picked":["Unload","Tools of the Trade","Glass Knife"],"picked":"SKIP","floor":13.0},{"not_picked":["Bullet Time","AT_MyraUnstableElement","A Thousand Cuts"],"picked":"SKIP","floor":14.0},{"not_picked":["Distraction","Prepared","Poisoned Stab"],"picked":"SKIP","floor":18.0},{"not_picked":["Predator","Outmaneuver","Sucker Punch"],"picked":"SKIP","floor":21.0},{"not_picked":["AT_EssenceShift","Wraith Form v2","Burst"],"picked":"SKIP","floor":23.0},{"not_picked":["Tools of the Trade","Phantasmal Killer","Die Die Die"],"picked":"SKIP","floor":25.0},{"not_picked":["Endless Agony","Distraction","AT_KneejerkReflex"],"picked":"SKIP","floor":28.0},{"not_picked":["Glass Knife","AT_KingSlayer"],"picked":"Adrenaline","floor":29.0},{"not_picked":["Malaise","Tools of the Trade","Night Terror"],"picked":"SKIP","floor":30.0},{"not_picked":["Bullet Time","Glass Knife","AT_MyraUnstableElement"],"picked":"SKIP","floor":31.0},{"not_picked":["PiercingWail","Deadly Poison","Riddle With Holes+1"],"picked":"SKIP","floor":35.0},{"not_picked":["Dodge and Roll","Finisher","Bane"],"picked":"SKIP","floor":39.0},{"not_picked":["Doppelganger","Corpse Explosion","Malaise"],"picked":"SKIP","floor":40.0},{"not_picked":["Phantasmal Killer","Bullet Time","Grand Finale"],"picked":"SKIP","floor":41.0},{"not_picked":["Unload","After Image","Burst"],"picked":"SKIP","floor":42.0},{"not_picked":["Grand Finale","Bullet Time","AT_MyraUnstableElement"],"picked":"SKIP","floor":44.0},{"not_picked":["Venomology","After Image","Storm of Steel"],"picked":"SKIP","floor":46.0},{"not_picked":["Die Die Die","Glass Knife","Burst"],"picked":"SKIP","floor":47.0},{"not_picked":["Storm of Steel","Malaise","Tools of the Trade"],"picked":"SKIP","floor":55.0}],"player_experience":315567,"relics_obtained":[{"floor":6.0,"key":"Art of War"},{"floor":7.0,"key":"War Paint"},{"floor":10.0,"key":"Sundial"},{"floor":12.0,"key":"Nunchaku"},{"floor":13.0,"key":"Ancient Tea Set"},{"floor":14.0,"key":"Lizard Tail"},{"floor":23.0,"key":"The Specimen"},{"floor":25.0,"key":"AT_ImmortalShieldbow"},{"floor":26.0,"key":"AT_ArchangelStaff"},{"floor":29.0,"key":"Pantograph"},{"floor":30.0,"key":"Omamori"},{"floor":31.0,"key":"Kunai"},{"floor":40.0,"key":"Matryoshka"},{"floor":41.0,"key":"Bag of Marbles"},{"floor":42.0,"key":"Smiling Mask"},{"floor":43.0,"key":"Potion Belt"},{"floor":43.0,"key":"AT_BellowingDragoncrestRing"},{"floor":44.0,"key":"AT_BladeRuinedKing"},{"floor":46.0,"key":"CeramicFish"},{"floor":47.0,"key":"Shuriken"},{"floor":55.0,"key":"Akabeko"}],"event_choices":[{"damage_healed":0.0,"max_hp_gain":0.0,"max_hp_loss":0.0,"gold_gain":0.0,"event_name":"FaceTrader","player_choice":"Trade","floor":2.0,"gold_loss":0.0,"damage_taken":0.0,"relics_obtained":["FaceOfCleric"]},{"damage_healed":0.0,"max_hp_gain":0.0,"max_hp_loss":0.0,"gold_gain":0.0,"event_name":"Shining Light","player_choice":"Entered Light","floor":4.0,"gold_loss":0.0,"damage_taken":20.0,"cards_upgraded":["Escape Plan","Backflip"]},{"damage_healed":0.0,"max_hp_gain":0.0,"max_hp_loss":0.0,"gold_gain":0.0,"event_name":"Upgrade Shrine","player_choice":"Upgraded","floor":20.0,"gold_loss":0.0,"damage_taken":0.0,"cards_upgraded":["AT_KingSlayer"]},{"cards_removed":["Dagger Throw"],"damage_healed":0.0,"max_hp_gain":0.0,"max_hp_loss":0.0,"gold_gain":0.0,"event_name":"Purifier","player_choice":"Purged","floor":22.0,"gold_loss":0.0,"damage_taken":0.0},{"damage_healed":0.0,"max_hp_gain":0.0,"max_hp_loss":0.0,"gold_gain":0.0,"event_name":"Tomb of Lord Red Mask","player_choice":"Ignored","floor":36.0,"gold_loss":0.0,"damage_taken":0.0},{"cards_removed":["Expertise"],"damage_healed":0.0,"max_hp_gain":0.0,"max_hp_loss":0.0,"gold_gain":0.0,"event_name":"Designer","player_choice":"Upgrade and Remove","floor":38.0,"gold_loss":110.0,"damage_taken":0.0,"cards_upgraded":["After Image"]},{"cards_removed":["Backflip"],"damage_healed":0.0,"max_hp_gain":0.0,"max_hp_loss":0.0,"gold_gain":0.0,"event_name":"Falling","player_choice":"Removed Skill","floor":45.0,"gold_loss":0.0,"damage_taken":0.0}],"is_beta":false,"boss_relics":[{"not_picked":["Cursed Key","Tiny House"],"picked":"AT_TrinityForce"},{"not_picked":["AT_MortalBlade","SlaversCollar"],"picked":"Sozu"}],"items_purged_floors":[19,37,48],"is_endless":false,"potions_floor_spawned":[3,6,10,13,14,21,25,28,29,31,35,41,42,46],"ascension_level":20}}