{"host":"q79spna8ofw6hj3r","time":1609480325,"event":{"mods":["Aspiration","Bard","BaseMod","Beaked The Cultist","Bestiary","Better Altar","Better Match","Better Note","Better Sensory Stone","Better Skull","Better Third Choice","Better Vampires","BetterRewards","Block Reminder","Challenge The Spire","Colored Map","Colored Powertips","Conspire","Custom Start","Energized Spire","Friendly Minions","Hubris","Infinite Spire","Jedi Mod","Mimic Mod","Minty Spire (QoL Compilation)","Permanent Neow","Quick Restart","Relic Filter","Relic Sorter","Replay The Spire","Shop Mod","StSLib","SuperFastMode","Synergy Search","The Cursed","The Hierophant","The Runesmith","slay the spire mod where everything is the same but ironclad has a cowboy hat","vexMod"],"gold_per_floor":[111,135,135,235,234,234,238,241,241,241,63,64,66,308,308,419,419,444,444,444,344,350,350,337,353,401,351,450,685,685,685,685],"floor_reached":31,"playtime":1936,"items_purged":["hierophant:Strike_Hierophant","hierophant:Strike_Hierophant","hierophant:Strike_Hierophant","hierophant:Strike_Hierophant"],"score":312,"play_id":"a4722ea0-eda8-47b9-9bf6-ef9ec98aeb01","local_time":"20210101075205","is_ascension_mode":false,"campfire_choices":[{"data":"hierophant:RepressedViolence","floor":6,"key":"SMITH"},{"data":"hierophant:CursedGold","floor":10,"key":"SMITH"},{"data":"hierophant:CursedGold","floor":15,"key":"SMITH"},{"data":"hierophant:Generosity","floor":23,"key":"SMITH"},{"data":"hierophant:Charity","floor":30,"key":"SMITH"}],"circlet_count":0,"master_deck":["hierophant:Punish","hierophant:Defend_Hierophant","hierophant:Defend_Hierophant","hierophant:Defend_Hierophant","hierophant:Defend_Hierophant","hierophant:ChurchCoffers","hierophant:Doubloon","hierophant:Charity+1","hierophant:Doubloon","hierophant:CursedGold+1","hierophant:RepressedViolence+1","hierophant:RustyCrate","hierophant:Doubloon","hierophant:Doubloon","hierophant:Doubloon+1","hierophant:CursedGold+1","hierophant:Doubloon","hierophant:Doubloon","hierophant:CursedGold","hierophant:Smite","hierophant:Dazzle+1","hierophant:Doubloon","conspire:Banana","ReplayTheSpireMod:Brewmster","hierophant:Doubloon","hierophant:Generosity+1","hierophant:Doubloon"],"relics":["hierophant:PropheticMaskRelic","jedi:arcanewood","aspiration:Lifesprig","vexMod:MemoryStick","Blood Vial","jedi:Pinwheel","Strange Spoon","jedi:bottledfury","vexMod:TanglingVine","Eternal Feather","infinitespire:Lucky Rock","Snack Pack","hubris:BundleOfHerbs","HandDrill"],"acts_visited":["Exordium","TheCity"],"potions_floor_usage":[14,16,16,24],"damage_taken":[{"damage":5,"enemies":"Small Slimes","floor":1,"turns":3},{"damage":16,"enemies":"Jaw Worm","floor":2,"turns":4},{"damage":5,"enemies":"Cultist","floor":5,"turns":4},{"damage":7,"enemies":"Large Slime","floor":7,"turns":6},{"damage":8,"enemies":"Lots of Slimes","floor":8,"turns":2},{"damage":30,"enemies":"Replay:BlueRogue","floor":12,"turns":16},{"damage":10,"enemies":"Looter","floor":13,"turns":3},{"damage":53,"enemies":"hubris:Merchant","floor":14,"turns":7},{"damage":29,"enemies":"Slime Boss","floor":16,"turns":6},{"damage":0,"enemies":"Spheric Guardian","floor":18,"turns":2},{"damage":32,"enemies":"3 Byrds","floor":22,"turns":3},{"damage":55,"enemies":"Cultist and Chosen","floor":24,"turns":8},{"damage":5,"enemies":"conspire:HollyBat","floor":25,"turns":3},{"damage":7,"enemies":"3 Cultists","floor":27,"turns":3},{"damage":0,"enemies":"hubris:Merchant","floor":29,"turns":1},{"damage":0,"enemies":"Snecko","floor":31,"turns":1}],"seed_played":"-4501891828053729729","potions_obtained":[{"floor":7,"key":"Elixir"},{"floor":8,"key":"Block Potion"},{"floor":14,"key":"jedi:StrikingPotion"},{"floor":14,"key":"Explosive Potion"},{"floor":16,"key":"Elixir"},{"floor":24,"key":"conspire:TimeTravelPotion"},{"floor":29,"key":"CultistPotion"}],"is_trial":false,"path_per_floor":["M","M","?","?","M","R","M","M","T","R","$","E","M","$","R","B",null,"M","?","AVR","$","M","R","M","M","T","M","?","$","R","M"],"character_chosen":"HIEROPHANT","items_purchased":["hierophant:Doubloon+1","hierophant:CursedGold","hierophant:Dazzle+1"],"campfire_rested":0,"item_purchase_floors":[11,11,14],"current_hp_per_floor":[70,54,42,42,37,37,30,22,22,22,22,22,14,75,75,76,76,77,77,77,77,48,63,11,10,10,8,8,10,25,28,28],"gold":685,"neow_bonus":"RANDOM_COMMON_RELIC","is_daily":false,"chose_seed":false,"campfire_upgraded":5,"win_rate":0.0,"timestamp":1609480325,"path_taken":["M","M","?","?","M","R","M","M","T","?","$","E","M","?","R","BOSS","M","?","AVR","?","?","R","M","M","T","M","?","$","R","M"],"items_purchased_type":["Card","Card","Card"],"build_version":"2020-12-22","purchased_purges":4,"victory":false,"max_hp_per_floor":[75,75,75,75,75,75,75,75,75,75,75,75,75,75,75,76,76,77,77,77,77,80,80,81,83,83,86,86,86,86,87,87],"card_choices":[{"not_picked":["hierophant:Purify","hierophant:HammerAndAnvil"],"picked":"hierophant:Charity","floor":1},{"not_picked":["hierophant:Encroach","hierophant:ArchangelShield"],"picked":"hierophant:CursedGold","floor":2},{"not_picked":["hierophant:Alms","hierophant:AuricBeam"],"picked":"hierophant:RepressedViolence","floor":5},{"not_picked":["hierophant:Shelter","hierophant:Zeal","hierophant:Doomsaying"],"picked":"SKIP","floor":7},{"not_picked":["hierophant:CoinFling","hierophant:Alms"],"picked":"hierophant:RustyCrate","floor":8},{"not_picked":["hierophant:Embezzle","hierophant:Kindle"],"picked":"hierophant:CursedGold","floor":12},{"not_picked":["hierophant:MirrorShield","hierophant:HolyVerse"],"picked":"hierophant:Smite","floor":13},{"not_picked":[],"picked":"conspire:Banana","floor":14},{"not_picked":[],"picked":"ReplayTheSpireMod:Brewmster","floor":14},{"not_picked":["hierophant:LocustPlague"],"picked":"SKIP","floor":14},{"not_picked":["hierophant:PassingBell"],"picked":"SKIP","floor":14},{"not_picked":["hierophant:HammerAndAnvil"],"picked":"SKIP","floor":14},{"not_picked":["hierophant:Community"],"picked":"SKIP","floor":14},{"not_picked":["hierophant:DeathKnell","hierophant:DivineIntervention"],"picked":"hierophant:Generosity","floor":16},{"not_picked":["hierophant:HammerAndAnvil+1","hierophant:Smite","hierophant:Community"],"picked":"SKIP","floor":18},{"not_picked":["hierophant:AuricShield","hierophant:Shelter+1","hierophant:Doubloon"],"picked":"SKIP","floor":22},{"not_picked":["hierophant:Purify","hierophant:HolyVerse"],"picked":"hierophant:Doubloon","floor":24},{"not_picked":["hierophant:SolarFlare","hierophant:DisplayOfPower","hierophant:Purify"],"picked":"SKIP","floor":25},{"not_picked":["hierophant:Encroach+1","hierophant:AuricBeam","hierophant:ThreeLashes"],"picked":"SKIP","floor":27},{"not_picked":["hierophant:OrnateJavelin"],"picked":"SKIP","floor":29},{"not_picked":["hierophant:ThreeLashes"],"picked":"SKIP","floor":29},{"not_picked":["hierophant:HolyVerse+1"],"picked":"SKIP","floor":29},{"not_picked":["hierophant:Sermon"],"picked":"SKIP","floor":29},{"not_picked":["hierophant:Glossolalia"],"picked":"SKIP","floor":29},{"not_picked":["Trip"],"picked":"SKIP","floor":29},{"not_picked":["jedi:LeechingStrike"],"picked":"SKIP","floor":29}],"player_experience":250786,"relics_obtained":[{"floor":9,"key":"vexMod:MemoryStick"},{"floor":12,"key":"Blood Vial"},{"floor":14,"key":"jedi:Pinwheel"},{"floor":14,"key":"Strange Spoon"},{"floor":14,"key":"jedi:bottledfury"},{"floor":26,"key":"infinitespire:Lucky Rock"},{"floor":29,"key":"Snack Pack"},{"floor":29,"key":"hubris:BundleOfHerbs"},{"floor":29,"key":"HandDrill"}],"event_choices":[{"damage_healed":0,"gold_gain":0,"player_choice":"Relic ","damage_taken":12,"max_hp_gain":0,"max_hp_loss":0,"event_name":"betterThird:BetterScrap","floor":3,"gold_loss":0,"cards_obtained":["LessonLearned"]},{"damage_healed":0,"gold_gain":100,"player_choice":"Pray","damage_taken":0,"max_hp_gain":0,"max_hp_loss":0,"event_name":"Golden Shrine","floor":4,"gold_loss":0},{"damage_healed":0,"gold_gain":0,"player_choice":"Ignored","damage_taken":0,"max_hp_gain":0,"max_hp_loss":0,"event_name":"betterNote:BetterNote","floor":19,"gold_loss":0,"cards_obtained":["ReplayTheSpireMod:Doomed"]},{"damage_healed":0,"gold_gain":99,"player_choice":"Steal","damage_taken":0,"max_hp_gain":0,"max_hp_loss":0,"event_name":"betterThird:BetterNest","floor":28,"gold_loss":0}],"is_beta":false,"boss_relics":[{"not_picked":["Pandora\u0027s Box","aspiration:BardSkillbook"],"picked":"vexMod:TanglingVine"}],"items_purged_floors":[11,20,21,29],"is_endless":false,"potions_floor_spawned":[7,8,16,24,25],"killed_by":"Snecko","ascension_level":0}}