{"host":"sc0o2qwpf9j16a4i","time":1609533109,"event":{"mods":["AchievementEnabler","BaseMod","BetterRewards","Block Reminder","Colored Map","Colored Powertips","Custom Start","Highlight Path","Minty Spire (QoL Compilation)","Relic Stats"],"gold_per_floor":[116,174,44,64,64,64,100,100,100,144,31,31,47,65,65,158,158,158,83,27,27,27,27,27,60,134,134,151,151,151],"floor_reached":29,"playtime":844,"items_purged":["Strike_B"],"score":844,"play_id":"636cd01b-7b04-48bf-b243-438c3f3a6a56","local_time":"20210101223149","is_ascension_mode":true,"campfire_choices":[{"data":"Apotheosis","floor":6,"key":"SMITH"},{"data":"White Noise","floor":12,"key":"SMITH"},{"data":"Go for the Eyes","floor":15,"key":"SMITH"},{"floor":23,"key":"RECALL"},{"floor":27,"key":"REST"}],"circlet_count":0,"master_deck":["AscendersBane","Strike_B","Defend_B","Defend_B","Defend_B","Zap","Dualcast","Apotheosis+1","Core Surge","Core Surge","Go for the Eyes+1","Coolheaded","Multi-Cast","Reboot","White Noise+1","Leap","Defragment+1","Creative AI+1","Hologram","Reprogram","Glacier","Coolheaded"],"relics":["Cracked Core","Bloody Idol","Blue Candle","Frozen Egg 2","White Beast Statue","Fusion Hammer","Question Card","Molten Egg 2"],"acts_visited":["Exordium","TheCity"],"potions_floor_usage":[10,10,16,18,25,29],"damage_taken":[{"damage":2,"enemies":"Jaw Worm","floor":1,"turns":3},{"damage":0,"enemies":"2 Louse","floor":4,"turns":2},{"damage":3,"enemies":"Lagavulin","floor":7,"turns":6},{"damage":0,"enemies":"3 Sentries","floor":10,"turns":7},{"damage":0,"enemies":"Cultist","floor":13,"turns":3},{"damage":10,"enemies":"3 Louse","floor":14,"turns":3},{"damage":0,"enemies":"The Guardian","floor":16,"turns":13},{"damage":0,"enemies":"Spheric Guardian","floor":18,"turns":3},{"damage":39,"enemies":"Gremlin Leader","floor":25,"turns":9},{"damage":6,"enemies":"Shell Parasite","floor":28,"turns":5},{"damage":63,"enemies":"Slavers","floor":29,"turns":5}],"seed_played":"4728180995196388918","potions_obtained":[{"floor":1,"key":"Regen Potion"},{"floor":13,"key":"LiquidMemories"},{"floor":14,"key":"SmokeBomb"},{"floor":16,"key":"SteroidPotion"},{"floor":25,"key":"Strength Potion"},{"floor":28,"key":"Block Potion"}],"is_trial":false,"path_per_floor":["M","?","$","M","?","R","E","?","T","E","$","R","M","M","R","B",null,"M","?","$","?","?","R","$","E","T","R","M","E"],"character_chosen":"DEFECT","items_purchased":["Apotheosis","Core Surge","Core Surge","Fire Potion","White Noise","Leap","FocusPotion"],"campfire_rested":1,"item_purchase_floors":[0,0,0,3,11,11,20],"current_hp_per_floor":[43,43,43,43,43,43,40,45,45,60,60,60,60,50,50,50,64,64,64,64,64,64,64,64,30,35,55,54,0,0],"gold":151,"neow_bonus":"","is_daily":false,"chose_seed":false,"campfire_upgraded":3,"win_rate":0.0,"timestamp":1609533109,"path_taken":["M","?","$","M","?","R","E","?","T","E","$","R","M","M","R","BOSS","M","?","$","?","?","R","?","E","T","R","M","E"],"items_purchased_type":["Card","Card","Card","Potion","Card","Card","Potion"],"build_version":"2020-12-22","purchased_purges":1,"victory":false,"max_hp_per_floor":[71,71,71,71,64,64,64,69,69,69,69,69,69,69,69,69,69,69,69,69,69,69,69,69,69,69,69,69,69,69],"relic_stats":{"counters":[34,151],"Bloody Idol":15,"Blue Candle":[0],"Question Card":1,"obtain_stats":[{"Potion Belt":9,"Lee\u0027s Waffle":0,"Golden Idol":14,"Astrolabe":17,"Blue Candle":7,"Thread and Needle":0,"Pen Nib":0,"Juzu Bracelet":12,"Odd Mushroom":10,"Frozen Egg 2":9,"Question Card":25,"White Beast Statue":10,"Calling Bell":0,"Sozu":17,"Matryoshka":7,"Bronze Scales":9,"Bloody Idol":22,"Molten Egg 2":0,"Fusion Hammer":17,"Red Mask":19,"Cracked Core":0,"Symbiotic Virus":9},{"Potion Belt":5,"Lee\u0027s Waffle":12,"Golden Idol":19,"Astrolabe":9,"Blue Candle":16,"Thread and Needle":0,"Pen Nib":0,"Juzu Bracelet":7,"Odd Mushroom":18,"Frozen Egg 2":26,"Question Card":32,"White Beast Statue":27,"Calling Bell":0,"Sozu":20,"Matryoshka":4,"Bronze Scales":17,"Bloody Idol":31,"Molten Egg 2":0,"Fusion Hammer":30,"Red Mask":11,"Cracked Core":0,"Symbiotic Virus":5},{"Potion Belt":18,"Lee\u0027s Waffle":47,"Golden Idol":72,"Astrolabe":35,"Blue Candle":60,"Thread and Needle":0,"Pen Nib":0,"Juzu Bracelet":23,"Odd Mushroom":69,"Frozen Egg 2":103,"Question Card":141,"White Beast Statue":110,"Calling Bell":0,"Sozu":77,"Matryoshka":16,"Bronze Scales":65,"Bloody Idol":132,"Molten Egg 2":0,"Fusion Hammer":129,"Red Mask":44,"Cracked Core":0,"Symbiotic Virus":18}]},"card_choices":[{"not_picked":["Streamline","Stack"],"picked":"Go for the Eyes","floor":1},{"not_picked":["Steam Power","Rebound"],"picked":"Coolheaded","floor":4},{"not_picked":["Stack","Hologram"],"picked":"Multi-Cast","floor":7},{"not_picked":["Sweeping Beam","Steam"],"picked":"Reboot","floor":10},{"not_picked":["Redo","Cold Snap"],"picked":"Defragment+1","floor":13},{"not_picked":["Barrage","Hyperbeam","Reprogram"],"picked":"SKIP","floor":14},{"not_picked":["Seek","Multi-Cast"],"picked":"Creative AI+1","floor":16},{"not_picked":["Doom and Gloom","Gash"],"picked":"Glacier","floor":25},{"not_picked":["Lockon+1","Beam Cell+1","Sweeping Beam+1"],"picked":"Coolheaded","floor":28}],"player_experience":494512,"relics_obtained":[{"floor":7,"key":"Blue Candle"},{"floor":9,"key":"Frozen Egg 2"},{"floor":10,"key":"White Beast Statue"},{"floor":25,"key":"Question Card"},{"floor":26,"key":"Molten Egg 2"}],"event_choices":[{"damage_healed":0,"gold_gain":58,"player_choice":"Gained Gold","damage_taken":0,"max_hp_gain":0,"max_hp_loss":0,"event_name":"Golden Wing","floor":2,"gold_loss":0},{"damage_healed":0,"gold_gain":0,"player_choice":"Lose Max HP","damage_taken":0,"relics_obtained":["Golden Idol"],"max_hp_gain":0,"max_hp_loss":7,"event_name":"Golden Idol","floor":5,"gold_loss":0},{"damage_healed":0,"gold_gain":0,"player_choice":"Donut","damage_taken":0,"max_hp_gain":5,"max_hp_loss":0,"event_name":"Big Fish","floor":8,"gold_loss":0},{"cards_removed":["Strike_B"],"damage_healed":0,"gold_gain":0,"player_choice":"Gave Gold","damage_taken":0,"max_hp_gain":0,"max_hp_loss":0,"event_name":"Beggar","floor":19,"gold_loss":75},{"damage_healed":0,"gold_gain":0,"cards_transformed":["Defend_B","Strike_B"],"player_choice":"Became Test Subject","damage_taken":0,"max_hp_gain":0,"max_hp_loss":0,"event_name":"Drug Dealer","floor":21,"gold_loss":0,"cards_obtained":["Hologram","Reprogram"]},{"damage_healed":0,"gold_gain":0,"player_choice":"Gave Idol","damage_taken":0,"relics_obtained":["Bloody Idol"],"max_hp_gain":0,"max_hp_loss":0,"event_name":"Forgotten Altar","floor":22,"relics_lost":["Golden Idol"],"gold_loss":0}],"is_beta":false,"boss_relics":[{"not_picked":["Inserter","Runic Dome"],"picked":"Fusion Hammer"}],"items_purged_floors":[3],"is_endless":false,"potions_floor_spawned":[1,13,14,16,18,25,28],"killed_by":"Slavers","ascension_level":20}}