{"host":"nzm1i0l8mrsm8hd2","time":1609514112,"event":{"mods":["Act Like it!","Aspiration","BaseMod","Challenge The Spire","Conspire","Gensokyo","Minty Spire (QoL Compilation)","Pale of the Ancients","Quick Restart","RumiaBox-露米娅的神秘盒子","Spicy Shops","StSLib","The Alterego","The Jungle","Wandering Minibosses","Yakumo Yukari mod"],"gold_per_floor":[304,304,423,539,657,657,183,61,181,298,410,410,138,12,128,248,373,495],"floor_reached":19,"playtime":1425,"items_purged":["alterego_mod:Strike","alterego_mod:Strike","alterego_mod:Strike","alterego_mod:Strike"],"score":3973,"play_id":"59e1b474-9e24-4d46-8552-be2c61350b04","local_time":"20210101231512","daily_mods":["challengethespire:Silver Difficulty","challengethespire:Boss Rush","Uncertain Future"],"is_ascension_mode":true,"campfire_choices":[{"data":"alterego_mod:BigMeatyClaws","floor":2.0,"key":"SMITH"}],"circlet_count":0,"master_deck":["AscendersBane","alterego_mod:Defend","alterego_mod:Defend","alterego_mod:Defend","alterego_mod:Defend","alterego_mod:Impale","alterego_mod:BigMeatyClaws+1","alterego_mod:BrynhildrsRune","alterego_mod:Birthday+1","alterego_mod:DiscoLights+1","alterego_mod:Punishment+1","alterego_mod:Punishment+1","alterego_mod:Support+1","alterego_mod:Nekomimi+1","alterego_mod:Punishment+1","alterego_mod:Support+1","alterego_mod:Punishment+1","alterego_mod:Birthday+1","alterego_mod:SakuraLabyrinth+1","alterego_mod:Tantrum+1","alterego_mod:Nekomimi+1","alterego_mod:TrashNCrash+1","Magnetism+1","alterego_mod:IdEs+1","alterego_mod:Belts+1","alterego_mod:GachaTicket+1","alterego_mod:MagicResistance+1","alterego_mod:Birthday+1"],"relics":["alterego_mod:MasochisticConstitution","The Courier","Molten Egg 2","Toxic Egg 2","Frozen Egg 2","Mango","Potion Belt","Centennial Puzzle","Nunchaku","Bottled Tornado","Torii","Fusion Hammer","Membership Card","GodSword5","Bag of Preparation","MealTicket","Lee\u0027s Waffle","ClockworkSouvenir","Happy Flower","LastBattle","Incense Burner","SoulBox","aspiration:Nostalgia","PureWater","Chemical X","Dead Branch","Medical Kit","Bronze Scales","conspire:DecoderRing","CeramicFish","Anchor"],"acts_visited":["Exordium"],"potions_floor_usage":[18,18,18],"damage_taken":[{"damage":55.0,"enemies":"Hexaghost","floor":3.0,"turns":11.0},{"damage":21.0,"enemies":"The Guardian","floor":4.0,"turns":8.0},{"damage":12.0,"enemies":"Slime Boss","floor":5.0,"turns":11.0},{"damage":20.0,"enemies":"Automaton","floor":9.0,"turns":10.0},{"damage":28.0,"enemies":"Collector","floor":10.0,"turns":4.0},{"damage":17.0,"enemies":"Automaton","floor":11.0,"turns":9.0},{"damage":1,"enemies":"Donu and Deca","floor":15,"turns":5},{"damage":1,"enemies":"Awakened One","floor":16,"turns":4},{"damage":0,"enemies":"Time Eater","floor":17,"turns":3},{"damage":13,"enemies":"The Heart","floor":18,"turns":6}],"seed_played":"-8229061721254467371","potions_obtained":[{"floor":3.0,"key":"EssenceOfSteel"},{"floor":10.0,"key":"LiquidBronze"},{"floor":11.0,"key":"SneckoOil"},{"floor":15,"key":"EssenceOfSteel"},{"floor":16,"key":"Energy Potion"}],"is_trial":true,"path_per_floor":["$","R","M","M","M","T","$","$","M","M","M","T","$","$","M","M","M","M",null],"character_chosen":"The_Alterego","items_purchased":["alterego_mod:Birthday+1","alterego_mod:DiscoLights+1","alterego_mod:Punishment+1","alterego_mod:Punishment+1","alterego_mod:Support+1","alterego_mod:Nekomimi+1","alterego_mod:Punishment+1","alterego_mod:Support+1","Mango","Potion Belt","Centennial Puzzle","Membership Card","GodSword5","Bag of Preparation","MealTicket","Fruit Juice","Lee\u0027s Waffle","ClockworkSouvenir","aspiration:Nostalgia","Chemical X","Magnetism+1","Dead Branch","alterego_mod:IdEs+1","Medical Kit"],"campfire_rested":0,"item_purchase_floors":[1,1,1,1,1,1,1,1,1,1,1,7,7,7,7,7,8,8,13,13,13,14,14,14],"current_hp_per_floor":[77,77,26,9,18,18,24,99,82,61,51,51,69,87,103,104,104,98],"gold":495,"neow_bonus":"","is_daily":false,"chose_seed":false,"campfire_upgraded":1,"win_rate":0.0,"timestamp":1609514112,"path_taken":["$","R","M","M","M","T","$","$","M","M","M","T","$","$","M","M","M","M"],"items_purchased_type":["Card","Card","Card","Card","Card","Card","Card","Card","Relic","Relic","Relic","Relic","Relic","Relic","Relic","Potion","Relic","Relic","Relic","Relic","Card","Relic","Card","Relic"],"build_version":"2020-12-22","purchased_purges":4,"victory":true,"max_hp_per_floor":[84,84,85,86,87,87,92,99,100,101,102,102,102,102,103,104,104,105],"card_choices":[],"player_experience":578694,"relics_obtained":[{"floor":3.0,"key":"Nunchaku"},{"floor":4.0,"key":"Bottled Tornado"},{"floor":5.0,"key":"Torii"},{"floor":9.0,"key":"Happy Flower"},{"floor":10.0,"key":"LastBattle"},{"floor":11.0,"key":"Incense Burner"},{"floor":15,"key":"Bronze Scales"},{"floor":16,"key":"conspire:DecoderRing"},{"floor":17,"key":"CeramicFish"},{"floor":18,"key":"Anchor"}],"event_choices":[],"is_beta":false,"boss_relics":[{"not_picked":["Runic Dome","Calling Bell"],"picked":"Fusion Hammer"},{"not_picked":["aspiration:DefectSkillbook","aspiration:WatcherSkillbook"],"picked":"SoulBox"}],"items_purged_floors":[1,7,7,13],"is_endless":false,"potions_floor_spawned":[3,10,11,15,16],"ascension_level":10}}