{"host":"9ndbo4kgsfoemf7y","time":1609491782,"event":{"mods":["AchievementEnabler","BaseMod","Colored Map","DeckTracker","Keyboard Shortcuts","Minty Spire (QoL Compilation)","Permanent Neow","Quick Restart","Relic Stats","StSLib","SuperFastMode"],"gold_per_floor":[112,112,34,184,199,82,82,114,139,149,149,169,169,169],"floor_reached":13,"playtime":219,"items_purged":["Decay"],"score":162,"play_id":"f0597f1d-b468-46da-a86e-7122888a4dbf","local_time":"20210101180302","is_ascension_mode":true,"campfire_choices":[{"data":"Bouncing Flask","floor":7,"key":"SMITH"},{"data":"Catalyst","floor":11,"key":"SMITH"}],"circlet_count":0,"master_deck":["AscendersBane","Strike_G","Strike_G","Strike_G","Strike_G","Strike_G","Defend_G","Defend_G","Defend_G","Defend_G","Defend_G","Survivor","Neutralize","Die Die Die","Crippling Poison","Bouncing Flask+1","Doubt","Noxious Fumes","Burst","Catalyst+1"],"relics":["Ring of the Snake","Orichalcum","Paper Crane","Snake Skull"],"acts_visited":["Exordium"],"potions_floor_usage":[10],"damage_taken":[{"damage":6.0,"enemies":"Jaw Worm","floor":1.0,"turns":4.0},{"damage":0.0,"enemies":"2 Louse","floor":5.0,"turns":1.0},{"damage":18,"enemies":"Lagavulin","floor":8,"turns":5},{"damage":0,"enemies":"Cultist","floor":10,"turns":3},{"damage":2,"enemies":"Exordium Thugs","floor":12,"turns":3},{"damage":27,"enemies":"Gremlin Nob","floor":13,"turns":3}],"seed_played":"5327557122793710434","potions_obtained":[{"floor":5.0,"key":"Explosive Potion"}],"is_trial":false,"path_per_floor":["M","?","$","?","M","$","R","E","T","M","R","M","E"],"character_chosen":"THE_SILENT","items_purchased":["Bouncing Flask","Noxious Fumes"],"campfire_rested":0,"item_purchase_floors":[3,6],"current_hp_per_floor":[53,42,42,42,42,42,42,24,24,24,24,22,0,0],"gold":169,"neow_bonus":"THREE_RARE_CARDS","is_daily":false,"chose_seed":false,"campfire_upgraded":2,"win_rate":0.0,"timestamp":1609491782,"path_taken":["M","?","$","?","?","?","R","E","T","M","R","M","E"],"items_purchased_type":["Card","Card"],"build_version":"2020-12-22","purchased_purges":1,"victory":false,"max_hp_per_floor":[66,66,66,66,66,66,66,66,66,66,66,66,66,66],"relic_stats":{"counters":[6,19],"Snake Skull":[15],"Orichalcum":[72],"obtain_stats":[{"Snake Skull":9,"Orichalcum":2,"Paper Crane":8,"Ring of the Snake":0},{"Snake Skull":3,"Orichalcum":1,"Paper Crane":3,"Ring of the Snake":0},{"Snake Skull":10,"Orichalcum":4,"Paper Crane":10,"Ring of the Snake":0}],"Ring of the Snake":[12]},"card_choices":[{"not_picked":["Burst","Bullet Time"],"picked":"Die Die Die","floor":0.0},{"not_picked":["Cloak And Dagger","Predator"],"picked":"Crippling Poison","floor":1.0},{"not_picked":["Flying Knee","Deflect","Dagger Throw"],"picked":"SKIP","floor":5.0},{"not_picked":["Acrobatics","Heel Hook"],"picked":"Burst","floor":8},{"not_picked":["Blade Dance","Concentrate"],"picked":"Catalyst","floor":10},{"not_picked":["Backflip","Skewer","Poisoned Stab"],"picked":"SKIP","floor":12}],"player_experience":766403,"relics_obtained":[{"floor":8,"key":"Paper Crane"},{"floor":9,"key":"Snake Skull"}],"event_choices":[{"damage_healed":0.0,"max_hp_gain":0.0,"max_hp_loss":0.0,"gold_gain":0.0,"event_name":"Scrap Ooze","player_choice":"Success","floor":2.0,"gold_loss":0.0,"damage_taken":11.0,"relics_obtained":["Orichalcum"]},{"damage_healed":0.0,"max_hp_gain":0.0,"max_hp_loss":0.0,"gold_gain":150.0,"event_name":"Liars Game","player_choice":"AGREE","floor":4.0,"gold_loss":0.0,"damage_taken":0.0,"cards_obtained":["Doubt"]}],"is_beta":false,"boss_relics":[],"items_purged_floors":[6],"is_endless":false,"potions_floor_spawned":[5],"killed_by":"Gremlin Nob","ascension_level":19}}