{"host":"2pffx5rqbod9ds0c","time":1609505759,"event":{"mods":["BaseMod","Better Altar","Better Match","Better Note","Better Sensory Stone","Better Skull","Better Third Choice","Custom Start","Hubris","Minty Spire (QoL Compilation)","Quick Restart","Relic Stats","Spicy Shops","StSLib","The Marked"],"gold_per_floor":[118,118,130,130,144,170,180,209,209,234,234,37,37,51,51,146,146,156,156,170,70,120,120,148,148,172,199,223,223,223,234,234,332,332,351,363,90,90,90],"floor_reached":38,"playtime":2012,"items_purged":["theMarked:Strike","theMarked:Frustration","theMarked:GodGivenPower"],"score":480,"play_id":"24f3d8fa-45b2-45ac-939c-fc7280409df1","local_time":"20210101045559","is_ascension_mode":false,"campfire_choices":[{"data":"theMarked:StartUp","floor":11.0,"key":"SMITH"},{"data":"theMarked:Vacuum","floor":13.0,"key":"SMITH"},{"data":"theMarked:RogueSparks","floor":15.0,"key":"SMITH"},{"data":"theMarked:Defy","floor":23.0,"key":"SMITH"},{"data":"theMarked:Improvise","floor":29.0,"key":"SMITH"},{"data":"theMarked:Levitate","floor":32.0,"key":"SMITH"}],"circlet_count":0,"master_deck":["theMarked:SoldierOfQuellstein+1","theMarked:Frustration+1","Bloodletting","theMarked:RogueSparks+1","theMarked:StartUp+1","theMarked:Vacuum+1","theMarked:HeritageOfTheMarked","theMarked:GodGivenPower","theMarked:ReduceFriction","theMarked:Levitate+1","theMarked:Defy+1","theMarked:Improvise+1","theMarked:HeightenedSenses","theMarked:MagicAdept","theMarked:Panic","theMarked:ReduceFriction","theMarked:Parry+1","theMarked:Defy+1","theMarked:Abjuration+1","theMarked:Abjuration","theMarked:Vacuum+1"],"relics":["theMarked:ArtifactOfAir","NeowsBlessing","Tiny Chest","Bottled Flame","hubris:BottledRain","MealTicket","Bird Faced Urn","Pandora\u0027s Box","Peace Pipe","hubris:Reverence","Regal Pillow","Vajra","Whetstone","Dead Branch","Snecko Eye","DollysMirror"],"acts_visited":["Exordium","TheCity","TheBeyond"],"potions_floor_usage":[],"damage_taken":[{"damage":0.0,"enemies":"2 Louse","floor":1.0,"turns":1.0},{"damage":0.0,"enemies":"Cultist","floor":3.0,"turns":1.0},{"damage":0.0,"enemies":"Small Slimes","floor":5.0,"turns":1.0},{"damage":21.0,"enemies":"Lagavulin","floor":6.0,"turns":7.0},{"damage":3.0,"enemies":"3 Louse","floor":7.0,"turns":4.0},{"damage":17.0,"enemies":"Gremlin Nob","floor":8.0,"turns":4.0},{"damage":20.0,"enemies":"Lagavulin","floor":10.0,"turns":6.0},{"damage":6.0,"enemies":"Looter","floor":14.0,"turns":3.0},{"damage":3.0,"enemies":"Slime Boss","floor":16.0,"turns":7.0},{"damage":8.0,"enemies":"Spheric Guardian","floor":18.0,"turns":3.0},{"damage":13.0,"enemies":"2 Thieves","floor":20.0,"turns":3.0},{"damage":44.0,"enemies":"Slavers","floor":24.0,"turns":5.0},{"damage":3.0,"enemies":"Gremlin Leader","floor":27.0,"turns":5.0},{"damage":3.0,"enemies":"Shelled Parasite and Fungi","floor":31.0,"turns":2.0},{"damage":14,"enemies":"Collector","floor":33,"turns":5},{"damage":13,"enemies":"3 Darklings","floor":35,"turns":3},{"damage":0,"enemies":"3 Shapes","floor":36,"turns":3},{"damage":129,"enemies":"Transient","floor":38,"turns":5}],"seed_played":"4955294029450244136","potions_obtained":[{"floor":1.0,"key":"SneckoOil"},{"floor":6.0,"key":"PowerPotion"},{"floor":14.0,"key":"PowerPotion"},{"floor":24.0,"key":"SteroidPotion"},{"floor":27.0,"key":"BlessingOfTheForge"},{"floor":31.0,"key":"Ancient Potion"}],"is_trial":false,"path_per_floor":["M","?","M","?","M","E","M","E","T","E","R","$","R","M","R","B",null,"M","T","M","$","?","R","E","?","T","E","T","R","T","M","R","B",null,"M","M","$","M"],"character_chosen":"THE_DEFAULT","items_purchased":["theMarked:GodGivenPower","theMarked:ReduceFriction","DollysMirror"],"campfire_rested":0,"item_purchase_floors":[12,12,37],"current_hp_per_floor":[70,62,62,62,62,41,38,21,21,1,1,16,16,12,12,17,70,65,65,56,70,70,70,30,30,30,29,29,29,29,32,32,24,70,61,67,70,0,0],"gold":90,"neow_bonus":"THREE_ENEMY_KILL","is_daily":false,"chose_seed":false,"campfire_upgraded":6,"win_rate":0.0,"timestamp":1609505759,"path_taken":["M","?","M","?","M","E","?","E","T","E","R","?","R","M","R","BOSS","M","?","M","$","?","R","E","?","T","E","?","R","?","M","R","BOSS","M","?","$","M"],"items_purchased_type":["Card","Card","Relic"],"build_version":"2020-12-22","purchased_purges":3,"victory":false,"max_hp_per_floor":[70,70,70,70,70,70,70,70,70,70,70,70,70,70,70,70,70,70,70,70,70,70,70,70,70,70,70,70,70,70,70,70,70,70,70,70,70,70,70],"relic_stats":{"Peace Pipe":2,"Regal Pillow":0,"counters":[18,65],"Bird Faced Urn":[47],"Dead Branch":[29],"Snecko Eye":[30,13,23,24],"Tiny Chest":2,"MealTicket":32,"Pandora\u0027s Box":["theMarked:Defy","theMarked:Improvise","theMarked:HeightenedSenses","theMarked:MagicAdept","theMarked:Frustration","theMarked:GodGivenPower","theMarked:Panic","theMarked:ReduceFriction"],"Whetstone":["theMarked:Frustration","theMarked:Abjuration"],"obtain_stats":[{"Regal Pillow":26,"NeowsBlessing":0,"Dead Branch":30,"Vajra":27,"Whetstone":28,"Peace Pipe":19,"theMarked:ArtifactOfAir":0,"Bottled Flame":6,"DollysMirror":37,"Bird Faced Urn":10,"Snecko Eye":34,"Tiny Chest":2,"MealTicket":9,"Pandora\u0027s Box":17,"hubris:BottledRain":8,"hubris:Reverence":24},{"Regal Pillow":12,"NeowsBlessing":0,"Dead Branch":13,"Vajra":13,"Whetstone":13,"Peace Pipe":10,"theMarked:ArtifactOfAir":0,"Bottled Flame":4,"DollysMirror":17,"Bird Faced Urn":7,"Snecko Eye":15,"Tiny Chest":1,"MealTicket":6,"Pandora\u0027s Box":9,"hubris:BottledRain":6,"hubris:Reverence":12},{"Regal Pillow":42,"NeowsBlessing":0,"Dead Branch":47,"Vajra":47,"Whetstone":47,"Peace Pipe":34,"theMarked:ArtifactOfAir":0,"Bottled Flame":9,"DollysMirror":60,"Bird Faced Urn":21,"Snecko Eye":54,"Tiny Chest":1,"MealTicket":16,"Pandora\u0027s Box":31,"hubris:BottledRain":16,"hubris:Reverence":42}]},"card_choices":[{"not_picked":["theMarked:ElectricStrings","theMarked:RepellingDischarge"],"picked":"theMarked:Frustration","floor":1.0},{"not_picked":["theMarked:RepellingDischarge","theMarked:Frustration"],"picked":"theMarked:RogueSparks","floor":3.0},{"not_picked":["theMarked:ShockingTouch","theMarked:EmpowerWeapon","theMarked:RepellingDischarge"],"picked":"SKIP","floor":5.0},{"not_picked":["theMarked:ElectricStrings","theMarked:WastefulDefense"],"picked":"theMarked:StartUp","floor":6.0},{"not_picked":["theMarked:Overthink","theMarked:EmpowerWeapon","theMarked:LightningStrikesTwice"],"picked":"SKIP","floor":7.0},{"not_picked":["theMarked:EnhanceMovement","theMarked:Vacuum","theMarked:LightningStrikesTwice"],"picked":"SKIP","floor":8.0},{"not_picked":["theMarked:EnhanceMovement","theMarked:LightningStrikesTwice"],"picked":"theMarked:Vacuum","floor":8.0},{"not_picked":["theMarked:ElectricStrings","theMarked:Aftermath"],"picked":"theMarked:HeritageOfTheMarked","floor":10.0},{"not_picked":["theMarked:HeightenedSenses","theMarked:Static","theMarked:TakeCover"],"picked":"SKIP","floor":14.0},{"not_picked":["theMarked:BindingBlade","theMarked:ThrowWeapon"],"picked":"theMarked:Levitate","floor":16.0},{"not_picked":["theMarked:GodGivenPower+1","theMarked:WastefulAttack+1","theMarked:EmpowerWeapon"],"picked":"SKIP","floor":18.0},{"not_picked":["theMarked:ChainLightning","theMarked:TunnelVision","theMarked:ParalyzingBlade"],"picked":"SKIP","floor":20.0},{"not_picked":["theMarked:EmpowerWeapon","theMarked:Parkour"],"picked":"theMarked:Parry+1","floor":24.0},{"not_picked":["theMarked:Static+1","theMarked:AttractMetal"],"picked":"theMarked:Abjuration","floor":27.0},{"not_picked":["theMarked:Parkour","theMarked:ContemptForTheProud","theMarked:WastefulDefense"],"picked":"SKIP","floor":31.0},{"not_picked":["theMarked:Levitate","theMarked:UnarmedFury"],"picked":"theMarked:Abjuration","floor":33},{"not_picked":["theMarked:Convert","theMarked:Opportunist+1","theMarked:Panic"],"picked":"SKIP","floor":35},{"not_picked":["theMarked:ReduceFriction","theMarked:WardOff","theMarked:TwofoldDefense"],"picked":"SKIP","floor":36}],"player_experience":717366,"relics_obtained":[{"floor":6.0,"key":"Bottled Flame"},{"floor":8.0,"key":"hubris:BottledRain"},{"floor":9.0,"key":"MealTicket"},{"floor":10.0,"key":"Bird Faced Urn"},{"floor":19.0,"key":"Peace Pipe"},{"floor":24.0,"key":"hubris:Reverence"},{"floor":26.0,"key":"Regal Pillow"},{"floor":27.0,"key":"Vajra"},{"floor":28.0,"key":"Whetstone"},{"floor":30.0,"key":"Dead Branch"}],"event_choices":[{"damage_healed":0.0,"max_hp_gain":0.0,"max_hp_loss":0.0,"gold_gain":0.0,"event_name":"Upgrade Shrine","player_choice":"Upgraded","floor":4.0,"gold_loss":0.0,"damage_taken":0.0,"cards_upgraded":["theMarked:SoldierOfQuellstein"]},{"damage_healed":0.0,"max_hp_gain":0.0,"max_hp_loss":0.0,"gold_gain":100.0,"event_name":"The Joust","player_choice":"Bet on Murderer","floor":22.0,"gold_loss":50.0,"damage_taken":0.0},{"damage_healed":0.0,"max_hp_gain":0.0,"max_hp_loss":0.0,"gold_gain":0.0,"event_name":"Duplicator","player_choice":"Copied","floor":25.0,"gold_loss":0.0,"damage_taken":0.0,"cards_obtained":["theMarked:Defy"]}],"is_beta":false,"boss_relics":[{"not_picked":["hubris:VirtuousBlindfold","hubris:Backtick"],"picked":"Pandora\u0027s Box"},{"not_picked":["hubris:RunicObelisk","hubris:Stopwatch"],"picked":"Snecko Eye"}],"items_purged_floors":[12,21,37],"is_endless":false,"potions_floor_spawned":[1,6,14,24,27,31,35],"killed_by":"Transient","ascension_level":0}}