{"host":"i09pxcjttd31eh4q","time":1609518533,"event":{"mods":["AchievementEnabler","BaseMod","Colored Map","Keyboard Shortcuts","Minty Spire (QoL Compilation)","StSLib","SuperFastMode"],"gold_per_floor":[116,116,127,138,138,138,167,167,167,184,184,198,348,37,37,37,37],"floor_reached":16,"playtime":276,"items_purged":["Doubt"],"score":200,"play_id":"3986f7a7-8209-4a71-a327-fcdd471c5081","local_time":"20210102012853","is_ascension_mode":true,"campfire_choices":[{"data":"Deadly Poison","floor":6.0,"key":"SMITH"},{"data":"Tactician","floor":8.0,"key":"SMITH"},{"floor":15.0,"key":"REST"}],"circlet_count":0,"master_deck":["AscendersBane","Strike_G","Strike_G","Strike_G","Strike_G","Defend_G+1","Defend_G","Defend_G","Defend_G","Defend_G","Survivor+1","Neutralize","Leg Sweep","Calculated Gamble+1","Crippling Poison","Deadly Poison+1","Tactician+1","Dodge and Roll+1","Acrobatics+1","Blade Dance+1","Backflip+1","Footwork"],"relics":["Ring of the Snake","NeowsBlessing","Prayer Wheel","Toxic Egg 2","Bag of Preparation"],"acts_visited":["Exordium"],"potions_floor_usage":[16,16],"damage_taken":[{"damage":0.0,"enemies":"2 Louse","floor":1.0,"turns":1.0},{"damage":0.0,"enemies":"Cultist","floor":3.0,"turns":1.0},{"damage":0.0,"enemies":"Jaw Worm","floor":4.0,"turns":1.0},{"damage":28.0,"enemies":"Lagavulin","floor":7.0,"turns":8.0},{"damage":5.0,"enemies":"Looter","floor":10.0,"turns":4.0},{"damage":0.0,"enemies":"Red Slaver","floor":12.0,"turns":7.0},{"damage":16,"enemies":"Slime Boss","floor":16,"turns":6}],"seed_played":"-7205431218555374392","potions_obtained":[{"floor":1.0,"key":"SmokeBomb"},{"floor":4.0,"key":"DistilledChaos"},{"floor":7.0,"key":"Dexterity Potion"},{"floor":12.0,"key":"Block Potion"}],"is_trial":false,"path_per_floor":["M","?","M","M","?","R","E","R","T","M","?","M","?","$","R","B"],"character_chosen":"THE_SILENT","items_purchased":["Bag of Preparation","Footwork"],"campfire_rested":1,"item_purchase_floors":[14,14],"current_hp_per_floor":[59,59,59,59,39,39,11,11,11,6,6,6,6,6,25,9,9],"gold":37,"neow_bonus":"THREE_ENEMY_KILL","is_daily":false,"chose_seed":false,"campfire_upgraded":2,"win_rate":0.0,"timestamp":1609518533,"path_taken":["M","?","M","?","?","R","E","R","T","M","?","?","?","$","R","BOSS"],"items_purchased_type":["Relic","Card"],"build_version":"2020-12-22","purchased_purges":1,"victory":false,"max_hp_per_floor":[66,66,66,66,66,66,66,66,66,66,66,66,66,66,66,66,66],"card_choices":[{"not_picked":["Deflect","Flying Knee"],"picked":"Leg Sweep","floor":1.0},{"not_picked":["Blur","Dodge and Roll"],"picked":"Crippling Poison","floor":3.0},{"not_picked":["Predator","Sucker Punch"],"picked":"Deadly Poison","floor":4.0},{"not_picked":["Corpse Explosion","Dagger Throw"],"picked":"Tactician","floor":7.0},{"not_picked":["PiercingWail+1","Sucker Punch"],"picked":"Dodge and Roll+1","floor":10.0},{"not_picked":["Caltrops","Reflex+1"],"picked":"Acrobatics+1","floor":10.0},{"not_picked":["Setup+1","Dash"],"picked":"Blade Dance+1","floor":12.0},{"not_picked":["Flying Knee","Escape Plan+1"],"picked":"Backflip+1","floor":12.0}],"player_experience":812622,"relics_obtained":[{"floor":7.0,"key":"Prayer Wheel"},{"floor":9.0,"key":"Toxic Egg 2"}],"event_choices":[{"damage_healed":0.0,"max_hp_gain":0.0,"max_hp_loss":0.0,"gold_gain":0.0,"cards_transformed":["Strike_G"],"event_name":"Transmorgrifier","player_choice":"Transformed","floor":2.0,"gold_loss":0.0,"damage_taken":0.0,"cards_obtained":["Calculated Gamble"]},{"damage_healed":0.0,"max_hp_gain":0.0,"max_hp_loss":0.0,"gold_gain":0.0,"event_name":"Shining Light","player_choice":"Entered Light","floor":5.0,"gold_loss":0.0,"damage_taken":20.0,"cards_upgraded":["Survivor","Defend_G"]},{"damage_healed":0.0,"max_hp_gain":0.0,"max_hp_loss":0.0,"gold_gain":0.0,"event_name":"Upgrade Shrine","player_choice":"Upgraded","floor":11.0,"gold_loss":0.0,"damage_taken":0.0,"cards_upgraded":["Calculated Gamble"]},{"damage_healed":0.0,"max_hp_gain":0.0,"max_hp_loss":0.0,"gold_gain":150.0,"event_name":"Liars Game","player_choice":"AGREE","floor":13.0,"gold_loss":0.0,"damage_taken":0.0,"cards_obtained":["Doubt"]}],"is_beta":false,"boss_relics":[],"items_purged_floors":[14],"is_endless":false,"potions_floor_spawned":[1,4,7,12],"killed_by":"Slime Boss","ascension_level":20}}