{"host":"1u4zr9vl8my47i07","time":1609464198,"event":{"mods":["AchievementEnabler","BaseMod","DeckTracker","Highlight Path","Keyboard Shortcuts","Minty Spire (QoL Compilation)","Practice Mode","Relic Stats","StSLib","The Animator","Uncapped"],"gold_per_floor":[131,131,56,56,22,64,77,77,77,77,89,107,7,7,7,119,119,129,149,24,24,24,24,49,94,143,143,153,165,183,196,196,291,291,328,328,328,62,115,115,153,153,153,171,171,186,186,198,198,198],"floor_reached":51,"playtime":4473,"items_purged":["animator:Strike","animator:Defend","animator:Defend","animator:Defend_Konosuba"],"score":693,"play_id":"4233f93e-71ce-4a7b-80cc-67584356b466","local_time":"20210101102318","is_ascension_mode":false,"campfire_choices":[{"data":"animator:Eris","floor":8.0,"key":"SMITH"},{"data":"animator:Megumin+1","floor":15.0,"key":"SMITH"},{"data":"animator:Wiz","floor":23.0,"key":"SMITH"},{"data":"animator:Aqua","floor":27,"key":"SMITH"},{"data":"animator:Verdia","floor":32,"key":"SMITH"},{"data":"animator:Hibiki","floor":40,"key":"SMITH"},{"data":"animator:Vesta","floor":42,"key":"SMITH"},{"data":"animator:KotoriKanbe","floor":45,"key":"SMITH"},{"data":"animator:Wiz","floor":49,"key":"SMITH"}],"circlet_count":0,"master_deck":["animator:Strike_Konosuba+1","animator:Defend+1","animator:Kazuma+1","animator:Aqua+1","animator:Benimaru","animator:Darkness","animator:Eris+1","animator:MetalKnight","animator:Megumin+15","animator:Kaijin","animator:FeridBathory","animator:PandorasActor+1","animator:Wiz+1","animator:Mitsurugi","animator:Kazuma","animator:Boros","animator:Mitsurugi","animator:Verdia+1","animator:Wiz+1","animator:YunYun+1","animator:QuestionMark","animator:Hibiki+1","animator:KotoriKanbe+1","animator:Vesta+1","animator:Millim","animator:Vanir+1"],"relics":["animator:LivingPicture","animator:TheMissingPiece","NeowsBlessing","Lantern","Red Skull","Coffee Dripper","Centennial Puzzle","Gambling Chip","War Paint","SlaversCollar","animator:CerealBox","Strawberry","CloakClasp","Bottled Lightning"],"acts_visited":["Exordium","TheCity","TheBeyond"],"potions_floor_usage":[28,29,30,41,41,50,50],"damage_taken":[{"damage":0.0,"enemies":"Jaw Worm","floor":1.0,"turns":1.0},{"damage":0.0,"enemies":"Gremlin Nob","floor":6.0,"turns":1.0},{"damage":0.0,"enemies":"Small Slimes","floor":7.0,"turns":1.0},{"damage":3.0,"enemies":"Cultist","floor":11.0,"turns":4.0},{"damage":7.0,"enemies":"Large Slime","floor":12.0,"turns":6.0},{"damage":31.0,"enemies":"Hexaghost","floor":16.0,"turns":9.0},{"damage":10.0,"enemies":"Spheric Guardian","floor":18.0,"turns":5.0},{"damage":13.0,"enemies":"2 Thieves","floor":19.0,"turns":3.0},{"damage":51.0,"enemies":"Book of Stabbing","floor":25.0,"turns":7.0},{"damage":0,"enemies":"Shelled Parasite and Fungi","floor":28,"turns":2},{"damage":0,"enemies":"Chosen and Byrds","floor":29,"turns":4},{"damage":0,"enemies":"Cultist and Chosen","floor":30,"turns":4},{"damage":9,"enemies":"Snake Plant","floor":31,"turns":5},{"damage":47,"enemies":"Champ","floor":33,"turns":10},{"damage":6,"enemies":"3 Darklings","floor":35,"turns":3},{"damage":30,"enemies":"Reptomancer","floor":41,"turns":4},{"damage":0,"enemies":"Orb Walker","floor":44,"turns":3},{"damage":14,"enemies":"Maw","floor":46,"turns":6},{"damage":0,"enemies":"Transient","floor":48,"turns":5},{"damage":47,"enemies":"Time Eater","floor":50,"turns":7}],"seed_played":"-8976096709680092151","potions_obtained":[{"floor":1.0,"key":"Regen Potion"},{"floor":11.0,"key":"Energy Potion"},{"floor":16.0,"key":"DistilledChaos"},{"floor":18.0,"key":"FearPotion"},{"floor":29,"key":"AttackPotion"},{"floor":30,"key":"Swift Potion"},{"floor":33,"key":"GamblersBrew"},{"floor":35,"key":"CultistPotion"},{"floor":41,"key":"Weak Potion"}],"is_trial":false,"path_per_floor":["M","?","$","?","$","E","M","R","T","?","M","M","$","?","R","B",null,"M","M","$","?","?","R","T","E","T","R","M","M","M","M","R","B",null,"M","?","?","$","T","R","E","R","T","M","R","M","?","M","R","B",null],"character_chosen":"THE_ANIMATOR","items_purchased":["animator:Darkness","animator:CerealBox"],"campfire_rested":0,"item_purchase_floors":[5,38],"current_hp_per_floor":[66,66,66,66,66,66,66,66,66,53,59,61,61,61,61,38,68,67,62,62,62,62,62,62,19,19,19,37,46,58,59,59,27,70,70,70,60,60,67,67,40,40,40,46,46,48,48,59,59,21],"gold":198,"neow_bonus":"THREE_ENEMY_KILL","is_daily":false,"chose_seed":false,"campfire_upgraded":9,"win_rate":0.0,"timestamp":1609464198,"path_taken":["M","?","$","?","?","E","M","R","T","?","M","?","$","?","R","BOSS","M","?","$","?","?","R","?","E","T","R","M","M","M","M","R","BOSS","M","?","?","$","?","R","E","R","T","M","R","?","?","M","R","BOSS"],"items_purchased_type":["Card","Relic"],"build_version":"2020-12-22","purchased_purges":4,"victory":true,"max_hp_per_floor":[66,66,66,66,66,66,66,66,66,66,67,68,68,68,68,68,68,69,69,69,69,69,69,69,69,69,69,69,69,69,70,70,70,70,70,70,70,70,77,77,77,77,77,77,77,78,78,80,80,80],"relic_stats":{"Centennial Puzzle":[21],"counters":[20,90],"Gambling Chip":[22],"CloakClasp":[60],"War Paint":["animator:PandorasActor","animator:Kazuma"],"obtain_stats":[{"Lantern":6,"NeowsBlessing":0,"animator:TheMissingPiece":0,"CloakClasp":41,"War Paint":26,"animator:CerealBox":38,"SlaversCollar":34,"Centennial Puzzle":24,"Gambling Chip":25,"Strawberry":39,"animator:LivingPicture":0,"Coffee Dripper":17,"Bottled Lightning":43,"Red Skull":9},{"Lantern":2,"NeowsBlessing":0,"animator:TheMissingPiece":0,"CloakClasp":16,"War Paint":9,"animator:CerealBox":15,"SlaversCollar":14,"Centennial Puzzle":8,"Gambling Chip":9,"Strawberry":15,"animator:LivingPicture":0,"Coffee Dripper":6,"Bottled Lightning":16,"Red Skull":3},{"Lantern":2,"NeowsBlessing":0,"animator:TheMissingPiece":0,"CloakClasp":69,"War Paint":37,"animator:CerealBox":65,"SlaversCollar":62,"Centennial Puzzle":30,"Gambling Chip":37,"Strawberry":65,"animator:LivingPicture":0,"Coffee Dripper":22,"Bottled Lightning":69,"Red Skull":3}]},"card_choices":[{"not_picked":["animator:CrowleyEusford","animator:Mitsurugi"],"picked":"animator:Benimaru","floor":1.0},{"not_picked":["animator:Caster","animator:Darkness"],"picked":"animator:Eris","floor":6.0},{"not_picked":["animator:Geryuganshoop","animator:Hakurou"],"picked":"animator:MetalKnight","floor":7.0},{"not_picked":["animator:Kazuma","animator:Chris"],"picked":"animator:Megumin","floor":11.0},{"not_picked":["animator:MaesHughes","animator:Verdia"],"picked":"animator:Kaijin","floor":12.0},{"not_picked":["animator:Boros","animator:Envy"],"picked":"animator:FeridBathory","floor":16.0},{"not_picked":["animator:Sloth","animator:Illya"],"picked":"animator:Shigure","floor":18.0},{"not_picked":["animator:CrowleyEusford+1","animator:Rider"],"picked":"animator:PandorasActor","floor":19.0},{"not_picked":["animator:Vanir","animator:Darkness"],"picked":"animator:Mitsurugi","floor":25},{"not_picked":["animator:Alexander+1","animator:RinTohsaka"],"picked":"animator:Kazuma","floor":28},{"not_picked":["animator:ElricEdward","animator:Shuna"],"picked":"animator:Boros","floor":29},{"not_picked":["animator:WinryRockbell+1","animator:ElricEdward+1"],"picked":"animator:Mitsurugi","floor":30},{"not_picked":["animator:Aqua","animator:Vanir"],"picked":"animator:Verdia","floor":31},{"not_picked":["animator:Albedo","animator:Boros"],"picked":"animator:Wiz","floor":33},{"not_picked":["animator:WinryRockbell","animator:Chris"],"picked":"animator:YunYun+1","floor":35},{"not_picked":["animator:Urushihara","animator:Zero"],"picked":"animator:QuestionMark","floor":37},{"not_picked":["animator:Magilou","animator:Kuroyukihime"],"picked":"animator:Hibiki","floor":37},{"not_picked":["animator:Lelouch","animator:MisakiNakahara"],"picked":"animator:KotoriKanbe","floor":37},{"not_picked":["animator:NarberalGamma+1","animator:Rider"],"picked":"animator:Vesta","floor":41},{"not_picked":["animator:SilverFang+1","animator:HiiragiShinya","animator:Assassin"],"picked":"SKIP","floor":44},{"not_picked":["animator:Kaijin","animator:Shion"],"picked":"animator:Millim","floor":46},{"not_picked":["animator:RoyMustang","animator:NarberalGamma+1"],"picked":"animator:Vanir+1","floor":48}],"player_experience":232341,"relics_obtained":[{"floor":6.0,"key":"Lantern"},{"floor":9.0,"key":"Red Skull"},{"floor":24.0,"key":"Centennial Puzzle"},{"floor":25,"key":"Gambling Chip"},{"floor":26,"key":"War Paint"},{"floor":39,"key":"Strawberry"},{"floor":41,"key":"CloakClasp"},{"floor":43,"key":"Bottled Lightning"}],"event_choices":[{"cards_removed":["animator:Strike"],"damage_healed":0.0,"max_hp_gain":0.0,"max_hp_loss":0.0,"gold_gain":0.0,"event_name":"Living Wall","player_choice":"Forget","floor":2.0,"gold_loss":0.0,"damage_taken":0.0},{"damage_healed":0.0,"max_hp_gain":0.0,"max_hp_loss":0.0,"gold_gain":0.0,"event_name":"Shining Light","player_choice":"Entered Light","floor":10.0,"gold_loss":0.0,"damage_taken":13.0,"cards_upgraded":["animator:Strike","animator:Defend"]},{"damage_healed":0.0,"max_hp_gain":0.0,"max_hp_loss":0.0,"gold_gain":0.0,"event_name":"NoteForYourself","player_choice":"Ignored","floor":14.0,"gold_loss":0.0,"damage_taken":0.0},{"cards_removed":["animator:Strike"],"damage_healed":0.0,"max_hp_gain":0.0,"max_hp_loss":0.0,"gold_gain":0.0,"event_name":"Back to Basics","player_choice":"Elegance","floor":21.0,"gold_loss":0.0,"damage_taken":0.0},{"damage_healed":0.0,"max_hp_gain":0.0,"max_hp_loss":0.0,"gold_gain":0.0,"event_name":"The Library","player_choice":"Read","floor":22.0,"gold_loss":0.0,"damage_taken":0.0,"cards_obtained":["animator:Wiz"]},{"cards_removed":["animator:Shigure"],"damage_healed":0,"gold_gain":0,"player_choice":"Removed Attack","damage_taken":0,"max_hp_gain":0,"max_hp_loss":0,"event_name":"Falling","floor":36,"gold_loss":0},{"damage_healed":0,"gold_gain":0,"player_choice":"Memory 3","damage_taken":10,"max_hp_gain":0,"max_hp_loss":0,"event_name":"SensoryStone","floor":37,"gold_loss":0},{"damage_healed":0,"gold_gain":0,"player_choice":"Ignored","damage_taken":0,"max_hp_gain":0,"max_hp_loss":0,"event_name":"Mysterious Sphere","floor":47,"gold_loss":0}],"is_beta":false,"boss_relics":[{"not_picked":["Runic Dome","Astrolabe"],"picked":"Coffee Dripper"},{"not_picked":["Busted Crown","Philosopher\u0027s Stone"],"picked":"SlaversCollar"}],"items_purged_floors":[3,13,20,38],"is_endless":false,"potions_floor_spawned":[1,11,16,18,29,30,33,35,41],"ascension_level":0}}