{"host":"bf9sa99gaumonoeu","time":1609510350,"event":{"mods":["AchievementEnabler","Act Like it!","BaseMod","Colored Map","Colored Powertips","Downfall","Friendly Minions","Gensokyo","Hallownest","Hermit","Jorbs\u0027s Wanderer Trilogy","Lobotomy","Marisa????????","Minty Spire (QoL Compilation)","Remilia??????","Replay The Spire","Shop Mod","StSLib","The Animator","The Bug Knight","The Cursed","The Disciple","The Hierophant","The Jungle","The Senshi","The Servant 0.9.4"],"gold_per_floor":[110,133,155,80,80,80,114,114,168,183,212,212,14,14,14,123,123,138,169,169,115,115,115,115,141,141,160,160,175,202,222,222,321,321,336,353,375,47,47,64,77,110,110,130,130,130,159,6,6,10],"floor_reached":51,"playtime":8282,"items_purged":["animator:Strike"],"score":957,"play_id":"6e25fa48-53b1-481a-99c3-8f4ca8bc7894","local_time":"20210101121230","is_ascension_mode":true,"campfire_choices":[{"data":"animator:Shigure","floor":6.0,"key":"SMITH"},{"data":"animator:Nanami","floor":8.0,"key":"SMITH"},{"data":"animator:KyokoSakura","floor":12.0,"key":"SMITH"},{"data":"animator:Alexander","floor":15.0,"key":"SMITH"},{"data":"animator:PinaCoLada","floor":23.0,"key":"SMITH"},{"floor":28.0,"key":"REST"},{"floor":32.0,"key":"REST"},{"data":"animator:Guren","floor":45.0,"key":"SMITH"},{"floor":49.0,"key":"REST"}],"circlet_count":0,"master_deck":["animator:Strike_Katanagatari+1","animator:Azekura","animator:Emonzaemon","animator:Alexander+1","animator:KyokoSakura+1","animator:Shigure+1","animator:ZankiKiguchi","Hallownest:skillLeafShield+1","Hallownest:skillLeafShield+1","Hallownest:skillLeafShield","Hallownest:skillLeafShield","Hallownest:skillLeafShield","animator:Nanami+1","animator:Archer","animator:SilverFang","animator:Togame","animator:Shimakaze","animator:Shigure","animator:PinaCoLada+1","animator:Shichika","animator:Guy","Writhe","animator:Kaijin","animator:RoryMercury","animator:Shichika","animator:Mitsuba+1","animator:Saitama","animator:Guren+1","animator:Lelouch","animator:RinTohsaka","animator:Elsword","animator:UneriGinkaku+1","animator:Laby","animator:Urushihara"],"relics":["animator:VividPicture","animator:TheMissingPiece","animator:PurgingStone","War Paint","Simple Rune","Bottled Flame","Sozu","Replay:Bottled Snecko","Enchiridion","animator:ShionDessert","CloakClasp","Red Skull","HandDrill","Pocketwatch","theSenshi:SailorFukuRelic"],"acts_visited":["Exordium","TheCity","TheBeyond"],"potions_floor_usage":[50],"damage_taken":[{"damage":0.0,"enemies":"Hallownest:monsterHuskWarrior","floor":1.0,"turns":5.0},{"damage":0.0,"enemies":"Hallownest:monsterHuskGuard","floor":2.0,"turns":4.0},{"damage":4.0,"enemies":"2_ Uuma","floor":3.0,"turns":3.0},{"damage":4.0,"enemies":"Hallownest:eliteMossKnight","floor":7.0,"turns":5.0},{"damage":0.0,"enemies":"Hallownest:monsterMossCharger","floor":10.0,"turns":2.0},{"damage":0.0,"enemies":"Hallownest:eliteVengeflyKing","floor":11.0,"turns":5.0},{"damage":27.0,"enemies":"Hallownest:BossFalseKnight","floor":16.0,"turns":8.0},{"damage":0.0,"enemies":"Chosen","floor":18.0,"turns":4.0},{"damage":14.0,"enemies":"Shell Parasite","floor":19.0,"turns":6.0},{"damage":25.0,"enemies":"Gremlin Leader","floor":25.0,"turns":7.0},{"damage":0.0,"enemies":"Centurion and Healer","floor":27.0,"turns":5.0},{"damage":9.0,"enemies":"Snake Plant","floor":29.0,"turns":3.0},{"damage":7.0,"enemies":"animator:HornedBat","floor":30.0,"turns":7.0},{"damage":0.0,"enemies":"Shelled Parasite and Fungi","floor":31.0,"turns":3.0},{"damage":10.0,"enemies":"Collector","floor":33.0,"turns":7.0},{"damage":0.0,"enemies":"3 Shapes","floor":35.0,"turns":3.0},{"damage":0.0,"enemies":"Orb Walker","floor":36.0,"turns":3.0},{"damage":8.0,"enemies":"Jaw Worm Horde","floor":37.0,"turns":6.0},{"damage":10.0,"enemies":"3 Darklings","floor":40.0,"turns":4.0},{"damage":0.0,"enemies":"Transient","floor":41.0,"turns":5.0},{"damage":0.0,"enemies":"Giant Head","floor":42.0,"turns":5.0},{"damage":0.0,"enemies":"Sphere and 2 Shapes","floor":44.0,"turns":3.0},{"damage":0.0,"enemies":"HollowMod:StalkingDevout","floor":47.0,"turns":8.0},{"damage":47,"enemies":"Time Eater","floor":50,"turns":12}],"seed_played":"-1466954380548230772","potions_obtained":[{"floor":1.0,"key":"Block Potion"},{"floor":10.0,"key":"Block Potion"},{"floor":16.0,"key":"sneckomod:MuddlingPotion"}],"is_trial":false,"path_per_floor":["M","M","M","$","?","R","E","R","T","M","E","R","$","?","R","B",null,"M","M","?","$","?","R","?","E","T","M","R","M","E","M","R","B",null,"M","M","M","$","?","M","M","E","T","M","R","?","E","$","R","B",null],"character_chosen":"THE_ANIMATOR","items_purchased":["animator:Togame","animator:Shimakaze","animator:Shigure","animator:Guy","HandDrill","animator:Lelouch","animator:Laby","animator:Urushihara"],"campfire_rested":3,"item_purchase_floors":[13,13,13,21,38,38,48,48],"current_hp_per_floor":[66,66,62,62,62,62,59,59,59,59,59,59,59,59,59,32,67,67,53,53,53,53,53,37,12,12,13,33,24,17,18,38,28,69,69,69,61,61,61,51,51,51,51,51,51,41,42,42,63,16],"gold":10,"neow_bonus":"THREE_CARDS","is_daily":false,"chose_seed":false,"campfire_upgraded":6,"win_rate":0.0,"timestamp":1609510350,"path_taken":["M","M","?","$","?","R","E","R","T","M","E","R","$","?","R","BOSS","M","M","?","$","?","R","?","E","T","M","R","M","E","M","R","BOSS","M","M","M","$","?","M","M","E","T","M","R","?","E","$","R","BOSS"],"items_purchased_type":["Card","Card","Card","Card","Relic","Card","Card","Card"],"build_version":"2020-12-22","purchased_purges":1,"victory":true,"max_hp_per_floor":[66,66,66,66,66,66,67,67,67,67,67,67,67,67,67,67,67,67,67,67,67,67,67,67,67,67,68,68,68,68,69,69,69,69,69,69,69,69,69,69,69,69,69,69,69,69,70,70,70,70],"card_choices":[{"not_picked":["animator:Hakurou","animator:OrikoMikuni"],"picked":"animator:Alexander","floor":0.0},{"not_picked":["animator:Vesta","animator:Shion"],"picked":"animator:KyokoSakura","floor":1.0},{"not_picked":["animator:IrohaTamaki","animator:HiiragiShinya"],"picked":"animator:Shigure","floor":2.0},{"not_picked":["animator:Ciel","animator:Berserker"],"picked":"animator:ZankiKiguchi","floor":3.0},{"not_picked":["animator:Konayuki","animator:UneriGinkaku"],"picked":"animator:Nanami","floor":7.0},{"not_picked":["animator:LizardPriest","animator:Shinoa"],"picked":"animator:Archer","floor":10.0},{"not_picked":["animator:Lancer","animator:Archer"],"picked":"animator:SilverFang","floor":11.0},{"not_picked":["animator:HomuraAkemi","animator:Guren"],"picked":"animator:PinaCoLada","floor":16.0},{"not_picked":["animator:Mikaela","animator:Assassin+1","animator:AcuraTooru"],"picked":"SKIP","floor":18.0},{"not_picked":["animator:Togame","animator:Emonzaemon"],"picked":"animator:Shichika","floor":19.0},{"not_picked":["animator:Konayuki+1","animator:Laby"],"picked":"animator:Kaijin","floor":25.0},{"not_picked":["animator:Kuribayashi","animator:Spearman"],"picked":"animator:RoryMercury","floor":27.0},{"not_picked":["animator:SuzuneAmano","animator:Togame","animator:Mikaela"],"picked":"SKIP","floor":29.0},{"not_picked":["animator:TsurugaMeisai","animator:Konayuki"],"picked":"animator:Shichika","floor":30.0},{"not_picked":["animator:Shion","animator:Kuribayashi"],"picked":"animator:Mitsuba+1","floor":31.0},{"not_picked":["animator:Saber","animator:Rimuru"],"picked":"animator:Saitama","floor":33.0},{"not_picked":["animator:Mikaela","animator:Azekura","animator:Add"],"picked":"SKIP","floor":35.0},{"not_picked":["animator:Elsword","animator:Rena","animator:Ciel+1"],"picked":"SKIP","floor":36.0},{"not_picked":["animator:Yuuichirou","animator:Yoichi"],"picked":"animator:Guren","floor":37.0},{"not_picked":["animator:Chung","animator:LizardPriest+1"],"picked":"animator:RinTohsaka","floor":40.0},{"not_picked":["animator:Caster","animator:Witch","animator:Chung"],"picked":"SKIP","floor":41.0},{"not_picked":["animator:KyokoSakura","animator:TsurugaMeisai"],"picked":"animator:Elsword","floor":42.0},{"not_picked":["animator:MadokaKaname","animator:LeleiLaLalena+1"],"picked":"animator:UneriGinkaku+1","floor":47.0}],"player_experience":660028,"relics_obtained":[{"floor":7.0,"key":"War Paint"},{"floor":9.0,"key":"Simple Rune"},{"floor":11.0,"key":"Bottled Flame"},{"floor":24.0,"key":"Enchiridion"},{"floor":25.0,"key":"animator:ShionDessert"},{"floor":26.0,"key":"CloakClasp"},{"floor":30.0,"key":"Red Skull"},{"floor":42.0,"key":"Pocketwatch"},{"floor":47.0,"key":"theSenshi:SailorFukuRelic"}],"event_choices":[{"damage_healed":0.0,"max_hp_gain":0.0,"max_hp_loss":0.0,"gold_gain":0.0,"event_name":"The Mausoleum","player_choice":"Opened","floor":22.0,"gold_loss":0.0,"damage_taken":0.0,"relics_obtained":["Replay:Bottled Snecko"],"cards_obtained":["Writhe"]},{"damage_healed":0.0,"max_hp_gain":0.0,"max_hp_loss":0.0,"gold_gain":0.0,"event_name":"Cursed Tome","player_choice":"Obtained Book","floor":24.0,"gold_loss":0.0,"damage_taken":16.0}],"is_beta":false,"boss_relics":[{"not_picked":["Runic Dome","Coffee Dripper"],"picked":"Sozu"},{"not_picked":["ReplayTheSpireMod:DimensionalGlitch","Replay:Grab Bag"],"picked":"animator:VividPicture"}],"items_purged_floors":[4],"is_endless":false,"potions_floor_spawned":[1,10,16,18,19,27,31,35,36,44],"ascension_level":4}}