{"host":"ko4b5atusvmax52d","time":1609516106,"event":{"mods":["AchievementEnabler","Act Like it!","BaseMod","Better Third Choice","BetterRewards","Friendly Minions","Hermit","Hubris","Marisa????????","Minty Spire (QoL Compilation)","Permanent Neow","Prisma Mod","Quick Restart","Rare Cards Sparkle","Shade Mod","Spicy Shops","Spikes Relics","StSLib","SuperFastMode","The Animator","The Bug Knight","The Runesmith","vexMod"],"gold_per_floor":[283,283,319,348,384,394,394],"floor_reached":6,"playtime":336,"items_purged":[],"score":38,"play_id":"fc179572-2cbd-429a-a791-a023c7957ba6","local_time":"20210101164826","is_ascension_mode":false,"campfire_choices":[],"circlet_count":0,"master_deck":["animator:Strike_Kancolle","animator:Defend_Kancolle","animator:Strike","animator:Strike","animator:Strike","animator:Defend","animator:Defend","animator:Defend","animator:Shimakaze","animator:Guy","animator:MaesHughes","animator:Saitama","animator:CowGirl"],"relics":["animator:LivingPicture","animator:TheMissingPiece","animator:PurgingStone","hubris:Towel"],"acts_visited":["Exordium"],"potions_floor_usage":[6],"damage_taken":[{"damage":8,"enemies":"Jaw Worm","floor":1,"turns":7},{"damage":9,"enemies":"Small Slimes","floor":3,"turns":4},{"damage":9,"enemies":"Cultist","floor":4,"turns":5},{"damage":38,"enemies":"Exordium Thugs","floor":5,"turns":8},{"damage":29,"enemies":"Lagavulin","floor":6,"turns":6}],"seed_played":"-3385609262773438468","potions_obtained":[{"floor":5,"key":"BlessingOfTheForge"}],"is_trial":false,"path_per_floor":["M","?","M","M","M","E"],"character_chosen":"THE_ANIMATOR","items_purchased":[],"campfire_rested":0,"item_purchase_floors":[],"current_hp_per_floor":[61,61,55,49,14,0,0],"gold":394,"neow_bonus":"ONE_RANDOM_RARE_CARD","is_daily":false,"chose_seed":false,"campfire_upgraded":0,"win_rate":0.0,"timestamp":1609516106,"path_taken":["M","?","M","M","M","E"],"items_purchased_type":[],"build_version":"2020-12-22","purchased_purges":0,"victory":false,"max_hp_per_floor":[66,66,66,66,66,66,66],"card_choices":[{"not_picked":["animator:Sebas","animator:Fredrika"],"picked":"animator:Guy","floor":1},{"not_picked":["animator:ZankiKiguchi","animator:MumenRider"],"picked":"animator:MaesHughes","floor":3},{"not_picked":["animator:Genos","animator:SakuraMatou"],"picked":"animator:Saitama","floor":4},{"not_picked":["animator:PandorasActor","animator:Gillette"],"picked":"animator:CowGirl","floor":5}],"player_experience":266070,"relics_obtained":[],"event_choices":[],"is_beta":false,"boss_relics":[],"items_purged_floors":[],"is_endless":false,"potions_floor_spawned":[5],"killed_by":"Lagavulin","ascension_level":0}}