{"host":"32dedufnxebqtmo3","time":1609473345,"event":{"mods":["AchievementEnabler","Act Like it!","BaseMod","Better Third Choice","Card Filter","Colored Powertips","Defuse TimeMaze Blight","Gensokyo","GifTheSpireLib","Minty Spire (QoL Compilation)","Permanent Neow","Relic Filter","Relic Stats","Remove Card Discount Mod","Shop Mod","StSLib","The Cursed","TheVacant","Unceasing Turn Reminder"],"gold_per_floor":[110,120,130,147,166,166,192,208,285,73,73,73,90,116,116,216,216,227,0,250,263,279,314,314,314,314,314,22,54,73,73,73,178,178,198,198,198,215,215,249,249,269,294,310,310,345,345,379,379,379,379,379,89,117,117,117],"floor_reached":55,"playtime":5791,"items_purged":["Writhe","theVacant:VacantStarterStrike","theVacant:VacantStarterStrike","theVacant:VacantStarterStrike","theVacant:VacantStarterStrike","theVacant:VacantStarterDefend","theVacant:GraveDigger","theVacant:Whip"],"score":930,"play_id":"485acd33-1b13-410c-9007-1ee29e8e41e8","local_time":"20201231195545","is_ascension_mode":false,"campfire_choices":[{"data":"theVacant:PitOfDespair","floor":6.0,"key":"SMITH"},{"data":"theVacant:Release","floor":12.0,"key":"SMITH"},{"data":"theVacant:DeathSpiral","floor":15,"key":"SMITH"},{"data":"theVacant:Crunch","floor":24,"key":"SMITH"},{"floor":27,"key":"REST"},{"floor":32,"key":"REST"},{"floor":41,"key":"RECALL"},{"data":"theVacant:Voidstone","floor":45,"key":"SMITH"},{"data":"theVacant:Yeet","floor":47,"key":"SMITH"},{"floor":49,"key":"REST"},{"data":"theVacant:ForgeSoul","floor":52,"key":"SMITH"}],"circlet_count":0,"master_deck":["theVacant:VacantStarterDefend","theVacant:VacantStarterDefend+1","theVacant:VacantStarterDefend","theVacant:Release+1","theVacant:Crunch+1","theVacant:GraveDigger","theVacant:CursedBlast+1","theVacant:BellToll","theVacant:PitOfDespair+1","theVacant:WaitInWrath","theVacant:ForgeSoul+1","theVacant:Spinshield","theVacant:Gloom+1","theVacant:DeathSpiral+1","theVacant:Yeet+1","theVacant:GraveWave+1","theVacant:GraveWave","theVacant:Voidstone+1","CurseOfTheBell","Gensokyo:MorningStar+1","theVacant:ShutAway+1","theVacant:Spinshield"],"relics":["theVacant:BrassGoblet","Pocketwatch","Bronze Scales","Vajra","Frozen Egg 2","Sozu","WingedGreaves","Bottled Flame","Shuriken","Oddly Smooth Stone","Centennial Puzzle","Blue Candle","Ice Cream","Ancient Tea Set","Bottled Lightning","Ornamental Fan","MerchantsRug","Membership Card","Orichalcum","Art of War","Du-Vu Doll"],"acts_visited":["Exordium","Gensokyo:Gensokyo","Gensokyo:Gensokyoer","TheEnding"],"potions_floor_usage":[23,23,55],"damage_taken":[{"damage":0.0,"enemies":"Gensokyo:Gryphon","floor":1.0,"turns":3.0},{"damage":0.0,"enemies":"Gensokyo:2_Kodama","floor":2.0,"turns":4.0},{"damage":0.0,"enemies":"Gensokyo:Python","floor":3.0,"turns":4.0},{"damage":2.0,"enemies":"Gensokyo:Gryphon_and_Rabbit","floor":4.0,"turns":4.0},{"damage":4.0,"enemies":"Gensokyo:Kitsune","floor":5.0,"turns":3.0},{"damage":5.0,"enemies":"Gensokyo:Aya","floor":7.0,"turns":6.0},{"damage":0.0,"enemies":"Gensokyo:VengefulSpirit","floor":8.0,"turns":3.0},{"damage":0.0,"enemies":"Gensokyo:LivingMonolith","floor":13.0,"turns":2.0},{"damage":0,"enemies":"Gensokyo:Mamizou","floor":14,"turns":5},{"damage":6,"enemies":"Gensokyo:Yukari","floor":16,"turns":3},{"damage":24,"enemies":"Gensokyo:CosmicMonolith","floor":18,"turns":4},{"damage":4,"enemies":"Gensokyo:Chomper","floor":21,"turns":3},{"damage":10,"enemies":"Gensokyo:Wraith","floor":22,"turns":4},{"damage":10,"enemies":"Gensokyo:Tenshi","floor":23,"turns":3},{"damage":2,"enemies":"Gensokyo:Koishi","floor":29,"turns":5},{"damage":21,"enemies":"Gensokyo:Slime_Group","floor":30,"turns":4},{"damage":0,"enemies":"Gensokyo:Eiki","floor":33,"turns":5},{"damage":0,"enemies":"Gensokyo:3_Bats","floor":35,"turns":3},{"damage":8,"enemies":"Gensokyo:3_Bats","floor":37,"turns":8},{"damage":0,"enemies":"Gensokyo:AncientGuardian","floor":38,"turns":4},{"damage":20,"enemies":"Gensokyo:Kasen","floor":40,"turns":5},{"damage":0,"enemies":"Gensokyo:3_Boulders","floor":42,"turns":4},{"damage":0,"enemies":"Gensokyo:Sharpion","floor":44,"turns":4},{"damage":0,"enemies":"Gensokyo:Marisa","floor":46,"turns":3},{"damage":34,"enemies":"Gensokyo:Kasen","floor":48,"turns":5},{"damage":0,"enemies":"Gensokyo:Shinki","floor":50,"turns":8},{"damage":20,"enemies":"Shield and Spear","floor":54,"turns":5},{"damage":107,"enemies":"The Heart","floor":55,"turns":5}],"seed_played":"1399349212431501890","potions_obtained":[{"floor":2.0,"key":"Weak Potion"},{"floor":3.0,"key":"BlessingOfTheForge"},{"floor":5.0,"key":"SkillPotion"},{"floor":8.0,"key":"Strength Potion"},{"floor":14,"key":"PowerPotion"}],"is_trial":false,"path_per_floor":["M","M","M","M","M","R","E","M","T","$","?","R","M","E","R","B",null,"M","?","?","M","M","E","R","T","T","R","$","E","M","$","R","B",null,"M","?","?","M","T","E","R","M","T","M","R","E","R","E","R","B",null,"R","$","E","B"],"character_chosen":"THE_VACANT","items_purchased":["theVacant:Spinshield","Vajra","Shuriken","theVacant:GraveWave","MerchantsRug","Membership Card","Orichalcum","Art of War"],"campfire_rested":3,"item_purchase_floors":[10,10,28,28,53,53,53,53],"current_hp_per_floor":[80,80,80,78,74,74,69,69,69,69,64,64,64,64,64,58,90,66,66,66,62,52,42,42,42,42,67,67,65,44,44,69,69,91,91,91,91,91,91,71,71,71,71,71,71,71,71,37,64,64,91,91,91,71,0,0],"gold":117,"neow_bonus":"ONE_RARE_RELIC","is_daily":false,"chose_seed":false,"campfire_upgraded":7,"win_rate":0.0,"timestamp":1609473345,"path_taken":["M","M","?","M","M","R","E","M","T","$","?","R","M","E","R","BOSS","M","?","?","?","M","E","R","?","T","R","$","E","M","$","R","BOSS","M","?","?","M","?","E","R","M","T","M","R","E","R","E","R","BOSS","R","$","E","BOSS"],"items_purchased_type":["Card","Relic","Relic","Card","Relic","Relic","Relic","Relic"],"build_version":"2020-12-22","purchased_purges":8,"victory":false,"max_hp_per_floor":[80,80,80,80,80,80,80,80,80,80,90,90,90,90,90,90,90,90,90,85,85,85,85,85,85,85,85,85,85,85,85,85,85,91,91,91,91,91,91,91,91,91,91,91,91,91,91,91,91,91,91,91,91,91,91,91],"relic_stats":{"Sozu":7,"Centennial Puzzle":[15],"counters":[28,118],"Shuriken":[39],"Ornamental Fan":[56],"Bronze Scales":[286],"Blue Candle":[2],"Art of War":[0],"Orichalcum":[6],"obtain_stats":[{"Darkstone Periapt":9,"Ice Cream":34,"theVacant:BrassGoblet":0,"Vajra":10,"Ancient Tea Set":43,"Sozu":17,"Frozen Eye":29,"Centennial Puzzle":34,"WingedGreaves":25,"MerchantsRug":53,"Pear":11,"Blue Candle":34,"Oddly Smooth Stone":29,"Frozen Egg 2":14,"Orichalcum":53,"Calling Bell":34,"Du-Vu Doll":54,"Bottled Flame":26,"Shuriken":28,"Ornamental Fan":48,"Bronze Scales":7,"Art of War":53,"Bottled Lightning":46,"Membership Card":53,"Toy Ornithopter":23,"Pocketwatch":0},{"Darkstone Periapt":7,"Ice Cream":17,"theVacant:BrassGoblet":0,"Vajra":7,"Ancient Tea Set":22,"Sozu":10,"Frozen Eye":14,"Centennial Puzzle":17,"WingedGreaves":14,"MerchantsRug":26,"Pear":7,"Blue Candle":17,"Oddly Smooth Stone":15,"Frozen Egg 2":9,"Orichalcum":26,"Calling Bell":17,"Du-Vu Doll":27,"Bottled Flame":14,"Shuriken":14,"Ornamental Fan":25,"Bronze Scales":6,"Art of War":26,"Bottled Lightning":24,"Membership Card":26,"Toy Ornithopter":14,"Pocketwatch":0},{"Darkstone Periapt":27,"Ice Cream":64,"theVacant:BrassGoblet":0,"Vajra":27,"Ancient Tea Set":88,"Sozu":37,"Frozen Eye":51,"Centennial Puzzle":64,"WingedGreaves":51,"MerchantsRug":108,"Pear":27,"Blue Candle":64,"Oddly Smooth Stone":55,"Frozen Egg 2":34,"Orichalcum":108,"Calling Bell":64,"Du-Vu Doll":113,"Bottled Flame":51,"Shuriken":51,"Ornamental Fan":100,"Bronze Scales":24,"Art of War":108,"Bottled Lightning":95,"Membership Card":108,"Toy Ornithopter":51,"Pocketwatch":0}],"Pocketwatch":[75]},"card_choices":[{"not_picked":["theVacant:Soothe","theVacant:Return"],"picked":"theVacant:GraveDigger","floor":1.0},{"not_picked":["theVacant:Anguish","theVacant:EyePoke"],"picked":"theVacant:CursedBlast","floor":2.0},{"not_picked":["theVacant:BattleScars","theVacant:WaitInWrath"],"picked":"theVacant:BellToll","floor":3.0},{"not_picked":["theVacant:Thoughtseize","theVacant:Acceptance"],"picked":"theVacant:PitOfDespair","floor":4.0},{"not_picked":["theVacant:Cower","theVacant:TwistFate"],"picked":"theVacant:WaitInWrath","floor":5.0},{"not_picked":["theVacant:Hex","theVacant:Anguish"],"picked":"theVacant:Whip","floor":7.0},{"not_picked":["theVacant:FranticBlow","theVacant:Enrage"],"picked":"theVacant:ForgeSoul","floor":8.0},{"not_picked":["theVacant:OnSecondThought","theVacant:Spinshield"],"picked":"theVacant:Gloom","floor":13.0},{"not_picked":["theVacant:SurpriseAttack","theVacant:Expand"],"picked":"theVacant:DeathSpiral","floor":14},{"not_picked":["theVacant:Soothe","theVacant:Gloom+1"],"picked":"theVacant:Yeet","floor":18},{"not_picked":["theVacant:ShriekingBlast","theVacant:Cower+1"],"picked":"theVacant:GraveDigger","floor":21},{"not_picked":["theVacant:BurdenBreak+1","theVacant:Thoughtseize"],"picked":"theVacant:GraveWave+1","floor":22},{"not_picked":["theVacant:ShriekingBlast","theVacant:CursedBlast","theVacant:Return+1"],"picked":"SKIP","floor":23},{"not_picked":["theVacant:ReaperStrike","theVacant:BurdenBreak+1","theVacant:BrassMagnet+1"],"picked":"SKIP","floor":29},{"not_picked":["theVacant:BurdenBreak+1","theVacant:BellToll","theVacant:FranticBlow"],"picked":"SKIP","floor":30},{"not_picked":["theVacant:DarkStrike","theVacant:DeathSpiral"],"picked":"theVacant:Voidstone","floor":33},{"not_picked":["theVacant:BattleScars","theVacant:Fortify+1","theVacant:EmbraceDarkness"],"picked":"SKIP","floor":35},{"not_picked":["Gensokyo:Dawn+1","Gensokyo:DreamlikeParadise+1"],"picked":"Gensokyo:MorningStar+1","floor":37},{"not_picked":["theVacant:BurdenBreak+1","theVacant:Cower+1"],"picked":"theVacant:ShutAway+1","floor":38},{"not_picked":["theVacant:ReaperStrike","theVacant:Return+1","theVacant:Hex+1"],"picked":"SKIP","floor":40},{"not_picked":["theVacant:EyePoke","theVacant:BattleScars+1","theVacant:Barrage"],"picked":"SKIP","floor":42},{"not_picked":["theVacant:SurpriseAttack","theVacant:TwistFate+1","theVacant:Threat+1"],"picked":"SKIP","floor":44},{"not_picked":["theVacant:PitOfDespair","theVacant:Enrage","theVacant:BattleScars+1"],"picked":"SKIP","floor":46},{"not_picked":["theVacant:MindBreak","theVacant:ShriekingBlast+1","theVacant:Acceptance+1"],"picked":"SKIP","floor":48},{"not_picked":["theVacant:GraveWave","theVacant:Cower"],"picked":"theVacant:Spinshield","floor":54}],"player_experience":673548,"relics_obtained":[{"floor":7.0,"key":"Bronze Scales"},{"floor":9.0,"key":"Darkstone Periapt"},{"floor":14,"key":"Frozen Egg 2"},{"floor":23,"key":"Toy Ornithopter"},{"floor":25,"key":"WingedGreaves"},{"floor":26,"key":"Bottled Flame"},{"floor":29,"key":"Oddly Smooth Stone"},{"floor":34,"key":"Centennial Puzzle"},{"floor":34,"key":"Blue Candle"},{"floor":34,"key":"Ice Cream"},{"floor":43,"key":"Ancient Tea Set"},{"floor":46,"key":"Bottled Lightning"},{"floor":48,"key":"Ornamental Fan"},{"floor":54,"key":"Du-Vu Doll"}],"event_choices":[],"is_beta":false,"boss_relics":[{"not_picked":["Astrolabe","Snecko Eye"],"picked":"Sozu"},{"not_picked":["Cursed Key","SlaversCollar"],"picked":"Calling Bell"}],"items_purged_floors":[10,10,10,10,10,10,28,28],"is_endless":false,"potions_floor_spawned":[2,3,5,8,14,21,30,33,38,40,42,44],"killed_by":"The Heart","ascension_level":0}}