{"host":"ft2xazkv7v30fddt","time":1609476976,"event":{"mods":["AchievementEnabler","Act Like it!","Aspiration","Astrologer","Bard","BaseMod","Better Altar","Better Match","Better Note","Better Sensory Stone","Better Skull","CapriCore","Chen","Colored Powertips","Downfall","Elementarium","Energized Spire","Gensokyo","GifTheSpireLib","Gremlin Mod","Hallownest","Hermit","Hubris","Infinite Spire","KinomotoSakuraMod(????)","Koishi","Marisa????????","Minty Spire (QoL Compilation)","Pale of the Ancients","Permanent Neow","Potionbrewer","Prisma Mod","Replay The Spire","StSLib","Stuff the Spire","The Blackbeard","The Bladedancer","The Construct","The Cursed","The Forsaken","The Gatherer","The Hayseed","The Immortal","The Runesmith","The Servant 0.9.4","The Showman","The Vixen","TheArtist","TheSwordswoman","Wandering Minibosses","thorton","vexMod"],"gold_per_floor":[99,109,109,119,569,588,588,599,599,616,214,214,225,61,81,177,177,177,192,202,202,202,202,202,202,216,191,191,203,220,248,265,265,265,265],"floor_reached":33,"playtime":1989,"items_purged":["Slimebound:Icky"],"score":261,"play_id":"a9f186a9-c2f1-40dd-958e-b9c9ddacdac2","local_time":"20210101125616","is_ascension_mode":false,"campfire_choices":[{"data":"hexamod:Incineration","floor":1,"key":"SMITH"},{"data":"hexamod:GhostflameInferno","floor":9,"key":"SMITH"},{"data":"hexamod:SkipABeat","floor":12,"key":"SMITH"},{"data":"hexamod:InspiringFlames","floor":18,"key":"SMITH"},{"data":"hexamod:GhostOfSpirePresent","floor":23,"key":"SMITH"},{"data":"hexamod:RadiantFlame","floor":25,"key":"SMITH"}],"circlet_count":0,"master_deck":["hexamod:Strike","hexamod:Strike","hexamod:Strike+1","hexamod:Strike","hexamod:Defend","hexamod:Defend+1","hexamod:Defend+1","hexamod:Defend","hexamod:Sear","hexamod:Float","hexamod:Incineration+1","hexamod:ThermalTransfer","hexamod:GhostflameInferno+1","Slimebound:Icky","Slimebound:Icky","hexamod:SkipABeat+1","hexamod:GhostOfSpirePresent+1","hexamod:FastForward","hexamod:RadiantFlame+1","hexamod:InspiringFlames+1","hexamod:FlamesFromBeyond","hexamod:Hexaguard","hexamod:GhostflameInferno","hexamod:TimeWarp","hexamod:SixthSeal","hexamod:GhostflameInferno+1","Shame"],"relics":["hexamod:SpiritBrand","aspiration:StickyExplosives_weak","Lee\u0027s Waffle","construct:WeddingRing","hexamod:InflammatoryLetter","Onion Ring"],"acts_visited":["Exordium","TheCity"],"potions_floor_usage":[8,11,30,33],"damage_taken":[{"damage":7,"enemies":"2 Louse","floor":2,"turns":2},{"damage":0,"enemies":"Small Slimes","floor":4,"turns":3},{"damage":1,"enemies":"Jaw Worm","floor":6,"turns":3},{"damage":3,"enemies":"3 Louse","floor":8,"turns":2},{"damage":8,"enemies":"2 Fungi Beasts","floor":10,"turns":3},{"damage":0,"enemies":"downfall:FleeingMerchant","floor":11,"turns":4},{"damage":0,"enemies":"Large Slime","floor":13,"turns":3},{"damage":0,"enemies":"downfall:FleeingMerchant","floor":14,"turns":4},{"damage":10,"enemies":"2 Fungi Beasts","floor":15,"turns":3},{"damage":45,"enemies":"downfall:Ironclad","floor":16,"turns":7},{"damage":4,"enemies":"Chosen","floor":19,"turns":4},{"damage":1,"enemies":"3 Byrds","floor":20,"turns":4},{"damage":2,"enemies":"Shelled Parasite and Fungi","floor":26,"turns":3},{"damage":17,"enemies":"Centurion and Healer","floor":29,"turns":6},{"damage":5,"enemies":"Snecko","floor":30,"turns":4},{"damage":63,"enemies":"Slavers","floor":31,"turns":7},{"damage":0,"enemies":"Chosen and Byrds","floor":32,"turns":4},{"damage":9,"enemies":"downfall:Watcher","floor":33,"turns":3}],"seed_played":"4176497187515346438","potions_obtained":[{"floor":4,"key":"Fire Potion"},{"floor":10,"key":"Adrenaline Potion"},{"floor":13,"key":"potionbrewer:BarricadePotion"},{"floor":16,"key":"PowerPotion"},{"floor":19,"key":"FairyPotion"},{"floor":32,"key":"sneckomod:MuddlingPotion"}],"is_trial":false,"path_per_floor":["R","M","?","M","?","M","T","M","R","M","$","R","M","$","M","B",null,"R","M","M","?","?","R","T","R","M","?","?","M","M","E","M","B"],"character_chosen":"THE_SPIRIT","items_purchased":["hexamod:RadiantFlame","hexamod:InspiringFlames","Lee\u0027s Waffle","hexamod:FlamesFromBeyond","hexamod:TimeWarp"],"campfire_rested":0,"item_purchase_floors":[11,11,11,11,14],"current_hp_per_floor":[70,63,70,70,70,69,69,66,66,58,77,77,77,77,67,22,77,77,73,72,72,72,72,72,72,70,70,70,53,48,8,8,0,0,0],"gold":265,"neow_bonus":"THREE_CARDS","is_daily":false,"chose_seed":false,"campfire_upgraded":6,"win_rate":0.0,"timestamp":1609476976,"path_taken":["R","M","?","M","?","M","T","M","R","M","$","R","M","$","M","BOSS","R","M","M","?","?","R","T","R","M","?","?","M","M","E","M","BOSS"],"items_purchased_type":["Card","Card","Relic","Card","Card"],"build_version":"2020-12-22","purchased_purges":1,"victory":false,"max_hp_per_floor":[70,70,70,70,70,70,70,70,70,70,77,77,77,77,77,77,77,77,77,77,77,77,77,77,77,77,77,77,77,77,77,77,77,77,77],"card_choices":[{"not_picked":["hexamod:BacktrackSmack","hexamod:NightmareStrike"],"picked":"hexamod:Incineration","floor":0},{"not_picked":["hexamod:GhostShield","hexamod:Firestarter"],"picked":"hexamod:ThermalTransfer","floor":2},{"not_picked":["hexamod:NightmareGuise","hexamod:ThirdSeal"],"picked":"hexamod:GhostflameInferno","floor":4},{"not_picked":["hexamod:Firestarter","hexamod:ShieldOfDarkness"],"picked":"hexamod:SkipABeat","floor":6},{"not_picked":["hexamod:PhantomCloak","hexamod:SecondSeal"],"picked":"hexamod:GhostOfSpirePresent","floor":8},{"not_picked":["hexamod:RainOfEmbers","hexamod:SwordOfDarkness","hexamod:GhostOfSpirePast"],"picked":"SKIP","floor":10},{"not_picked":["hexamod:SpectersWail","hexamod:InspiringFlames"],"picked":"hexamod:FastForward","floor":11},{"not_picked":["hexamod:DynamicBlow","hexamod:NightmareStrike"],"picked":"hexamod:Hexaguard","floor":13},{"not_picked":["hexamod:SpectersWail","hexamod:ShieldOfDarkness"],"picked":"hexamod:GhostflameInferno","floor":14},{"not_picked":["hexamod:SpectralAdrenaline","hexamod:SpectersWail","hexamod:GhostShield"],"picked":"SKIP","floor":15},{"not_picked":["hexamod:CrushingStance","hexamod:UnleashSpirits"],"picked":"hexamod:SixthSeal","floor":16},{"not_picked":["hexamod:Firestarter","hexamod:BurningTouch","hexamod:SkipABeat"],"picked":"SKIP","floor":19},{"not_picked":["hexamod:Hexaguard+1","hexamod:HeatShield","hexamod:ShieldOfDarkness"],"picked":"SKIP","floor":20},{"not_picked":["hexamod:FastForward","hexamod:NightmareGuise","hexamod:DynamicBlow"],"picked":"SKIP","floor":26},{"not_picked":["hexamod:GhostOfSpirePresent","hexamod:NecessarySacrifice","hexamod:NightmareGuise"],"picked":"SKIP","floor":29},{"not_picked":["hexamod:BurningTouch+1","hexamod:ChargedBarrage","hexamod:HeatMetal+1"],"picked":"SKIP","floor":30},{"not_picked":["hexamod:InspiringFlames+1","hexamod:PhantomCloak","hexamod:GhostOfSpirePresent"],"picked":"SKIP","floor":31},{"not_picked":["hexamod:SwordOfDarkness","hexamod:SpectersWail+1","hexamod:ShieldOfDarkness"],"picked":"SKIP","floor":32}],"player_experience":1648136,"relics_obtained":[{"floor":7,"key":"aspiration:StickyExplosives_weak"},{"floor":24,"key":"hexamod:InflammatoryLetter"},{"floor":31,"key":"Onion Ring"}],"event_choices":[{"cards_removed":["hexamod:SixthSeal"],"damage_healed":0,"gold_gain":0,"player_choice":"Take \u0026 Give","damage_taken":0,"max_hp_gain":0,"max_hp_loss":0,"event_name":"betterNote:BetterNote","floor":21,"gold_loss":0,"cards_obtained":["hexamod:GhostflameInferno"]}],"is_beta":false,"boss_relics":[{"not_picked":["Busted Crown","aspiration:DefectSkillbook"],"picked":"construct:WeddingRing"}],"items_purged_floors":[11],"is_endless":false,"potions_floor_spawned":[4,10,13,16,19,26,32],"killed_by":"downfall:Watcher","ascension_level":0}}