{"host":"dx8mnueonnkh60qu","time":1609484796,"event":{"mods":["AchievementEnabler","Act Like it!","Aspiration","BaseMod","Better Silent Start","Better Third Choice","Conspire","Defuse TimeMaze Blight","Dota2Spire","Downfall","Evolution","Hubris","Infinite Spire","Marked Mod","Minty Spire (QoL Compilation)","Rare Cards Sparkle","Relic Stats","Robot Space Explorer","Spicy Shops","Spikes Relics","StSLib","SuperFastMode","The Blue Laboratory","The Caster"],"gold_per_floor":[117,132,63,75,75,75,99,117,117,131,146,246,92,108,108,238,238,262,51,71,86,101,101,120,120,120,120,143,143,174,192,192,313,313,326,326,326,344,364,407,407,407,488,503,244,268,268,268,268,268],"floor_reached":51,"playtime":1723,"items_purged":["Guardian:EvasiveProtocol"],"score":895,"play_id":"07da7ccf-df0c-448c-9a3a-166a70b1876d","local_time":"20210101020636","daily_mods":["Draft","Vintage","Allstar","Heirloom"],"is_ascension_mode":false,"campfire_choices":[{"data":"Guardian:PrismaticBarrier","floor":6,"key":"SMITH"},{"data":"Guardian:PrismaticBeam","floor":15,"key":"SMITH"},{"data":"Guardian:PrismaticBeam","floor":23,"key":"SMITH"},{"data":"Guardian:PolyBeam","floor":25,"key":"SMITH"},{"data":"Guardian:PrismaticBeam","floor":29,"key":"SMITH"},{"data":"Guardian:CompilePackage","floor":32,"key":"SMITH"},{"data":"Guardian:Repulse","floor":41,"key":"SMITH"},{"data":"Streamline","floor":47,"key":"SMITH"},{"data":"Guardian:Suspension","floor":49,"key":"SMITH"}],"circlet_count":0,"master_deck":["Guardian:Repulse+1","Guardian:CrystalBeam+1","Guardian:PrimingBeam","Guardian:TemporalShield","Guardian:TemporalShield","Guardian:TemporalShield","Guardian:PrismaticBeam+1","Guardian:PrismaticBarrier+1","Guardian:PrismaticBeam+1","Guardian:PrismaticBeam+1","Guardian:Suspension+1","Guardian:PrimingBeam","Guardian:CompilePackage+1","Guardian:PolyBeam+1","Guardian:CompilePackage","infinitespire:Collect","Guardian:PrimingBeam","hubris:Insight","Barrage+1","Streamline+1"],"relics":["Guardian:ModeShifter","EVO:Axolotl","hubris:Spice","StrikeDummy","Akabeko","InkBottle","Golden Idol","hubris:ToyBattleship","Potion Belt","Guardian:GemstoneGun","CaptainsWheel","Dota2Spire:EchoSabre","Orrery","aspiration:FetidBarrel","hubris:Backtick","Dota2Spire:MonkeyKingBar","Anchor","Membership Card","Pen Nib","Art of War","Darkstone Periapt","Dota2Spire:Butterfly","Dota2Spire:MantaStyle","Philosopher\u0027s Stone","Dota2Spire:CrimsonGuard","aspiration:DefectSkillbook","infinitespire:Bottled Soul","Rawhide","Orichalcum","Dota2Spire:LinkenSphere","Vajra","Calipers","Shuriken","Dota2Spire:BladeMail"],"acts_visited":["Exordium","TheCity","TheBeyond"],"potions_floor_usage":[50,50],"damage_taken":[{"damage":5,"enemies":"2 Louse","floor":1,"turns":4},{"damage":0,"enemies":"Cultist","floor":2,"turns":5},{"damage":14,"enemies":"Jaw Worm","floor":4,"turns":5},{"damage":0,"enemies":"2 Fungi Beasts","floor":7,"turns":3},{"damage":0,"enemies":"Exordium Thugs","floor":8,"turns":4},{"damage":0,"enemies":"Exordium Wildlife","floor":10,"turns":1},{"damage":0,"enemies":"2 Fungi Beasts","floor":11,"turns":2},{"damage":0,"enemies":"Exordium Thugs","floor":14,"turns":2},{"damage":0,"enemies":"Slime Boss","floor":16,"turns":6},{"damage":0,"enemies":"Spheric Guardian","floor":18,"turns":1},{"damage":0,"enemies":"2 Thieves","floor":20,"turns":1},{"damage":0,"enemies":"Centurion and Healer","floor":21,"turns":2},{"damage":0,"enemies":"3 Cultists","floor":22,"turns":2},{"damage":0,"enemies":"Chosen and Byrds","floor":24,"turns":2},{"damage":0,"enemies":"Centurion and Healer","floor":28,"turns":1},{"damage":0,"enemies":"Slavers","floor":30,"turns":2},{"damage":0,"enemies":"Snecko","floor":31,"turns":1},{"damage":13,"enemies":"Champ","floor":33,"turns":5},{"damage":0,"enemies":"Orb Walker","floor":35,"turns":1},{"damage":0,"enemies":"3 Shapes","floor":38,"turns":2},{"damage":0,"enemies":"Spire Growth","floor":39,"turns":2},{"damage":0,"enemies":"Giant Head","floor":40,"turns":5},{"damage":15,"enemies":"Sphere and 2 Shapes","floor":44,"turns":2},{"damage":0,"enemies":"Writhing Mass","floor":46,"turns":2},{"damage":0,"enemies":"conspire:OrnateMirror","floor":50,"turns":6}],"seed_played":"6200118630333383257","potions_obtained":[{"floor":2,"key":"blueLaboratory:PyrophylliteBrew"},{"floor":4,"key":"Weak Potion"},{"floor":10,"key":"EssenceOfSteel"},{"floor":16,"key":"blueLaboratory:NullPotion"},{"floor":18,"key":"PowerPotion"},{"floor":44,"key":"DistilledChaos"}],"is_trial":true,"path_per_floor":["M","M","$","M","?","R","M","M","T","M","M","?","$","M","R","B",null,"M","$","M","M","M","R","M","R","T","AVR","M","R","E","M","R","B",null,"M","?","?","M","M","E","R","AVR","T","M","$","M","R","?","R","B",null],"character_chosen":"GUARDIAN","items_purchased":["Guardian:Gem_Crimson","Orrery","Membership Card","Guardian:Gem_Lightblue","Vajra","Streamline","Calipers"],"campfire_rested":0,"item_purchase_floors":[3,13,19,19,45,45,45],"current_hp_per_floor":[83,83,83,69,69,69,69,69,69,69,69,69,69,69,69,69,81,81,81,81,81,81,81,81,81,81,81,81,81,81,81,81,68,81,81,81,81,81,81,81,81,81,81,66,66,66,66,66,66,66],"gold":268,"neow_bonus":"","is_daily":false,"chose_seed":false,"campfire_upgraded":9,"win_rate":0.0,"timestamp":1609484796,"path_taken":["M","M","$","M","?","R","M","M","T","M","M","?","$","?","R","BOSS","M","$","M","M","M","R","M","R","T","AVR","M","R","E","M","R","BOSS","M","?","?","?","M","E","R","AVR","T","M","$","M","R","?","R","BOSS"],"items_purchased_type":["Card","Relic","Relic","Card","Relic","Card","Relic"],"build_version":"2020-12-22","purchased_purges":1,"victory":true,"max_hp_per_floor":[88,88,88,88,81,81,81,81,81,81,81,81,81,81,81,81,81,81,81,81,81,81,81,81,81,81,81,81,81,81,81,81,81,81,81,81,81,81,81,81,81,81,81,81,81,81,81,81,81,81],"relic_stats":{"Darkstone Periapt":0,"counters":[25,69],"Golden Idol":155,"Shuriken":[4],"Pen Nib":[11],"Art of War":[1],"Orichalcum":[0],"obtain_stats":[{"Darkstone Periapt":22,"Dota2Spire:EchoSabre":11,"Calipers":45,"Vajra":45,"Rawhide":38,"EVO:Axolotl":0,"hubris:Backtick":17,"Dota2Spire:CrimsonGuard":28,"aspiration:DefectSkillbook":34,"infinitespire:Bottled Soul":35,"Dota2Spire:BladeMail":48,"Philosopher\u0027s Stone":27,"InkBottle":4,"Potion Belt":8,"Dota2Spire:MantaStyle":26,"Golden Idol":5,"aspiration:FetidBarrel":14,"Guardian:GemstoneGun":9,"Guardian:ModeShifter":0,"Pen Nib":20,"Orichalcum":40,"Akabeko":2,"CaptainsWheel":10,"Anchor":18,"Dota2Spire:Butterfly":24,"hubris:Spice":0,"Shuriken":46,"Orrery":13,"Dota2Spire:LinkenSphere":43,"hubris:ToyBattleship":7,"Art of War":21,"Membership Card":19,"StrikeDummy":1,"Dota2Spire:MonkeyKingBar":17},{"Darkstone Periapt":13,"Dota2Spire:EchoSabre":7,"Calipers":23,"Vajra":23,"Rawhide":20,"EVO:Axolotl":0,"hubris:Backtick":9,"Dota2Spire:CrimsonGuard":15,"aspiration:DefectSkillbook":18,"infinitespire:Bottled Soul":19,"Dota2Spire:BladeMail":24,"Philosopher\u0027s Stone":14,"InkBottle":3,"Potion Belt":5,"Dota2Spire:MantaStyle":14,"Golden Idol":3,"aspiration:FetidBarrel":8,"Guardian:GemstoneGun":5,"Guardian:ModeShifter":0,"Pen Nib":11,"Orichalcum":22,"Akabeko":2,"CaptainsWheel":6,"Anchor":10,"Dota2Spire:Butterfly":14,"hubris:Spice":0,"Shuriken":24,"Orrery":7,"Dota2Spire:LinkenSphere":22,"hubris:ToyBattleship":4,"Art of War":12,"Membership Card":10,"StrikeDummy":1,"Dota2Spire:MonkeyKingBar":9},{"Darkstone Periapt":38,"Dota2Spire:EchoSabre":24,"Calipers":61,"Vajra":61,"Rawhide":52,"EVO:Axolotl":0,"hubris:Backtick":32,"Dota2Spire:CrimsonGuard":41,"aspiration:DefectSkillbook":49,"infinitespire:Bottled Soul":50,"Dota2Spire:BladeMail":63,"Philosopher\u0027s Stone":40,"InkBottle":14,"Potion Belt":21,"Dota2Spire:MantaStyle":40,"Golden Idol":14,"aspiration:FetidBarrel":26,"Guardian:GemstoneGun":21,"Guardian:ModeShifter":0,"Pen Nib":34,"Orichalcum":59,"Akabeko":9,"CaptainsWheel":22,"Anchor":33,"Dota2Spire:Butterfly":40,"hubris:Spice":0,"Shuriken":63,"Orrery":24,"Dota2Spire:LinkenSphere":59,"hubris:ToyBattleship":17,"Art of War":36,"Membership Card":33,"StrikeDummy":4,"Dota2Spire:MonkeyKingBar":32}],"InkBottle":[27]},"card_choices":[{"not_picked":["Guardian:Suspension","Guardian:Incinerate"],"picked":"Guardian:Repulse","floor":0},{"not_picked":["Guardian:TemporalStrike","Guardian:Planning"],"picked":"Guardian:EvasiveProtocol","floor":0},{"not_picked":["Guardian:Gem_Cyan","Guardian:Incinerate"],"picked":"Guardian:CrystalBeam","floor":0},{"not_picked":["Guardian:TemporalShield","Guardian:Clone"],"picked":"Guardian:PrimingBeam","floor":0},{"not_picked":["Guardian:Reroute","Guardian:EvasiveProtocol"],"picked":"Guardian:TemporalShield","floor":0},{"not_picked":["Guardian:GuardianWhirl","Guardian:RollAttack"],"picked":"Guardian:TemporalShield","floor":0},{"not_picked":["Guardian:Suspension","Guardian:VentSteam"],"picked":"Guardian:Gem_White","floor":0},{"not_picked":["Guardian:Incinerate","Guardian:TemporalStrike"],"picked":"Guardian:TemporalShield","floor":0},{"not_picked":["Guardian:ShieldCharger","Guardian:Clone"],"picked":"Guardian:PrismaticBeam","floor":0},{"not_picked":["Guardian:ChargeCore","Guardian:Incinerate"],"picked":"Guardian:Gem_White","floor":0},{"not_picked":["Guardian:Recover","Guardian:RollAttack"],"picked":"Guardian:PrismaticBarrier","floor":0},{"not_picked":["Guardian:Gem_White","Guardian:CrystalBeam"],"picked":"Guardian:PrismaticBeam","floor":0},{"not_picked":["Guardian:FuturePlans","Guardian:VentSteam"],"picked":"Guardian:Gem_Green","floor":0},{"not_picked":["Guardian:CrystalBeam","Guardian:Incinerate"],"picked":"Guardian:PrismaticBeam","floor":0},{"not_picked":["Guardian:Gem_Yellow","Guardian:ArmoredProtocol"],"picked":"Guardian:Gem_Cyan","floor":0},{"not_picked":["Guardian:Incinerate","Guardian:DonusPower"],"picked":"Guardian:Suspension","floor":13},{"not_picked":["Guardian:Incinerate","Guardian:ChargeCore"],"picked":"Guardian:PrimingBeam","floor":13},{"not_picked":["Guardian:TemporalShield","Guardian:ShieldCharger"],"picked":"Guardian:CompilePackage","floor":13},{"not_picked":["Guardian:Gem_Lightblue","Guardian:Clone"],"picked":"Guardian:Gem_White","floor":13},{"not_picked":["Guardian:StasisEngine","Guardian:RefractedBeam"],"picked":"Guardian:PolyBeam","floor":13},{"not_picked":["Guardian:SphericShield","Guardian:RevengeProtocol"],"picked":"Guardian:CompilePackage","floor":16},{"not_picked":["Guardian:Gem_Yellow","Guardian:Clone"],"picked":"Guardian:PrimingBeam","floor":30},{"not_picked":["Transmutation","expansioncontent:Sear","expansioncontent:ManipulateTime"],"picked":"hubris:Insight","floor":36},{"not_picked":["Blizzard+1","Cold Snap+1","Guardian:PiercingHide+1"],"picked":"Barrage+1","floor":40}],"player_experience":568799,"relics_obtained":[{"floor":1,"key":"StrikeDummy"},{"floor":2,"key":"Akabeko"},{"floor":4,"key":"InkBottle"},{"floor":7,"key":"hubris:ToyBattleship"},{"floor":8,"key":"Potion Belt"},{"floor":9,"key":"Guardian:GemstoneGun"},{"floor":10,"key":"CaptainsWheel"},{"floor":11,"key":"Dota2Spire:EchoSabre"},{"floor":14,"key":"aspiration:FetidBarrel"},{"floor":18,"key":"Anchor"},{"floor":20,"key":"Pen Nib"},{"floor":21,"key":"Art of War"},{"floor":22,"key":"Darkstone Periapt"},{"floor":24,"key":"Dota2Spire:Butterfly"},{"floor":26,"key":"Dota2Spire:MantaStyle"},{"floor":28,"key":"Dota2Spire:CrimsonGuard"},{"floor":35,"key":"infinitespire:Bottled Soul"},{"floor":38,"key":"Rawhide"},{"floor":40,"key":"Orichalcum"},{"floor":43,"key":"Dota2Spire:LinkenSphere"},{"floor":46,"key":"Shuriken"}],"event_choices":[{"damage_healed":0,"gold_gain":0,"player_choice":"Lose Max HP","damage_taken":0,"relics_obtained":["Golden Idol"],"max_hp_gain":0,"max_hp_loss":7,"event_name":"Golden Idol","floor":5,"gold_loss":0},{"damage_healed":0,"gold_gain":100,"player_choice":"Pray","damage_taken":0,"max_hp_gain":0,"max_hp_loss":0,"event_name":"Golden Shrine","floor":12,"gold_loss":0},{"damage_healed":0,"gold_gain":0,"player_choice":"Memory 1","damage_taken":0,"max_hp_gain":0,"max_hp_loss":0,"event_name":"SensoryStone","floor":36,"gold_loss":0},{"damage_healed":0,"gold_gain":0,"player_choice":"Gave Potion","damage_taken":0,"relics_obtained":["Dota2Spire:BladeMail"],"max_hp_gain":0,"max_hp_loss":0,"event_name":"WeMeetAgain","floor":48,"gold_loss":0}],"is_beta":false,"boss_relics":[{"not_picked":["hubris:Spice","conspire:RoyalGoblet"],"picked":"hubris:Backtick"},{"not_picked":["Sandwich","hubris:Spice"],"picked":"aspiration:DefectSkillbook"}],"items_purged_floors":[19],"is_endless":false,"potions_floor_spawned":[2,4,10,16,18,20,21,24,31,35,40,44,46],"ascension_level":0}}