{"host":"mhmeo7g9gd98ttwb","time":1609467672,"event":{"mods":["AchievementEnabler","BaseMod","Card Forge","Colored Map","Minty Spire (QoL Compilation)","StSLib"],"gold_per_floor":[113,188,188,198,213,247,247,261,316,334,359,375,375,12,12,112,112,130,130,130,130,130,157,157,192,192,208,227,238,118,217,217,316,316,328,328,343,361,1360,1387,1387,1399,1399,1171,1189,1189,1189,1202,1202,1227,1227,1227,937,962,962],"floor_reached":56,"playtime":5715,"items_purged":[],"score":1377,"play_id":"e96070f7-d978-4d6a-ad10-df5a2e3ac94d","local_time":"20210101022112","is_ascension_mode":false,"campfire_choices":[{"floor":7.0,"key":"RECALL"},{"data":"Body Slam","floor":13.0,"key":"SMITH"},{"floor":15.0,"key":"REST"},{"data":"Second Wind","floor":24.0,"key":"SMITH"},{"floor":32.0,"key":"REST"},{"data":"1","floor":41,"key":"LIFT"},{"data":"2","floor":46,"key":"LIFT"},{"data":"3","floor":49,"key":"LIFT"},{"data":"Second Wind+1","floor":52,"key":"PURGE"}],"circlet_count":0,"master_deck":["Thunderclap+1","Feed+1","Flex+1","Flame Barrier+1","Inflame+1","Infernal Blade+1","Intimidate+1","Metallicize+1","Limit Break+1","Juggernaut+1","Disarm+1","Barricade+1","Anger+1","Berserk+1","Blood for Blood+1","Battle Trance+1","Dropkick+1","Rage+1","Seeing Red+1","Spot Weakness+1","Uppercut+1","True Grit+1","Seeing Red+1","Exhume+1","Body Slam+1","Seeing Red+1","Seeing Red+1","Seeing Red+1","Shockwave+1","Seeing Red+1","Spot Weakness+1","Seeing Red+1","Reaper+1","Whirlwind+1","Dark Shackles+1","Discovery+1","Panacea+1","Inflame+1","Sentinel+1","Reckless Charge+1","Metallicize+1","Ghostly Armor+1","Shrug It Off+1","Blind+1","Transmutation+1","True Grit+1","Shrug It Off+1"],"relics":["Burning Blood","Hammer of Thor","Seething Fire","Anvil of the Gods","Omamori","Paper Frog","Regal Pillow","Boot","Membership Card","Ice Cream","Juzu Bracelet","Pandora\u0027s Box","Pear","Strawberry","Bag of Marbles","Dead Branch","Kunai","Calling Bell","Nunchaku","Shuriken","Peace Pipe","Girya","Torii","Strange Spoon","Sling","Pen Nib","War Paint","Ornamental Fan"],"acts_visited":["Exordium","TheCity","TheBeyond","TheEnding"],"potions_floor_usage":[45,50,55,55,55],"damage_taken":[{"damage":1.0,"enemies":"2 Louse","floor":1.0,"turns":3.0},{"damage":0.0,"enemies":"Jaw Worm","floor":4.0,"turns":1.0},{"damage":2.0,"enemies":"Cultist","floor":5.0,"turns":2.0},{"damage":23.0,"enemies":"Gremlin Nob","floor":6.0,"turns":4.0},{"damage":0.0,"enemies":"Lots of Slimes","floor":8.0,"turns":1.0},{"damage":0.0,"enemies":"Looter","floor":10.0,"turns":1.0},{"damage":9.0,"enemies":"3 Sentries","floor":11.0,"turns":3.0},{"damage":7.0,"enemies":"Blue Slaver","floor":12.0,"turns":9.0},{"damage":13.0,"enemies":"The Guardian","floor":16.0,"turns":7.0},{"damage":19.0,"enemies":"Shell Parasite","floor":18.0,"turns":5.0},{"damage":64.0,"enemies":"Gremlin Leader","floor":23.0,"turns":7.0},{"damage":29.0,"enemies":"Book of Stabbing","floor":25.0,"turns":11.0},{"damage":0.0,"enemies":"Spheric Guardian","floor":27.0,"turns":3.0},{"damage":1.0,"enemies":"Centurion and Healer","floor":28.0,"turns":2.0},{"damage":14.0,"enemies":"Snake Plant","floor":29.0,"turns":2.0},{"damage":18.0,"enemies":"Automaton","floor":33.0,"turns":7.0},{"damage":6,"enemies":"Orb Walker","floor":35,"turns":3},{"damage":46,"enemies":"3 Darklings","floor":37,"turns":12},{"damage":6,"enemies":"Jaw Worm Horde","floor":38,"turns":2},{"damage":0,"enemies":"Giant Head","floor":40,"turns":5},{"damage":9,"enemies":"Sphere and 2 Shapes","floor":42,"turns":3},{"damage":12,"enemies":"Spire Growth","floor":45,"turns":3},{"damage":0,"enemies":"4 Shapes","floor":48,"turns":1},{"damage":19,"enemies":"Awakened One","floor":50,"turns":8},{"damage":6,"enemies":"Shield and Spear","floor":54,"turns":9},{"damage":74,"enemies":"The Heart","floor":55,"turns":9}],"seed_played":"1984156931045101649","potions_obtained":[{"floor":8.0,"key":"DuplicationPotion"},{"floor":11.0,"key":"Ancient Potion"},{"floor":12.0,"key":"Strength Potion"},{"floor":22.0,"key":"Regen Potion"},{"floor":22.0,"key":"SneckoOil"},{"floor":25.0,"key":"SkillPotion"},{"floor":33.0,"key":"Weak Potion"},{"floor":37,"key":"DuplicationPotion"},{"floor":45,"key":"Explosive Potion"}],"is_trial":false,"path_per_floor":["M","?","?","M","M","E","R","M","T","M","E","M","R","$","R","B",null,"M","?","?","?","?","E","R","E","T","M","M","M","$","?","R","B",null,"M","?","M","M","?","E","R","M","T","$","M","R","?","M","R","B",null,"R","$","E","B",null],"character_chosen":"IRONCLAD","items_purchased":["Membership Card","Ice Cream","Juzu Bracelet","Kunai","Torii","Strange Spoon","Sling","Pen Nib","True Grit","Shrug It Off","War Paint","AttackPotion"],"campfire_rested":2,"item_purchase_floors":[14,14,14,30,44,44,53,53,53,53,53,53],"current_hp_per_floor":[80,69,69,79,83,66,66,72,72,78,75,78,78,78,88,85,92,79,79,89,89,89,105,105,105,105,115,117,109,109,109,117,105,117,117,117,117,117,117,117,117,114,114,114,108,108,103,109,109,117,117,117,117,117,117],"gold":962,"neow_bonus":"RANDOM_COMMON_RELIC","is_daily":false,"chose_seed":false,"campfire_upgraded":2,"win_rate":0.0,"timestamp":1609467672,"path_taken":["M","?","?","M","M","E","R","M","T","M","E","?","R","?","R","BOSS","M","?","?","?","?","E","R","E","T","M","M","M","?","?","R","BOSS","M","?","M","M","?","E","R","M","T","$","M","R","?","M","R","BOSS","R","$","E","BOSS"],"items_purchased_type":["Relic","Relic","Relic","Relic","Relic","Relic","Relic","Relic","Card","Card","Relic","Potion"],"build_version":"2020-12-22","purchased_purges":0,"victory":true,"max_hp_per_floor":[80,80,80,84,84,84,84,84,84,84,84,88,88,88,88,92,92,92,92,102,102,102,109,109,113,113,117,117,117,117,117,117,117,117,117,117,117,117,117,117,117,117,117,117,117,117,117,117,117,117,117,117,117,117,117],"card_choices":[{"not_picked":["Cleave","Pommel Strike"],"picked":"Thunderclap","floor":1.0},{"not_picked":["Clothesline","Shockwave"],"picked":"True Grit","floor":4.0},{"not_picked":["Clothesline","Flex","Havoc"],"picked":"SKIP","floor":5.0},{"not_picked":["Warcry","Sword Boomerang","Bloodletting"],"picked":"SKIP","floor":6.0},{"not_picked":["Cleave","Havoc"],"picked":"Seeing Red","floor":8.0},{"not_picked":["Anger","Heavy Blade","Iron Wave"],"picked":"SKIP","floor":10.0},{"not_picked":["Seeing Red","Pummel"],"picked":"Exhume","floor":11.0},{"not_picked":["Wild Strike","Cleave"],"picked":"Body Slam","floor":12.0},{"not_picked":["Double Tap","Immolate"],"picked":"Reaper","floor":16.0},{"not_picked":["Hemokinesis","Reckless Charge","Clothesline"],"picked":"SKIP","floor":18.0},{"not_picked":["Reckless Charge+1","Body Slam+1"],"picked":"Second Wind","floor":23.0},{"not_picked":["Cleave","Sword Boomerang","Uppercut"],"picked":"SKIP","floor":25.0},{"not_picked":["Havoc","Body Slam","Iron Wave"],"picked":"SKIP","floor":27.0},{"not_picked":["Pommel Strike+1","Wild Strike","Demon Form"],"picked":"SKIP","floor":28.0},{"not_picked":["Intimidate","Shockwave","Battle Trance+1"],"picked":"SKIP","floor":29.0},{"not_picked":["Perfected Strike+1","Thunderclap+1"],"picked":"Reckless Charge+1","floor":35},{"not_picked":["Sword Boomerang+1","Blood for Blood","Wild Strike"],"picked":"SKIP","floor":37},{"not_picked":["Searing Blow","Blood for Blood+1","Exhume"],"picked":"SKIP","floor":38},{"not_picked":["Metallicize+1","Rampage"],"picked":"Ghostly Armor","floor":40},{"not_picked":["Spot Weakness","Inflame+1"],"picked":"Shrug It Off","floor":42},{"not_picked":["Sentinel+1","Cleave+1","Spot Weakness+1"],"picked":"SKIP","floor":45},{"not_picked":["Sadistic Nature","Panache"],"picked":"Blind","floor":47},{"not_picked":["Secret Technique","Impatience"],"picked":"Transmutation","floor":47},{"not_picked":["Pommel Strike","Body Slam+1","Seeing Red"],"picked":"SKIP","floor":48},{"not_picked":["Warcry","Pommel Strike+1","Body Slam+1"],"picked":"SKIP","floor":54}],"player_experience":143699,"relics_obtained":[{"floor":6.0,"key":"Paper Frog"},{"floor":9.0,"key":"Regal Pillow"},{"floor":11.0,"key":"Boot"},{"floor":23.0,"key":"Strawberry"},{"floor":25.0,"key":"Bag of Marbles"},{"floor":26.0,"key":"Dead Branch"},{"floor":34,"key":"Nunchaku"},{"floor":34,"key":"Shuriken"},{"floor":34,"key":"Peace Pipe"},{"floor":40,"key":"Girya"},{"floor":54,"key":"Ornamental Fan"}],"event_choices":[{"damage_healed":0.0,"max_hp_gain":0.0,"max_hp_loss":0.0,"gold_gain":75.0,"event_name":"World of Goop","player_choice":"Gather Gold","floor":2.0,"gold_loss":0.0,"damage_taken":11.0},{"damage_healed":0.0,"max_hp_gain":0.0,"max_hp_loss":0.0,"gold_gain":0.0,"event_name":"Upgrade Shrine","player_choice":"Ignored","floor":3.0,"gold_loss":0.0,"damage_taken":0.0},{"damage_healed":0.0,"max_hp_gain":0.0,"max_hp_loss":0.0,"gold_gain":0.0,"event_name":"Beggar","player_choice":"Ignored","floor":19.0,"gold_loss":0.0,"damage_taken":0.0},{"damage_healed":0.0,"max_hp_gain":0.0,"max_hp_loss":0.0,"gold_gain":0.0,"event_name":"WeMeetAgain","player_choice":"Gave Potion","floor":20.0,"gold_loss":0.0,"damage_taken":0.0,"relics_obtained":["Pear"]},{"damage_healed":0.0,"max_hp_gain":0.0,"max_hp_loss":0.0,"gold_gain":0.0,"event_name":"The Library","player_choice":"Read","floor":21.0,"gold_loss":0.0,"damage_taken":0.0,"cards_obtained":["Sentinel"]},{"damage_healed":0.0,"max_hp_gain":0.0,"max_hp_loss":0.0,"gold_gain":0.0,"event_name":"Lab","player_choice":"Got Potions","floor":22.0,"gold_loss":0.0,"damage_taken":0.0},{"damage_healed":0.0,"max_hp_gain":0.0,"max_hp_loss":0.0,"gold_gain":99.0,"event_name":"Nest","player_choice":"Stole From Cult","floor":31.0,"gold_loss":0.0,"damage_taken":0.0},{"damage_healed":0,"gold_gain":0,"player_choice":"Copied","damage_taken":0,"max_hp_gain":0,"max_hp_loss":0,"event_name":"Duplicator","floor":36,"gold_loss":0,"cards_obtained":["Metallicize"]},{"damage_healed":0,"gold_gain":999,"player_choice":"Gold","damage_taken":0,"max_hp_gain":0,"max_hp_loss":0,"event_name":"MindBloom","floor":39,"gold_loss":0,"cards_obtained":["Normality","Normality"]},{"damage_healed":0,"gold_gain":0,"player_choice":"Memory 2","damage_taken":5,"max_hp_gain":0,"max_hp_loss":0,"event_name":"SensoryStone","floor":47,"gold_loss":0}],"is_beta":false,"boss_relics":[{"not_picked":["Fusion Hammer","Sozu"],"picked":"Pandora\u0027s Box"},{"not_picked":["Astrolabe","Velvet Choker"],"picked":"Calling Bell"}],"items_purged_floors":[],"is_endless":false,"potions_floor_spawned":[8,11,12,25,27,33,35,37,45],"ascension_level":0}}