{"host":"3rixevx6n8b56xaj","time":1609466291,"event":{"mods":["2.2 Compatiblity","AchievementEnabler","Arknights The Spire","BaseMod","Colored Map","DeckTracker","Friendly Minions","Minty Spire (QoL Compilation)","StSLib","SuperFastMode"],"gold_per_floor":[112,112,124,124,49,49,49,49,96,113,166,197,215,233,233,335,335,346,346,96,96,111,141,157,182,228,255,255,255,288,307,307,404,404,421,1420,989,1007,1007,1040,1040,802,827,827,843,857,889,903,903,903,903,903,513,541,541],"floor_reached":56,"playtime":1644,"items_purged":["Strike_P","Strike_P","Strike_P","Strike_P","Defend_P"],"score":1313,"play_id":"84d55ac2-91e6-400e-bf93-05f19095cbe8","local_time":"20210101105811","is_ascension_mode":false,"campfire_choices":[{"data":"Eruption","floor":6,"key":"SMITH"},{"data":"CrushJoints","floor":8,"key":"SMITH"},{"data":"Ragnarok","floor":15,"key":"SMITH"},{"data":"Devotion","floor":28,"key":"SMITH"},{"data":"SpiritShield","floor":32,"key":"SMITH"},{"data":"Adaptation","floor":41,"key":"SMITH"},{"data":"MentalFortress","floor":44,"key":"SMITH"},{"floor":49,"key":"RECALL"},{"data":"EmptyMind","floor":52,"key":"SMITH"}],"circlet_count":0,"master_deck":["Defend_P+1","Defend_P","Eruption+1","Vigilance","Ragnarok+1","CrushJoints+1","Evaluate+1","FlurryOfBlows","EmptyMind+1","Devotion+1","SandsOfTime+1","SpiritShield+1","ClearTheMind+1","EmptyBody","Tantrum","FearNoEvil","DeusExMachina","Adaptation+1","MentalFortress+1","EmptyBody+1","Perseverance+1","Halt+1","Collect+1","Wish"],"relics":["PureWater","Blood Vial","Potion Belt","ats:Originium","Damaru","Coffee Dripper","Enchiridion","Happy Flower","Shuriken","Omamori","Red Mask","Centennial Puzzle","SacredBark","Membership Card","Nunchaku","Oddly Smooth Stone","Question Card","Pantograph","Ancient Tea Set","Letter Opener","Gremlin Horn","Toy Ornithopter","Lee\u0027s Waffle","Torii"],"acts_visited":["Exordium","TheCity","TheBeyond","TheEnding"],"potions_floor_usage":[12,23,23,33,33,50,55,55,55],"damage_taken":[{"damage":2,"enemies":"Cultist","floor":1,"turns":3},{"damage":0,"enemies":"2 Louse","floor":3,"turns":2},{"damage":0,"enemies":"Small Slimes","floor":10,"turns":2},{"damage":3,"enemies":"Gremlin Nob","floor":12,"turns":3},{"damage":0,"enemies":"Looter","floor":13,"turns":2},{"damage":3,"enemies":"Red Slaver","floor":14,"turns":4},{"damage":21,"enemies":"The Guardian","floor":16,"turns":10},{"damage":19,"enemies":"2 Thieves","floor":18,"turns":4},{"damage":0,"enemies":"Spheric Guardian","floor":22,"turns":2},{"damage":11,"enemies":"Gremlin Leader","floor":23,"turns":4},{"damage":2,"enemies":"3 Cultists","floor":24,"turns":3},{"damage":15,"enemies":"Book of Stabbing","floor":25,"turns":4},{"damage":0,"enemies":"Masked Bandits","floor":27,"turns":3},{"damage":12,"enemies":"Slavers","floor":30,"turns":4},{"damage":1,"enemies":"Shelled Parasite and Fungi","floor":31,"turns":3},{"damage":1,"enemies":"Automaton","floor":33,"turns":5},{"damage":0,"enemies":"3 Darklings","floor":35,"turns":3},{"damage":1,"enemies":"Orb Walker","floor":38,"turns":3},{"damage":0,"enemies":"Reptomancer","floor":40,"turns":3},{"damage":0,"enemies":"Jaw Worm Horde","floor":45,"turns":2},{"damage":13,"enemies":"Writhing Mass","floor":46,"turns":4},{"damage":10,"enemies":"Nemesis","floor":47,"turns":3},{"damage":0,"enemies":"Maw","floor":48,"turns":6},{"damage":15,"enemies":"Donu and Deca","floor":50,"turns":6},{"damage":23,"enemies":"Shield and Spear","floor":54,"turns":4},{"damage":40,"enemies":"The Heart","floor":55,"turns":6}],"seed_played":"-7827291642188266331","potions_obtained":[{"floor":1,"key":"Regen Potion"},{"floor":10,"key":"BlessingOfTheForge"},{"floor":13,"key":"EssenceOfSteel"},{"floor":18,"key":"SkillPotion"},{"floor":22,"key":"Dexterity Potion"},{"floor":27,"key":"SpeedPotion"},{"floor":30,"key":"LiquidBronze"},{"floor":33,"key":"AttackPotion"},{"floor":38,"key":"ColorlessPotion"},{"floor":45,"key":"FearPotion"},{"floor":48,"key":"LiquidMemories"},{"floor":54,"key":"Strength Potion"}],"is_trial":false,"path_per_floor":["M","?","M","?","$","R","?","R","T","M","T","E","M","M","R","B",null,"M","?","$","?","M","E","M","E","T","?","R","?","E","M","R","B",null,"M","?","$","M","?","E","R","$","T","R","M","M","E","M","R","B",null,"R","$","E","B",null],"character_chosen":"WATCHER","items_purchased":["Happy Flower","Membership Card","Adaptation","Nunchaku","Oddly Smooth Stone","BottledMiracle","MentalFortress","Pantograph","Strength Potion","Gremlin Horn","Toy Ornithopter","Lee\u0027s Waffle"],"campfire_rested":0,"item_purchase_floors":[20,37,37,37,37,37,42,42,53,53,53,53],"current_hp_per_floor":[63,68,68,54,54,54,54,54,54,56,56,55,57,56,56,37,70,51,35,35,22,24,27,27,14,14,16,16,16,6,7,7,8,75,75,75,75,74,74,75,75,75,75,75,75,62,54,56,56,60,75,75,82,59,47],"gold":541,"neow_bonus":"THREE_RARE_CARDS","is_daily":false,"chose_seed":false,"campfire_upgraded":8,"win_rate":0.0,"timestamp":1609466291,"path_taken":["M","?","M","?","$","R","?","R","T","M","?","E","M","M","R","BOSS","M","?","$","?","M","E","?","E","T","?","R","?","E","M","R","BOSS","M","?","$","M","?","E","R","$","T","R","M","M","E","M","R","BOSS","R","$","E","BOSS"],"items_purchased_type":["Relic","Relic","Card","Relic","Relic","Potion","Card","Relic","Potion","Relic","Relic","Relic"],"build_version":"2020-12-22","purchased_purges":5,"victory":true,"max_hp_per_floor":[65,70,70,70,70,70,70,70,70,70,70,70,70,70,70,70,70,70,70,70,75,75,75,75,75,75,75,75,75,75,75,75,75,75,75,75,75,75,75,75,75,75,75,75,75,75,75,75,75,75,75,75,82,82,82],"card_choices":[{"not_picked":["SpiritShield","DeusExMachina"],"picked":"Ragnarok","floor":0},{"not_picked":["LikeWater","WaveOfTheHand"],"picked":"CrushJoints","floor":1},{"not_picked":["Consecrate","Worship"],"picked":"Evaluate","floor":3},{"not_picked":["BowlingBash","Wireheading"],"picked":"EmptyMind","floor":10},{"not_picked":["Meditate","Nirvana","Prostrate"],"picked":"SKIP","floor":12},{"not_picked":["Crescendo","CarveReality","SandsOfTime"],"picked":"SKIP","floor":13},{"not_picked":["DeceiveReality","BowlingBash","Wireheading"],"picked":"SKIP","floor":14},{"not_picked":["MasterReality","SpiritShield"],"picked":"Devotion","floor":16},{"not_picked":["Worship","FollowUp"],"picked":"SandsOfTime+1","floor":18},{"not_picked":["Wireheading","Conclude","CrushJoints"],"picked":"SKIP","floor":22},{"not_picked":["Pray","SashWhip"],"picked":"SpiritShield","floor":23},{"not_picked":["BowlingBash","Evaluate","Crescendo"],"picked":"SKIP","floor":24},{"not_picked":["CutThroughFate","Judgement"],"picked":"ClearTheMind+1","floor":25},{"not_picked":["FlyingSleeves+1","EmptyMind"],"picked":"EmptyBody","floor":27},{"not_picked":["Evaluate","LikeWater"],"picked":"Tantrum","floor":30},{"not_picked":["PathToVictory+1","SandsOfTime"],"picked":"FearNoEvil","floor":31},{"not_picked":["ConjureBlade","Wish"],"picked":"DeusExMachina","floor":33},{"not_picked":["JustLucky+1","Crescendo+1","SashWhip"],"picked":"SKIP","floor":35},{"not_picked":["PathToVictory+1","Conclude","FollowUp"],"picked":"SKIP","floor":38},{"not_picked":["ClearTheMind","SpiritShield","FollowUp"],"picked":"SKIP","floor":40},{"not_picked":["FlurryOfBlows+1","EmptyFist","CrushJoints"],"picked":"EmptyBody+1","floor":45},{"not_picked":["ThirdEye","Devotion","Vengeance"],"picked":"Perseverance+1","floor":46},{"not_picked":["LikeWater","WaveOfTheHand+1","PathToVictory+1"],"picked":"Halt+1","floor":47},{"not_picked":["EmptyBody+1","ThirdEye+1","ReachHeaven+1"],"picked":"Collect+1","floor":48},{"not_picked":["SashWhip+1","DeceiveReality+1","FlurryOfBlows+1"],"picked":"Wish","floor":54}],"player_experience":593487,"relics_obtained":[{"floor":9,"key":"Blood Vial"},{"floor":11,"key":"Potion Belt"},{"floor":12,"key":"ats:Originium"},{"floor":12,"key":"Damaru"},{"floor":19,"key":"Enchiridion"},{"floor":23,"key":"ats:Originium"},{"floor":23,"key":"Shuriken"},{"floor":25,"key":"ats:Originium"},{"floor":25,"key":"Omamori"},{"floor":27,"key":"Red Mask"},{"floor":30,"key":"Centennial Puzzle"},{"floor":40,"key":"Question Card"},{"floor":43,"key":"Ancient Tea Set"},{"floor":47,"key":"Letter Opener"},{"floor":54,"key":"Torii"}],"event_choices":[{"damage_healed":0,"gold_gain":0,"player_choice":"Donut","damage_taken":0,"max_hp_gain":5,"max_hp_loss":0,"event_name":"Big Fish","floor":2,"gold_loss":0},{"damage_healed":0,"gold_gain":0,"player_choice":"Entered Light","damage_taken":14,"max_hp_gain":0,"max_hp_loss":0,"event_name":"Shining Light","floor":4,"gold_loss":0,"cards_upgraded":["Defend_P","Evaluate"]},{"damage_healed":0,"gold_gain":0,"cards_transformed":["Defend_P"],"player_choice":"Change","damage_taken":0,"max_hp_gain":0,"max_hp_loss":0,"event_name":"Living Wall","floor":7,"gold_loss":0,"cards_obtained":["FlurryOfBlows"]},{"damage_healed":0,"gold_gain":0,"player_choice":"Obtained Book","damage_taken":16,"max_hp_gain":0,"max_hp_loss":0,"event_name":"Cursed Tome","floor":19,"gold_loss":0},{"damage_healed":0,"gold_gain":0,"player_choice":"Shed Blood","damage_taken":18,"max_hp_gain":5,"max_hp_loss":0,"event_name":"Forgotten Altar","floor":21,"gold_loss":0},{"damage_healed":0,"gold_gain":0,"player_choice":"Fought Bandits","damage_taken":0,"max_hp_gain":0,"max_hp_loss":0,"event_name":"Masked Bandits","floor":27,"gold_loss":0},{"damage_healed":0,"gold_gain":0,"player_choice":"Ignored","damage_taken":0,"max_hp_gain":0,"max_hp_loss":0,"event_name":"Vampires","floor":29,"gold_loss":0},{"damage_healed":0,"gold_gain":999,"player_choice":"Gold","damage_taken":0,"max_hp_gain":0,"max_hp_loss":0,"event_name":"MindBloom","floor":36,"gold_loss":0,"cards_obtained":["Normality","Normality"]},{"damage_healed":0,"gold_gain":0,"player_choice":"0 cards matched","damage_taken":0,"max_hp_gain":0,"max_hp_loss":0,"event_name":"Match and Keep!","floor":39,"gold_loss":0,"cards_obtained":[]}],"is_beta":false,"boss_relics":[{"not_picked":["Astrolabe","Black Star"],"picked":"Coffee Dripper"},{"not_picked":["Runic Dome","HolyWater"],"picked":"SacredBark"}],"items_purged_floors":[5,20,37,42,53],"is_endless":false,"potions_floor_spawned":[1,10,13,18,22,27,30,33,38,45,48,54],"ascension_level":0}}