{"host":"n91kx4xj3dn3811n","time":1609466942,"event":{"mods":["Act Like it!","BaseMod","Colored Powertips","Hero for Fun","Highlight Path","Minty Spire (QoL Compilation)","MostiFishMod","Quick Restart","RumiaBox-露米娅的神秘盒子","Spicy Shops","StSLib","TestMod","The Cursed","Waifu the Spire"],"gold_per_floor":[117,131,142,142,192,192,225,225,251,251,251,263,82,115,115,218,218,238,254,269,269,269,594,594,623,623,623,643,742,754,770,770,874,874,890,903,620,620,620,620,620,630,630,657,657,657,673,823,823,823,823,823,98,128,128],"floor_reached":56,"playtime":3648,"items_purged":["TheCursedMod:Strike_TheCursed"],"score":1345,"play_id":"c993e045-0f8a-4980-a1a0-8c1c9ea0bd1f","local_time":"20210101100902","is_ascension_mode":true,"campfire_choices":[{"data":"TheCursedMod:AbyssShockwave","floor":6.0,"key":"SMITH"},{"data":"TheCursedMod:CleanUpWorkshop","floor":8.0,"key":"SMITH"},{"data":"TheCursedMod:SpitefulPray","floor":10.0,"key":"SMITH"},{"data":"TheCursedMod:VoidForm","floor":15.0,"key":"SMITH"},{"data":"TheCursedMod:CollectTribute","floor":24.0,"key":"SMITH"},{"floor":27.0,"key":"REST"},{"floor":32,"key":"REST"},{"data":"TheCursedMod:VoidForm","floor":40,"key":"SMITH"},{"data":"TheCursedMod:CircleOfFlame","floor":46,"key":"SMITH"},{"floor":49,"key":"RECALL"},{"data":"TheCursedMod:BlessingInDisguise","floor":52,"key":"SMITH"}],"circlet_count":0,"master_deck":["TheCursedMod:Strike_TheCursed","TheCursedMod:Strike_TheCursed","TheCursedMod:Strike_TheCursed","TheCursedMod:Defend_TheCursed","TheCursedMod:Defend_TheCursed","TheCursedMod:Defend_TheCursed","TheCursedMod:CursedWand","TheCursedMod:CleanUpWorkshop+1","TheCursedMod:Dregs","TheCursedMod:AbyssShockwave+1","TheCursedMod:CursedShiv","TheCursedMod:SpitefulStrike","TheCursedMod:SpitefulPray+1","TheCursedMod:CursedBlade","TheCursedMod:CursedArmor","TheCursedMod:VoidForm+1","TheCursedMod:CursedShiv","TheCursedMod:CollectTribute+1","TheCursedMod:CursedShiv","TheCursedMod:SmokeScreen","TheCursedMod:CursedSpellbook+1","TheCursedMod:VoidForm+1","TheCursedMod:SpreadPlague+1","TheCursedMod:Obscuration","TheCursedMod:CircleOfFlame+1","TheCursedMod:WearCloak+1","TheCursedMod:BlessingInDisguise+1","TheCursedMod:ManaCirculation+1","TheCursedMod:HellfireBreathing+1","TheCursedMod:ReleasedStrength+1","TheCursedMod:CircleOfFlame+1","TheCursedMod:Hemoplague+1","TheCursedMod:SpitefulPlan"],"relics":["TheCursedMod:BlackMagic101","DaveBox","testmod-TestBox","testmod-HeartOfStrike","xbg","SynthV:TestCard","testmod-Fortitude","Black Star","Necronomicon","Old Coin","GodSword3","testmod-Justice","Smiling Mask","Anchor","testmod-CardMagician","testmod-Alchemist","Technique","MagicDraw1","testmod-BalancedPeriapt","testmod-IndustrialRevolution","ZombieArmy","ArrowTower","GodSword6","Bag of Marbles","Akabeko"],"acts_visited":["Exordium","TheCity","TheBeyond","TheEnding"],"potions_floor_usage":[44,47,47,50,54,54,55,55,55,55,55],"damage_taken":[{"damage":0.0,"enemies":"Small Slimes","floor":1.0,"turns":2.0},{"damage":0.0,"enemies":"2 Louse","floor":2.0,"turns":1.0},{"damage":0.0,"enemies":"Cultist","floor":3.0,"turns":2.0},{"damage":9.0,"enemies":"3 Sentries","floor":7.0,"turns":2.0},{"damage":3.0,"enemies":"Red Slaver","floor":12.0,"turns":2.0},{"damage":0.0,"enemies":"Gremlin Nob","floor":14.0,"turns":3.0},{"damage":29.0,"enemies":"The Guardian","floor":16.0,"turns":6.0},{"damage":0.0,"enemies":"3 Byrds","floor":18.0,"turns":3.0},{"damage":17.0,"enemies":"2 Thieves","floor":19.0,"turns":3.0},{"damage":27.0,"enemies":"Centurion and Healer","floor":20.0,"turns":4.0},{"damage":0.0,"enemies":"Slavers","floor":23.0,"turns":2.0},{"damage":21.0,"enemies":"Gremlin Leader","floor":25.0,"turns":4.0},{"damage":15.0,"enemies":"Snake Plant","floor":28.0,"turns":3.0},{"damage":0,"enemies":"Snecko","floor":30,"turns":3},{"damage":0,"enemies":"3 Cultists","floor":31,"turns":4},{"damage":12,"enemies":"Champ","floor":33,"turns":6},{"damage":8,"enemies":"3 Shapes","floor":35,"turns":3},{"damage":0,"enemies":"3 Darklings","floor":36,"turns":1},{"damage":10,"enemies":"Transient","floor":42,"turns":5},{"damage":12,"enemies":"Reptomancer","floor":44,"turns":4},{"damage":8,"enemies":"Writhing Mass","floor":47,"turns":3},{"damage":30,"enemies":"Awakened One","floor":50,"turns":7},{"damage":63,"enemies":"Shield and Spear","floor":54,"turns":5},{"damage":63,"enemies":"The Heart","floor":55,"turns":6}],"seed_played":"3372034841023314655","potions_obtained":[{"floor":2.0,"key":"SteroidPotion"},{"floor":7.0,"key":"FearPotion"},{"floor":12.0,"key":"GamblersBrew"},{"floor":20.0,"key":"testmod-EscapePotion"},{"floor":23.0,"key":"SpeedPotion"},{"floor":33,"key":"Block Potion"},{"floor":36,"key":"PowerPotion"},{"floor":44,"key":"EntropicBrew"},{"floor":54,"key":"testmod-EscapePotion"}],"is_trial":false,"path_per_floor":["M","M","M","?","?","R","E","R","T","R","?","M","$","E","R","B",null,"M","M","M","?","?","E","R","E","T","R","M","?","M","M","R","B",null,"M","M","$","?","?","R","?","M","T","E","?","R","M","?","R","B",null,"R","$","E","B",null],"character_chosen":"THE_CURSED","items_purchased":["TheCursedMod:CursedArmor","TheCursedMod:VoidForm","testmod-Alchemist","Technique","FairyPotion","ZombieArmy","ArrowTower","GodSword6","TheCursedMod:SpitefulPlan"],"campfire_rested":2,"item_purchase_floors":[13,13,37,37,53,53,53,53,53],"current_hp_per_floor":[82,82,82,82,82,82,73,73,73,73,73,70,70,70,70,41,82,82,65,38,38,22,22,22,1,1,25,10,10,10,10,34,22,82,74,74,74,74,74,74,74,64,64,52,73,73,65,65,65,35,82,82,82,19,24],"gold":128,"neow_bonus":"TEN_PERCENT_HP_BONUS","is_daily":false,"chose_seed":false,"campfire_upgraded":8,"win_rate":0.0,"timestamp":1609466942,"path_taken":["M","M","M","?","?","R","E","R","T","R","?","?","?","E","R","BOSS","M","M","M","?","?","E","R","E","T","R","M","?","M","?","R","BOSS","M","M","$","?","?","R","?","?","T","E","?","R","M","?","R","BOSS","R","$","E","BOSS"],"items_purchased_type":["Card","Card","Relic","Relic","Potion","Relic","Relic","Relic","Card"],"build_version":"2020-12-22","purchased_purges":1,"victory":true,"max_hp_per_floor":[82,82,82,82,82,82,82,82,82,82,82,82,82,82,82,82,82,82,82,82,82,82,82,82,82,82,82,82,82,82,82,82,82,82,82,82,82,82,82,82,82,82,82,82,82,82,82,82,82,82,82,82,82,82,82],"card_choices":[{"not_picked":["TheCursedMod:WearCloak","TheCursedMod:CircleOfWindfury"],"picked":"TheCursedMod:AbyssShockwave","floor":1.0},{"not_picked":["TheCursedMod:VitalStrike","TheCursedMod:RavingStaff","TheCursedMod:SmokeScreen","TheCursedMod:SpitefulStrike"],"picked":"TheCursedMod:CursedShiv","floor":2.0},{"not_picked":["TheCursedMod:CircleOfCorruption","TheCursedMod:SmokeScreen","TheCursedMod:OutForBlood","TheCursedMod:SoulReap"],"picked":"TheCursedMod:SpitefulStrike","floor":3.0},{"not_picked":["TheCursedMod:RavingStaff","TheCursedMod:CircleOfCorruption","TheCursedMod:Torture","TheCursedMod:SpitefulStrike"],"picked":"TheCursedMod:SpitefulPray","floor":7.0},{"not_picked":["TheCursedMod:WearCloak","TheCursedMod:SpitefulStrike","TheCursedMod:CursedShiv","TheCursedMod:AshesToAshes"],"picked":"TheCursedMod:CursedBlade","floor":12.0},{"not_picked":["TheCursedMod:Wield","TheCursedMod:SurpriseAttack","TheCursedMod:NeowsMight","TheCursedMod:Evocation"],"picked":"TheCursedMod:CursedShiv","floor":14.0},{"not_picked":["TheCursedMod:AntiAging","TheCursedMod:DemonicPact","TheCursedMod:CursedRelics","TheCursedMod:UltimatePain"],"picked":"TheCursedMod:CollectTribute","floor":16.0},{"not_picked":["TheCursedMod:LuckyCharm+1","TheCursedMod:AshesToAshes","TheCursedMod:BloodBarrier","TheCursedMod:CircleOfCorruption"],"picked":"TheCursedMod:CursedShiv","floor":18.0},{"not_picked":["TheCursedMod:TacticalStrike","TheCursedMod:Torture","TheCursedMod:CursedAmulet","TheCursedMod:RapidMovement"],"picked":"TheCursedMod:SmokeScreen","floor":19.0},{"not_picked":["TheCursedMod:CursedMace","TheCursedMod:SmokeScreen+1","TheCursedMod:WearCloak","TheCursedMod:CursedStaff"],"picked":"TheCursedMod:CursedSpellbook+1","floor":20.0},{"not_picked":["TheCursedMod:CircleOfCorruption+1","TheCursedMod:Stretching+1","TheCursedMod:SmokeScreen","TheCursedMod:VoidForm"],"picked":"TheCursedMod:SpreadPlague","floor":23.0},{"not_picked":["TheCursedMod:EmpowerCircles+1","TheCursedMod:AshesToAshes","TheCursedMod:FuryStrike","TheCursedMod:PrepareRite+1"],"picked":"TheCursedMod:Obscuration","floor":25.0},{"not_picked":["TheCursedMod:RapidMovement","TheCursedMod:Wield","TheCursedMod:EmpowerCircles","TheCursedMod:VitalStrike+1"],"picked":"TheCursedMod:CircleOfFlame","floor":28.0},{"not_picked":["TheCursedMod:CursedSpellbook+1","TheCursedMod:Grudge","TheCursedMod:SpreadPlague","TheCursedMod:CursedMace"],"picked":"TheCursedMod:WearCloak+1","floor":30},{"not_picked":["TheCursedMod:SpitefulPlan+1","TheCursedMod:SpreadPlague","TheCursedMod:AbyssShockwave","TheCursedMod:RapidMovement"],"picked":"TheCursedMod:BlessingInDisguise","floor":31},{"not_picked":["TheCursedMod:UltimatePain","TheCursedMod:DemonSword","TheCursedMod:OutForBlood","TheCursedMod:CursedRelics"],"picked":"TheCursedMod:ManaCirculation","floor":33},{"not_picked":["TheCursedMod:CursedMace+1","TheCursedMod:SpitefulStrike","TheCursedMod:Obscuration","TheCursedMod:FuryStrike+1"],"picked":"TheCursedMod:HellfireBreathing+1","floor":35},{"not_picked":["TheCursedMod:CursedBlade+1","TheCursedMod:Neurasthenia","TheCursedMod:RapidMovement","TheCursedMod:SmokeScreen"],"picked":"TheCursedMod:ReleasedStrength+1","floor":36},{"not_picked":["TheCursedMod:RapidMovement","TheCursedMod:CircleOfFlame","TheCursedMod:Mangle+1","TheCursedMod:Stretching","TheCursedMod:UltimatePain"],"picked":"SKIP","floor":42},{"not_picked":["TheCursedMod:Mangle+1","TheCursedMod:CursedBlade","TheCursedMod:CursedStaff+1","TheCursedMod:RavingStaff"],"picked":"TheCursedMod:CircleOfFlame+1","floor":44},{"not_picked":["TheCursedMod:Wield","TheCursedMod:SurpriseAttack","TheCursedMod:TacticalStrike+1","TheCursedMod:RavingStaff"],"picked":"TheCursedMod:Hemoplague+1","floor":47},{"not_picked":["TheCursedMod:Torture+1","TheCursedMod:Wield+1","TheCursedMod:FleshFromBone+1","TheCursedMod:SurpriseAttack","TheCursedMod:CursedArmor+1"],"picked":"SKIP","floor":54}],"player_experience":174135,"relics_obtained":[{"floor":1.0,"key":"SynthV:TestCard"},{"floor":7.0,"key":"Omamori"},{"floor":14.0,"key":"testmod-Fortitude"},{"floor":22.0,"key":"Necronomicon"},{"floor":23.0,"key":"Old Coin"},{"floor":23.0,"key":"GodSword3"},{"floor":25.0,"key":"testmod-Justice"},{"floor":25.0,"key":"Smiling Mask"},{"floor":26.0,"key":"Anchor"},{"floor":43,"key":"MagicDraw1"},{"floor":44,"key":"testmod-BalancedPeriapt"},{"floor":44,"key":"testmod-IndustrialRevolution"},{"floor":54,"key":"Bag of Marbles"},{"floor":54,"key":"Akabeko"}],"event_choices":[{"damage_healed":0.0,"max_hp_gain":0.0,"max_hp_loss":0.0,"gold_gain":0.0,"event_name":"The Cleric","player_choice":"Leave","floor":4.0,"gold_loss":0.0,"damage_taken":0.0},{"damage_healed":0.0,"max_hp_gain":0.0,"max_hp_loss":0.0,"gold_gain":50.0,"event_name":"Golden Wing","player_choice":"Gained Gold","floor":5.0,"gold_loss":0.0,"damage_taken":0.0},{"cards_removed":["TheCursedMod:Defend_TheCursed"],"damage_healed":0.0,"max_hp_gain":0.0,"max_hp_loss":0.0,"gold_gain":0.0,"event_name":"Purifier","player_choice":"Purged","floor":11.0,"gold_loss":0.0,"damage_taken":0.0},{"damage_healed":0.0,"max_hp_gain":0.0,"max_hp_loss":0.0,"gold_gain":0.0,"event_name":"The Library","player_choice":"Read","floor":21.0,"gold_loss":0.0,"damage_taken":0.0,"cards_obtained":["TheCursedMod:VoidForm"]},{"damage_healed":0.0,"max_hp_gain":0.0,"max_hp_loss":0.0,"gold_gain":0.0,"event_name":"Cursed Tome","player_choice":"Obtained Book","floor":22.0,"gold_loss":0.0,"damage_taken":16.0},{"damage_healed":0.0,"max_hp_gain":0.0,"max_hp_loss":0.0,"gold_gain":99.0,"event_name":"Nest","player_choice":"Stole From Cult","floor":29.0,"gold_loss":0.0,"damage_taken":0.0},{"damage_healed":0,"gold_gain":0,"player_choice":"Ignored","damage_taken":0,"max_hp_gain":0,"max_hp_loss":0,"event_name":"Tomb of Lord Red Mask","floor":38,"gold_loss":0},{"damage_healed":0,"gold_gain":0,"player_choice":"Ignored","damage_taken":0,"max_hp_gain":0,"max_hp_loss":0,"event_name":"Mysterious Sphere","floor":39,"gold_loss":0},{"damage_healed":0,"gold_gain":0,"player_choice":"Ignored","damage_taken":0,"max_hp_gain":0,"max_hp_loss":0,"event_name":"Fountain of Cleansing","floor":41,"gold_loss":0},{"damage_healed":21,"gold_gain":0,"player_choice":"Writhe","damage_taken":0,"max_hp_gain":0,"max_hp_loss":0,"event_name":"Winding Halls","floor":45,"gold_loss":0,"cards_obtained":["Writhe"]},{"damage_healed":0,"gold_gain":150,"player_choice":"Sell","damage_taken":0,"max_hp_gain":0,"max_hp_loss":0,"event_name":"恩洛斯的盘子","floor":48,"relics_lost":["Omamori"],"gold_loss":0}],"is_beta":false,"boss_relics":[{"not_picked":["SacredBark","testmod-Temperance"],"picked":"Black Star"},{"not_picked":["testmod-EnergyCheck","EE1DDrone"],"picked":"testmod-CardMagician"}],"items_purged_floors":[37],"is_endless":false,"potions_floor_spawned":[2,7,12,18,20,23,33,36,44,54],"ascension_level":1}}