{"host":"dlskvfecb6rtl9z1","time":1609536244,"event":{"mods":["2.2 Compatiblity","AchievementEnabler","Aspiration","BaseMod","Better Third Choice","Colored Map","Colored Powertips","Downfall","Duelist Mod","Hermit","Hubris","Infinite Spire","KinomotoSakuraMod(????)","Koishi","Marisa????????","Minty Spire (QoL Compilation)","Remilia??????","Replay The Spire","Shop Mod","StSLib","Td1madao Mod","The Administrix","The Bug Knight","The Construct","The Cursed","The Disciple","The Hierophant","The Jungle","The Mystic","The Necromancer","The Runesmith","The Senshi","The Servant 0.9.4"],"gold_per_floor":[115,40,40,40,56,56,89,89,89,89,103,115,15,35,35,135,135,152,165,165,165,165,194,194,206,206,232,232,245,260,185,185,286,286,302,302,302,319,336,336,368,368,393,408,419,430,430,459,459,459],"floor_reached":51,"playtime":3396,"items_purged":["Defend_R","Strike_R","Defend_R","Strike_R","Defend_R","Defend_R"],"score":919,"play_id":"37de7cfb-79fa-42f2-8ff8-fceda22f1837","local_time":"20210101232404","is_ascension_mode":true,"campfire_choices":[{"data":"True Grit","floor":6,"key":"SMITH"},{"floor":8,"key":"REST"},{"data":"Combust","floor":10,"key":"SMITH"},{"data":"Intimidate","floor":15,"key":"SMITH"},{"data":"Bash","floor":24,"key":"SMITH"},{"data":"Searing Blow+1","floor":32,"key":"SMITH"},{"data":"Shrug It Off","floor":40,"key":"SMITH"},{"data":"Searing Blow+2","floor":42,"key":"SMITH"},{"data":"Searing Blow+3","floor":49,"key":"SMITH"}],"circlet_count":0,"master_deck":["Bash+1","True Grit+1","Combust+1","Intimidate+1","Iron Wave+1","Shrug It Off+1","Searing Blow+4","Replay:Many Hands","Shrug It Off+1","Rampage+1"],"relics":["Burning Blood","hubris:FruitBowl","hubris:GlazedTorus","Another Sword","aspiration:SeaSaltIceCream","Molten Egg 2","Busted Crown","hubris:VirtuousBlindfold","Sundial","Pen Nib","Red Mask","aspiration:RitualStick","Empty Cage","Self Forming Clay","Bronze Scales","Bag of Marbles","infinitespire:PuzzleCube"],"acts_visited":["Exordium","TheCity","TheBeyond"],"potions_floor_usage":[16,33,50,50],"damage_taken":[{"damage":6,"enemies":"Cultist","floor":1,"turns":3},{"damage":0,"enemies":"Small Slimes","floor":5,"turns":3},{"damage":27,"enemies":"3 Sentries","floor":7,"turns":6},{"damage":9,"enemies":"Jaw Worm","floor":11,"turns":2},{"damage":14,"enemies":"Gremlin Gang","floor":12,"turns":3},{"damage":4,"enemies":"Lots of Slimes","floor":14,"turns":2},{"damage":12,"enemies":"Slime Boss","floor":16,"turns":6},{"damage":3,"enemies":"Spheric Guardian","floor":18,"turns":3},{"damage":2,"enemies":"Chosen","floor":19,"turns":4},{"damage":6,"enemies":"Gremlin Leader","floor":23,"turns":5},{"damage":3,"enemies":"Centurion and Healer","floor":25,"turns":4},{"damage":2,"enemies":"Masked Bandits","floor":27,"turns":3},{"damage":9,"enemies":"Shelled Parasite and Fungi","floor":29,"turns":3},{"damage":2,"enemies":"Cultist and Chosen","floor":30,"turns":3},{"damage":16,"enemies":"Automaton","floor":33,"turns":4},{"damage":3,"enemies":"3 Darklings","floor":35,"turns":4},{"damage":6,"enemies":"3 Shapes","floor":38,"turns":3},{"damage":2,"enemies":"Jaw Worm Horde","floor":39,"turns":3},{"damage":22,"enemies":"R_Hoarder","floor":41,"turns":4},{"damage":18,"enemies":"Writhing Mass","floor":44,"turns":4},{"damage":12,"enemies":"Spire Growth","floor":45,"turns":4},{"damage":17,"enemies":"3 Darklings","floor":46,"turns":4},{"damage":5,"enemies":"Giant Head","floor":48,"turns":6},{"damage":4,"enemies":"Donu and Deca","floor":50,"turns":6}],"seed_played":"-2890426735988425155","potions_obtained":[{"floor":1,"key":"BlessingOfTheForge"},{"floor":11,"key":"Milkshake"},{"floor":23,"key":"Strength Potion"},{"floor":25,"key":"Flashbang"},{"floor":33,"key":"Weak Potion"}],"is_trial":false,"path_per_floor":["M","$","?","$","M","R","E","R","T","R","M","M","$","M","R","B",null,"M","M","AVR","?","?","E","R","M","T","?","?","M","M","?","R","B",null,"M","?","T","M","M","R","E","R","T","M","M","M","?","E","R","B",null],"character_chosen":"IRONCLAD","items_purchased":["hubris:FruitBowl","hubris:GlazedTorus"],"campfire_rested":1,"item_purchase_floors":[4,4],"current_hp_per_floor":[88,88,88,28,34,34,13,39,39,39,36,28,28,30,30,24,88,88,88,88,88,88,88,88,88,88,88,70,67,71,71,71,61,88,88,88,88,88,88,88,72,72,72,60,54,43,43,44,44,46],"gold":459,"neow_bonus":"TEN_PERCENT_HP_BONUS","is_daily":false,"chose_seed":false,"campfire_upgraded":8,"win_rate":0.0,"timestamp":1609536244,"path_taken":["M","?","?","?","M","R","E","R","T","R","?","M","$","M","R","BOSS","M","M","AVR","?","?","E","R","?","T","?","?","M","M","?","R","BOSS","M","?","?","M","M","R","E","R","T","M","M","?","?","E","R","BOSS"],"items_purchased_type":["Relic","Relic"],"build_version":"2020-12-22","purchased_purges":6,"victory":true,"max_hp_per_floor":[88,88,88,88,88,88,88,88,88,88,88,88,88,88,88,88,88,88,88,88,88,88,88,88,88,88,88,88,88,88,88,88,88,88,88,88,88,88,88,88,88,88,88,88,88,88,88,88,88,88],"card_choices":[{"not_picked":["Flex","Clothesline"],"picked":"True Grit","floor":1},{"not_picked":["Anger","Clothesline"],"picked":"Combust","floor":5},{"not_picked":["Demon Form","True Grit"],"picked":"Intimidate","floor":7},{"not_picked":["Twin Strike+1","Shrug It Off"],"picked":"Iron Wave+1","floor":11},{"not_picked":["Replay:Undeath\u0027s Touch+1","Twin Strike+1","Warcry"],"picked":"SKIP","floor":12},{"not_picked":["Armaments","Abandon","hubris:CleavingFinish+1"],"picked":"SKIP","floor":14},{"not_picked":["Second Wind"],"picked":"SKIP","floor":18},{"not_picked":[],"picked":"Shrug It Off","floor":19},{"not_picked":["Eclipse"],"picked":"SKIP","floor":23},{"not_picked":["Havoc"],"picked":"SKIP","floor":25},{"not_picked":["Fire Breathing"],"picked":"SKIP","floor":29},{"not_picked":[],"picked":"Searing Blow+1","floor":30},{"not_picked":[],"picked":"Replay:Many Hands","floor":33},{"not_picked":["True Grit"],"picked":"SKIP","floor":35},{"not_picked":[],"picked":"Shrug It Off","floor":38},{"not_picked":["Disarm"],"picked":"SKIP","floor":39},{"not_picked":["Seeing Red"],"picked":"SKIP","floor":41},{"not_picked":["ReplayTheSpireMod:Strike From Hell+1"],"picked":"SKIP","floor":44},{"not_picked":["Sever Soul+1"],"picked":"SKIP","floor":45},{"not_picked":[],"picked":"Rampage+1","floor":46},{"not_picked":["ReplayTheSpireMod:Strike From Hell+1"],"picked":"SKIP","floor":48}],"player_experience":102710,"relics_obtained":[{"floor":7,"key":"Another Sword"},{"floor":9,"key":"aspiration:SeaSaltIceCream"},{"floor":23,"key":"Sundial"},{"floor":26,"key":"Pen Nib"},{"floor":27,"key":"Red Mask"},{"floor":37,"key":"Self Forming Clay"},{"floor":41,"key":"Bronze Scales"},{"floor":43,"key":"Bag of Marbles"},{"floor":48,"key":"infinitespire:PuzzleCube"}],"event_choices":[{"damage_healed":0,"gold_gain":0,"player_choice":"Ignored","damage_taken":0,"max_hp_gain":0,"max_hp_loss":0,"event_name":"The Mausoleum","floor":21,"gold_loss":0},{"damage_healed":0,"gold_gain":0,"player_choice":"Forge","damage_taken":0,"max_hp_gain":0,"max_hp_loss":0,"event_name":"Accursed Blacksmith","floor":22,"gold_loss":0,"cards_upgraded":["Shrug It Off"]},{"damage_healed":0,"gold_gain":0,"player_choice":"Fought Bandits","damage_taken":0,"max_hp_gain":0,"max_hp_loss":0,"event_name":"Masked Bandits","floor":27,"gold_loss":0},{"cards_removed":["Strike_R"],"damage_healed":0,"gold_gain":0,"player_choice":"Gave Gold","damage_taken":0,"max_hp_gain":0,"max_hp_loss":0,"event_name":"Beggar","floor":31,"gold_loss":75}],"is_beta":false,"boss_relics":[{"not_picked":["Astrolabe","aspiration:MobileForge"],"picked":"Busted Crown"},{"not_picked":["Honey Jar","hubris:Backtick"],"picked":"Empty Cage"}],"items_purged_floors":[2,4,4,4,13,20],"is_endless":false,"potions_floor_spawned":[1,11,23,25,30,33,38,39,45],"ascension_level":3}}