{"host":"1zfbckszmdcrhnfi","time":1609518645,"event":{"mods":["AchievementEnabler","BaseMod","Colored Map","Downfall","Minty Spire (QoL Compilation)","Quick Restart","Shop Mod","StSLib","The Cursed"],"gold_per_floor":[111,111,111,128,128,128,156,216,216,242,255,286,303,328,328,328,328],"floor_reached":16,"playtime":595,"items_purged":[],"score":157,"play_id":"6ae89d24-c57c-453c-82af-ec66d55e3a04","local_time":"20210102003045","is_ascension_mode":true,"campfire_choices":[{"floor":6.0,"key":"RECALL"},{"floor":15,"key":"REST"}],"circlet_count":0,"master_deck":["Strike_G","Strike_G","Strike_G","Strike_G","Strike_G","Defend_G","Defend_G","Defend_G","Defend_G","Defend_G","Survivor+1","Neutralize+1","Endless Agony","Poisoned Stab","Deadly Poison","Cloak And Dagger"],"relics":["Ring of the Snake","NeowsBlessing","Turnip","Lizard Tail","Calipers","Tingsha","Bag of Marbles"],"acts_visited":["Exordium"],"potions_floor_usage":[16,16],"damage_taken":[{"damage":0.0,"enemies":"Small Slimes","floor":1.0,"turns":1.0},{"damage":0.0,"enemies":"Jaw Worm","floor":4.0,"turns":1.0},{"damage":0.0,"enemies":"Gremlin Nob","floor":7.0,"turns":1.0},{"damage":17.0,"enemies":"Gremlin Nob","floor":8.0,"turns":5.0},{"damage":27.0,"enemies":"Lagavulin","floor":10.0,"turns":7.0},{"damage":0.0,"enemies":"Cultist","floor":11.0,"turns":3.0},{"damage":12.0,"enemies":"3 Sentries","floor":12.0,"turns":8.0},{"damage":5,"enemies":"Large Slime","floor":13,"turns":7},{"damage":27,"enemies":"Slime Boss","floor":16,"turns":8}],"seed_played":"-1491942975947278284","potions_obtained":[{"floor":4.0,"key":"Explosive Potion"},{"floor":13,"key":"FearPotion"}],"is_trial":false,"path_per_floor":["M","?","?","M","?","R","E","?","T","E","M","E","M","T","R","B"],"character_chosen":"THE_SILENT","items_purchased":[],"campfire_rested":1,"item_purchase_floors":[],"current_hp_per_floor":[70,70,70,70,75,75,75,58,58,31,31,19,14,14,36,9,9],"gold":328,"neow_bonus":"THREE_ENEMY_KILL","is_daily":false,"chose_seed":false,"campfire_upgraded":0,"win_rate":0.0,"timestamp":1609518645,"path_taken":["M","?","?","?","?","R","E","?","T","E","M","E","M","?","R","BOSS"],"items_purchased_type":[],"build_version":"2020-12-22","purchased_purges":0,"victory":false,"max_hp_per_floor":[70,70,70,70,75,75,75,75,75,75,75,75,75,75,75,75,75],"card_choices":[{"not_picked":["PiercingWail","Acrobatics","Dagger Throw"],"picked":"SKIP","floor":1.0},{"not_picked":["PiercingWail","Riddle With Holes"],"picked":"Endless Agony","floor":4.0},{"not_picked":["Masterful Stab","Doppelganger"],"picked":"Poisoned Stab","floor":7.0},{"not_picked":["Bane","All Out Attack"],"picked":"Deadly Poison","floor":8.0},{"not_picked":["Terror","Deflect"],"picked":"Cloak And Dagger","floor":10.0},{"not_picked":["Choke","Cloak And Dagger","Reflex"],"picked":"SKIP","floor":11.0},{"not_picked":["Leg Sweep","Acrobatics","Setup"],"picked":"SKIP","floor":12},{"not_picked":["Slice","Bane","Deadly Poison"],"picked":"SKIP","floor":13}],"player_experience":196196,"relics_obtained":[{"floor":7.0,"key":"Turnip"},{"floor":8.0,"key":"Lizard Tail"},{"floor":10.0,"key":"Calipers"},{"floor":12,"key":"Tingsha"},{"floor":14,"key":"Bag of Marbles"}],"event_choices":[{"damage_healed":0.0,"max_hp_gain":0.0,"max_hp_loss":0.0,"gold_gain":0.0,"event_name":"Living Wall","player_choice":"Grow","floor":2.0,"gold_loss":0.0,"damage_taken":0.0,"cards_upgraded":["Neutralize"]},{"damage_healed":0.0,"max_hp_gain":0.0,"max_hp_loss":0.0,"gold_gain":0.0,"event_name":"Upgrade Shrine","player_choice":"Upgraded","floor":3.0,"gold_loss":0.0,"damage_taken":0.0,"cards_upgraded":["Survivor"]},{"damage_healed":0.0,"max_hp_gain":5.0,"max_hp_loss":0.0,"gold_gain":0.0,"event_name":"Big Fish","player_choice":"Donut","floor":5.0,"gold_loss":0.0,"damage_taken":0.0},{"damage_healed":0.0,"max_hp_gain":0.0,"max_hp_loss":0.0,"gold_gain":0.0,"event_name":"Dead Adventurer","player_choice":"Searched \u00271\u0027 times","floor":8.0,"gold_loss":0.0,"damage_taken":0.0}],"is_beta":false,"boss_relics":[],"items_purged_floors":[],"is_endless":false,"potions_floor_spawned":[4,13],"killed_by":"Slime Boss","ascension_level":2}}