{"host":"y2d5jdk6et74e3ks","time":1609467777,"event":{"mods":["BaseMod","Colored Map","Downfall","Hubris","Minty Spire (QoL Compilation)","Replay The Spire","StSLib"],"gold_per_floor":[117,130,146,182,32,32,60,140,189,200,211,211,211,211],"floor_reached":13,"playtime":388,"items_purged":["Strike_R"],"score":89,"play_id":"6652e624-7080-49f0-9d30-016707fbff67","local_time":"20201231212257","is_ascension_mode":true,"campfire_choices":[{"floor":6,"key":"RECALL"},{"data":"Heavy Blade","floor":12,"key":"SMITH"}],"circlet_count":0,"master_deck":["Strike_R","Strike_R","Strike_R","Strike_R","Defend_R","Defend_R","Defend_R","Defend_R","Bash","Iron Wave","Spot Weakness","Shrug It Off","Heavy Blade+1","Flex","hubris:ReadiedAction","Entrench","Flex"],"relics":["Burning Blood","NeowsBlessing","hubris:GlazedTorus","Smiling Mask"],"acts_visited":["Exordium"],"potions_floor_usage":[7,13],"damage_taken":[{"damage":0,"enemies":"2 Louse","floor":1,"turns":1},{"damage":0,"enemies":"Small Slimes","floor":2,"turns":1},{"damage":0,"enemies":"Jaw Worm","floor":3,"turns":1},{"damage":21,"enemies":"Lagavulin","floor":7,"turns":5},{"damage":12,"enemies":"2 Fungi Beasts","floor":10,"turns":3},{"damage":3,"enemies":"Red Slaver","floor":11,"turns":5},{"damage":61,"enemies":"Gremlin Nob","floor":13,"turns":5}],"seed_played":"9151849421569029307","potions_obtained":[{"floor":1,"key":"Toxic Potion"},{"floor":7,"key":"sneckomod:MuddlingPotion"},{"floor":10,"key":"Fire Potion"}],"is_trial":false,"path_per_floor":["M","M","M","?","$","R","E","?","T","M","M","R","E"],"character_chosen":"IRONCLAD","items_purchased":["Flex","hubris:ReadiedAction"],"campfire_rested":0,"item_purchase_floors":[5,5],"current_hp_per_floor":[80,80,80,48,48,48,33,33,33,27,30,30,0,0],"gold":211,"neow_bonus":"THREE_ENEMY_KILL","is_daily":false,"chose_seed":false,"campfire_upgraded":1,"win_rate":0.0,"timestamp":1609467777,"path_taken":["M","M","M","?","$","R","E","?","T","M","M","R","E"],"items_purchased_type":["Card","Card"],"build_version":"2020-12-22","purchased_purges":1,"victory":false,"max_hp_per_floor":[80,80,80,80,80,80,80,80,80,80,80,80,80,80],"card_choices":[{"not_picked":["Dual Wield","Carnage"],"picked":"Iron Wave","floor":1},{"not_picked":["Second Wind","Cleave"],"picked":"Spot Weakness","floor":2},{"not_picked":["Clothesline","Intimidate"],"picked":"Shrug It Off","floor":3},{"not_picked":["Entrench","Hemokinesis"],"picked":"Heavy Blade","floor":4},{"not_picked":["Intimidate","Disarm","True Grit"],"picked":"SKIP","floor":7},{"not_picked":["Bloodletting","Clash"],"picked":"Entrench","floor":10},{"not_picked":["Wild Strike","Armaments"],"picked":"Flex","floor":11}],"player_experience":112607,"relics_obtained":[{"floor":4,"key":"hubris:GlazedTorus"},{"floor":7,"key":"Smiling Mask"}],"event_choices":[{"damage_healed":0,"gold_gain":80,"player_choice":"Gained Gold","damage_taken":0,"max_hp_gain":0,"max_hp_loss":0,"event_name":"Golden Wing","floor":8,"gold_loss":0}],"is_beta":false,"boss_relics":[],"items_purged_floors":[5],"is_endless":false,"potions_floor_spawned":[1,7,10],"killed_by":"Gremlin Nob","ascension_level":1}}