{"host":"h4lp0eeso8a0ssq0","time":1609464396,"event":{"mods":["2.2 Compatiblity","BaseMod","CapriCore","Colored Map","Hermit","Lobotomy","Marisa£¨Ùöéë¡¡Øª×âÞÞ£©","Minty Spire (QoL Compilation)","StSLib","SuperFastMode","The Cursed","The Hierophant","The Immortal"],"gold_per_floor":[118,134,209,219,237,250,284,299,371,390,390,390],"floor_reached":11,"playtime":539,"items_purged":[],"score":104,"play_id":"77eca18f-4890-4def-b967-ef41c8ca2827","local_time":"20210101102636","is_ascension_mode":false,"campfire_choices":[],"circlet_count":0,"master_deck":["Strike_P","Strike_P","Strike_P","Strike_P","Defend_P","Defend_P","Defend_P","Defend_P","Eruption+1","Vigilance","CarveReality","CarveReality","Study","TalkToTheHand","WindmillStrike","DevaForm","Consecrate","Evaluate"],"relics":["PureWater","Boot","Pear"],"acts_visited":["Exordium"],"potions_floor_usage":[6,11,11],"damage_taken":[{"damage":3,"enemies":"Jaw Worm","floor":1,"turns":4},{"damage":0,"enemies":"Small Slimes","floor":2,"turns":2},{"damage":6,"enemies":"2 Louse","floor":4,"turns":2},{"damage":16,"enemies":"Large Slime","floor":5,"turns":2},{"damage":4,"enemies":"Exordium Thugs","floor":6,"turns":3},{"damage":17,"enemies":"Lagavulin","floor":7,"turns":6},{"damage":0,"enemies":"Exordium Wildlife","floor":8,"turns":2},{"damage":11,"enemies":"3 Louse","floor":10,"turns":4},{"damage":32,"enemies":"Gremlin Nob","floor":11,"turns":2}],"seed_played":"5197826804634620178","potions_obtained":[{"floor":1,"key":"PowerPotion"},{"floor":4,"key":"Fruit Juice"},{"floor":6,"key":"Block Potion"},{"floor":10,"key":"Regen Potion"}],"is_trial":false,"path_per_floor":["M","M","?","M","M","M","E","M","T","M","E"],"character_chosen":"WATCHER","items_purchased":[],"campfire_rested":0,"item_purchase_floors":[],"current_hp_per_floor":[69,69,58,52,36,37,20,20,30,19,0,0],"gold":390,"neow_bonus":"UPGRADE_CARD","is_daily":false,"chose_seed":false,"campfire_upgraded":0,"win_rate":0.0,"timestamp":1609464396,"path_taken":["M","M","?","M","M","M","E","M","T","M","E"],"items_purchased_type":[],"build_version":"2020-12-22","purchased_purges":0,"victory":false,"max_hp_per_floor":[72,72,72,72,72,77,77,77,87,87,87,87],"card_choices":[{"not_picked":["Fasting2","CrushJoints"],"picked":"CarveReality","floor":1},{"not_picked":["EmptyFist","CutThroughFate"],"picked":"CarveReality","floor":2},{"not_picked":["Weave","FlyingSleeves"],"picked":"Study","floor":4},{"not_picked":["ClearTheMind","ThirdEye"],"picked":"TalkToTheHand","floor":5},{"not_picked":["BowlingBash","FollowUp"],"picked":"WindmillStrike","floor":6},{"not_picked":["JustLucky","Tantrum"],"picked":"DevaForm","floor":7},{"not_picked":["FearNoEvil","SashWhip"],"picked":"Consecrate","floor":8},{"not_picked":["JustLucky","WaveOfTheHand"],"picked":"Evaluate","floor":10}],"player_experience":48264,"relics_obtained":[{"floor":7,"key":"Boot"},{"floor":9,"key":"Pear"}],"event_choices":[{"damage_healed":0,"gold_gain":75,"player_choice":"Gather Gold","damage_taken":11,"max_hp_gain":0,"max_hp_loss":0,"event_name":"World of Goop","floor":3,"gold_loss":0}],"is_beta":false,"boss_relics":[],"items_purged_floors":[],"is_endless":false,"potions_floor_spawned":[1,4,6,10],"killed_by":"Gremlin Nob","ascension_level":0}}