{"host":"jm9833yuloeli2yd","time":1609471573,"event":{"mods":["AchievementEnabler","BaseMod","Better Altar","Better Match","Better Note","Better Sensory Stone","Better Skull","Better Third Choice","Better Vampires","BetterRewards","Colored Map","Colored Powertips","DeckTracker","Marked Mod","Minty Spire (QoL Compilation)","Permanent Neow","Quick Restart","StSLib","SuperFastMode"],"gold_per_floor":[118,118,134,149,93,122,122,136,182,212,223,249,261,281,281,358,358,375,44,55,72,86,86,114,14,38,68,84,84,135,161,161,232,232,246,246,264,283,300,334,19,30,30,45,75,75,102,115,115,115,115,115,37,64,64,64],"floor_reached":55,"playtime":3873,"items_purged":["Strike_R","Strike_R"],"score":1730,"play_id":"67210d1f-4916-4c74-826e-7992b8faeb0d","local_time":"20201231222613","is_ascension_mode":true,"campfire_choices":[{"data":"Apotheosis","floor":7.0,"key":"SMITH"},{"data":"Metallicize","floor":15.0,"key":"SMITH"},{"data":"Battle Trance","floor":23.0,"key":"SMITH"},{"data":"1","floor":32,"key":"LIFT"},{"data":"2","floor":46,"key":"LIFT"},{"floor":49,"key":"RECALL"},{"data":"3","floor":52,"key":"LIFT"}],"circlet_count":0,"master_deck":["AscendersBane","Strike_R","Defend_R","Defend_R+1","Defend_R","Defend_R","Bash","Apotheosis+1","Metallicize+1","Deep Breath","Twin Strike","Battle Trance+1","Shockwave+1","Seeing Red","Body Slam","Immolate","Power Through","Dual Wield","Disarm","Body Slam","Demon Form","Evolve","Fire Breathing","Entrench","Shrug It Off","Rampage","Entrench","Entrench","Exhume","Flame Barrier","Disarm","Wild Strike+1","Exhume","Disarm","Intimidate","Heavy Blade","Second Wind","Finesse","Body Slam","Shrug It Off","Havoc+1"],"relics":["Burning Blood","Nunchaku","White Beast Statue","Bag of Preparation","Strawberry","Art of War","Toy Ornithopter","SacredBark","Centennial Puzzle","Girya","Red Skull","War Paint","Omamori","Self Forming Clay","Coffee Dripper","Ginger","OrangePellets","Orichalcum","Thread and Needle","Sundial"],"acts_visited":["Exordium","TheCity","TheBeyond","TheEnding"],"potions_floor_usage":[24,27,31,31,35,35,38,41,42,45,45,47,54,55,55],"damage_taken":[{"damage":4.0,"enemies":"Small Slimes","floor":1.0,"turns":5.0},{"damage":1.0,"enemies":"2 Louse","floor":3.0,"turns":4.0},{"damage":0.0,"enemies":"Cultist","floor":4.0,"turns":3.0},{"damage":24.0,"enemies":"Gremlin Nob","floor":6.0,"turns":5.0},{"damage":2.0,"enemies":"Gremlin Gang","floor":8.0,"turns":6.0},{"damage":2.0,"enemies":"3 Sentries","floor":10.0,"turns":7.0},{"damage":9.0,"enemies":"Large Slime","floor":11.0,"turns":5.0},{"damage":17.0,"enemies":"Gremlin Nob","floor":12.0,"turns":4.0},{"damage":0.0,"enemies":"Exordium Wildlife","floor":13.0,"turns":1.0},{"damage":0.0,"enemies":"Gremlin Gang","floor":14.0,"turns":1.0},{"damage":15.0,"enemies":"Hexaghost","floor":16.0,"turns":8.0},{"damage":9.0,"enemies":"Chosen","floor":18.0,"turns":6.0},{"damage":0.0,"enemies":"3 Byrds","floor":20.0,"turns":5.0},{"damage":21.0,"enemies":"Snake Plant","floor":21.0,"turns":7.0},{"damage":0.0,"enemies":"Centurion and Healer","floor":22.0,"turns":8.0},{"damage":11,"enemies":"Slavers","floor":24,"turns":5},{"damage":29,"enemies":"Book of Stabbing","floor":27,"turns":7},{"damage":11,"enemies":"Sentry and Sphere","floor":28,"turns":4},{"damage":7,"enemies":"Gremlin Leader","floor":31,"turns":8},{"damage":22,"enemies":"Champ","floor":33,"turns":12},{"damage":13,"enemies":"3 Darklings","floor":35,"turns":6},{"damage":18,"enemies":"3 Shapes","floor":37,"turns":6},{"damage":30,"enemies":"Sphere and 2 Shapes","floor":38,"turns":8},{"damage":14,"enemies":"4 Shapes","floor":39,"turns":7},{"damage":38,"enemies":"Reptomancer","floor":40,"turns":8},{"damage":18,"enemies":"3 Darklings","floor":42,"turns":5},{"damage":21,"enemies":"Spire Growth","floor":44,"turns":7},{"damage":1,"enemies":"Giant Head","floor":45,"turns":6},{"damage":7,"enemies":"Nemesis","floor":47,"turns":7},{"damage":0,"enemies":"Sphere and 2 Shapes","floor":48,"turns":7},{"damage":29,"enemies":"Time Eater","floor":50,"turns":16},{"damage":31,"enemies":"Shield and Spear","floor":54,"turns":7},{"damage":71,"enemies":"The Heart","floor":55,"turns":5}],"seed_played":"-7045984321306709447","potions_obtained":[{"floor":4.0,"key":"Fruit Juice"},{"floor":6.0,"key":"PowerPotion"},{"floor":10.0,"key":"SkillPotion"},{"floor":12.0,"key":"BlessingOfTheForge"},{"floor":13.0,"key":"Strength Potion"},{"floor":14.0,"key":"Dexterity Potion"},{"floor":16.0,"key":"FearPotion"},{"floor":18.0,"key":"AttackPotion"},{"floor":20.0,"key":"Block Potion"},{"floor":21.0,"key":"SkillPotion"},{"floor":24,"key":"Fire Potion"},{"floor":27,"key":"Ancient Potion"},{"floor":31,"key":"GamblersBrew"},{"floor":33,"key":"Block Potion"},{"floor":35,"key":"EssenceOfSteel"},{"floor":37,"key":"Strength Potion"},{"floor":38,"key":"Weak Potion"},{"floor":39,"key":"Strength Potion"},{"floor":40,"key":"Fruit Juice"},{"floor":42,"key":"Block Potion"},{"floor":45,"key":"LiquidBronze"},{"floor":47,"key":"Strength Potion"},{"floor":48,"key":"Energy Potion"},{"floor":54,"key":"Dexterity Potion"}],"is_trial":false,"path_per_floor":["M","?","M","M","?","E","R","M","T","E","M","E","M","M","R","B",null,"M","$","M","M","M","R","E","$","T","E","M","?","T","E","R","B",null,"M","?","M","M","M","E","$","M","T","M","E","R","E","M","R","B",null,"R","$","E","B"],"character_chosen":"IRONCLAD","items_purchased":["Apotheosis","Metallicize","Nunchaku","Fire Breathing","Centennial Puzzle","Entrench","OrangePellets","Finesse","LiquidBronze","GamblersBrew"],"campfire_rested":0,"item_purchase_floors":[0,0,0,19,19,19,41,41,41,53],"current_hp_per_floor":[66,59,64,70,70,52,52,56,63,72,69,58,64,70,70,66,86,83,83,89,77,83,83,83,83,83,65,60,60,60,69,69,53,82,85,85,73,54,46,14,29,22,22,7,22,22,26,32,32,9,79,79,79,59,0,0],"gold":64,"neow_bonus":"","is_daily":false,"chose_seed":false,"campfire_upgraded":3,"win_rate":0.0,"timestamp":1609471573,"path_taken":["M","?","M","M","?","E","R","M","T","E","M","E","?","M","R","BOSS","M","$","M","?","M","R","E","$","T","E","M","?","?","E","R","BOSS","M","?","M","M","M","E","$","M","T","M","E","R","E","M","R","BOSS","R","$","E","BOSS"],"items_purchased_type":["Card","Card","Relic","Card","Relic","Card","Relic","Card","Potion","Potion"],"build_version":"2020-12-22","purchased_purges":2,"victory":false,"max_hp_per_floor":[80,80,80,80,80,80,80,80,87,92,92,92,92,92,92,92,92,92,92,92,92,92,92,92,92,92,92,92,92,92,92,92,92,92,92,92,92,92,92,92,102,102,102,102,102,102,102,102,102,102,102,102,102,102,102,102],"card_choices":[{"not_picked":["Iron Wave","Shrug It Off"],"picked":"Twin Strike","floor":1.0},{"not_picked":["Thunderclap","Perfected Strike"],"picked":"Battle Trance","floor":3.0},{"not_picked":["Thunderclap","Wild Strike"],"picked":"Shockwave","floor":4.0},{"not_picked":["Shockwave","Cleave"],"picked":"Seeing Red","floor":6.0},{"not_picked":["Headbutt","Second Wind"],"picked":"Body Slam","floor":8.0},{"not_picked":["Sever Soul","Dropkick"],"picked":"Immolate","floor":10.0},{"not_picked":["Clothesline","Cleave"],"picked":"Power Through","floor":11.0},{"not_picked":["Anger","Heavy Blade"],"picked":"Dual Wield","floor":12.0},{"not_picked":["Dropkick","Havoc"],"picked":"Disarm","floor":13.0},{"not_picked":["Pommel Strike","Cleave"],"picked":"Body Slam","floor":14.0},{"not_picked":["Juggernaut","Fiend Fire"],"picked":"Demon Form","floor":16.0},{"not_picked":["Hemokinesis","Sever Soul"],"picked":"Evolve","floor":18.0},{"not_picked":["Cleave","Searing Blow"],"picked":"Shrug It Off","floor":20.0},{"not_picked":["Rampage","Thunderclap","Flex"],"picked":"SKIP","floor":21.0},{"not_picked":["Thunderclap","Flex"],"picked":"Rampage","floor":21.0},{"not_picked":["Warcry","Sever Soul"],"picked":"Entrench","floor":22.0},{"not_picked":["Iron Wave","Combust"],"picked":"Entrench","floor":24},{"not_picked":["Anger","Second Wind"],"picked":"Exhume","floor":27},{"not_picked":["Shrug It Off","Perfected Strike"],"picked":"Flame Barrier","floor":28},{"not_picked":["Clash","Bloodletting"],"picked":"Wild Strike+1","floor":31},{"not_picked":["Barricade","Double Tap"],"picked":"Exhume","floor":33},{"not_picked":["Infernal Blade","Rampage+1"],"picked":"Disarm","floor":35},{"not_picked":["Evolve","Uppercut","Blood for Blood"],"picked":"SKIP","floor":37},{"not_picked":["Perfected Strike+1","Blood for Blood","Twin Strike"],"picked":"SKIP","floor":38},{"not_picked":["Flex","Warcry+1"],"picked":"Heavy Blade","floor":39},{"not_picked":["Twin Strike+1","Second Wind","Cleave"],"picked":"SKIP","floor":40},{"not_picked":["Twin Strike+1","Cleave"],"picked":"Second Wind","floor":40},{"not_picked":["Pommel Strike","Bloodletting","Clothesline"],"picked":"SKIP","floor":42},{"not_picked":["Havoc","Sentinel","Twin Strike"],"picked":"SKIP","floor":44},{"not_picked":["Wild Strike+1","Brutality"],"picked":"Body Slam","floor":45},{"not_picked":["Sword Boomerang","Sever Soul","Infernal Blade"],"picked":"SKIP","floor":47},{"not_picked":["Rupture","Heavy Blade+1"],"picked":"Shrug It Off","floor":48},{"not_picked":["Wild Strike+1","Feed"],"picked":"Havoc+1","floor":54}],"player_experience":1223986,"relics_obtained":[{"floor":6.0,"key":"Bag of Preparation"},{"floor":9.0,"key":"Strawberry"},{"floor":10.0,"key":"Art of War"},{"floor":12.0,"key":"Toy Ornithopter"},{"floor":24,"key":"Girya"},{"floor":26,"key":"Red Skull"},{"floor":27,"key":"War Paint"},{"floor":30,"key":"Omamori"},{"floor":31,"key":"Self Forming Clay"},{"floor":40,"key":"Ginger"},{"floor":45,"key":"Orichalcum"},{"floor":47,"key":"Thread and Needle"},{"floor":54,"key":"Sundial"}],"event_choices":[{"cards_removed":["Strike_R"],"damage_healed":0.0,"max_hp_gain":0.0,"max_hp_loss":0.0,"gold_gain":0.0,"event_name":"Golden Wing","player_choice":"Card Removal","floor":2.0,"gold_loss":0.0,"damage_taken":7.0},{"damage_healed":0.0,"max_hp_gain":0.0,"max_hp_loss":0.0,"gold_gain":0.0,"event_name":"WeMeetAgain","player_choice":"Paid Gold","floor":5.0,"gold_loss":56.0,"damage_taken":0.0,"relics_obtained":["White Beast Statue"]},{"damage_healed":0,"gold_gain":0,"player_choice":"Read","damage_taken":0,"max_hp_gain":0,"max_hp_loss":0,"event_name":"The Library","floor":29,"gold_loss":0,"cards_obtained":["Disarm"]},{"damage_healed":0,"gold_gain":0,"cards_transformed":["Strike_R"],"player_choice":"Transformed","damage_taken":0,"max_hp_gain":0,"max_hp_loss":0,"event_name":"Transmorgrifier","floor":36,"gold_loss":0,"cards_obtained":["Intimidate"]}],"is_beta":false,"boss_relics":[{"not_picked":["Fusion Hammer","Philosopher\u0027s Stone"],"picked":"SacredBark"},{"not_picked":["Black Blood","Runic Dome"],"picked":"Coffee Dripper"}],"items_purged_floors":[19,25],"is_endless":false,"potions_floor_spawned":[4,6,8,10,11,12,13,14,16,18,20,21,22,24,27,28,31,33,35,37,38,39,40,42,44,45,47,48,54],"killed_by":"The Heart","ascension_level":13}}