{"host":"a99cgagtsic7fuyb","time":1609485667,"event":{"mods":["BaseMod","Downfall","Hermit","Lobotomy","Minty Spire (QoL Compilation)","Replay The Spire","StSLib","The Cursed"],"gold_per_floor":[114,129,144,144,202,232,232,247,247,15,30,30,45,60,60,160,160,175,190,190,205,205,205,27,27,27,27,27,57,57,57],"floor_reached":30,"playtime":2706,"items_purged":[],"score":250,"play_id":"bfec762e-7dac-4384-9d3a-cd26f82627cb","local_time":"20210101152107","daily_mods":["Allstar","ControlledChaos","Terminal"],"is_ascension_mode":false,"campfire_choices":[{"floor":7,"key":"REST"},{"data":"Secret Weapon","floor":12,"key":"SMITH"},{"data":"Enlightenment","floor":15,"key":"SMITH"},{"floor":23,"key":"REST"},{"data":"Secret Technique","floor":25,"key":"SMITH"}],"circlet_count":0,"master_deck":["hermit:Strike_Hermit","hermit:Strike_Hermit","hermit:Strike_Hermit","hermit:Strike_Hermit+1","hermit:Defend_Hermit","hermit:Defend_Hermit","hermit:Defend_Hermit","hermit:Defend_Hermit","hermit:Snapshot","hermit:Covet","Enlightenment+1","Sadistic Nature","Secret Weapon+1","expansioncontent:TimeRipple+1","Secret Technique+1","hermit:BigShot","hermit:EyeOfTheStorm+1","hermit:Feint+1","hermit:CursedWeapon","hermit:TakeAim","hermit:Brawl","hermit:FinalCanter","Slimebound:CheckThePlaybook","ReplayTheSpireMod:Faulty Equipment","hermit:ItchyTrigger","hermit:ItchyTrigger","hermit:EyeOfTheStorm","hermit:CursedWeapon"],"relics":["hermit:Momento","Frozen Eye","Unceasing Top","Art of War","War Paint","Busted Crown","ReplayTheSpireMod:CursedCoin","Gremlin Food","Meat on the Bone","Replay:Baseball"],"acts_visited":["Exordium","TheCity"],"potions_floor_usage":[6,16,16,21,29,30],"damage_taken":[{"damage":0,"enemies":"Cultist","floor":1,"turns":2},{"damage":0,"enemies":"Small Slimes","floor":2,"turns":2},{"damage":0,"enemies":"2 Louse","floor":3,"turns":1},{"damage":15,"enemies":"Lagavulin","floor":6,"turns":5},{"damage":2,"enemies":"Blue Slaver","floor":8,"turns":2},{"damage":2,"enemies":"Exordium Wildlife","floor":11,"turns":2},{"damage":0,"enemies":"3 Louse","floor":13,"turns":1},{"damage":6,"enemies":"Exordium Thugs","floor":14,"turns":4},{"damage":13,"enemies":"Fading Forest","floor":16,"turns":11},{"damage":2,"enemies":"Chosen","floor":18,"turns":3},{"damage":7,"enemies":"3 Byrds","floor":19,"turns":5},{"damage":7,"enemies":"Centurion and Healer","floor":21,"turns":5},{"damage":10,"enemies":"Gremlin Leader","floor":29,"turns":3},{"damage":34,"enemies":"3 Cultists","floor":30,"turns":3}],"seed_played":"-2495295926900846280","potions_obtained":[{"floor":1,"key":"LiquidBronze"},{"floor":8,"key":"SpeedPotion"},{"floor":11,"key":"Dexterity Potion"},{"floor":14,"key":"Block Potion"},{"floor":19,"key":"SneckoOil"},{"floor":21,"key":"ColorlessPotion"}],"is_trial":false,"path_per_floor":["M","M","M","?","?","E","R","M","T","$","M","R","M","M","R","B",null,"M","M","?","M","?","R","$","R","T","PTL","PTL","E","M"],"character_chosen":"HERMIT","items_purchased":["War Paint","hermit:CursedWeapon","ReplayTheSpireMod:CursedCoin","Gremlin Food","hermit:ItchyTrigger","hermit:EyeOfTheStorm","hermit:CursedWeapon"],"campfire_rested":2,"item_purchase_floors":[10,10,24,24,24,24,24],"current_hp_per_floor":[73,72,71,57,57,42,62,60,60,60,58,58,58,52,52,39,57,55,48,48,41,23,38,38,38,38,38,38,28,0,0],"gold":57,"neow_bonus":"","is_daily":true,"chose_seed":false,"campfire_upgraded":3,"win_rate":0.0,"timestamp":1609485667,"path_taken":["M","?","M","?","?","E","R","M","T","?","?","R","M","M","R","BOSS","M","M","?","?","?","R","$","R","T","PTL","PTL","E","M"],"items_purchased_type":["Relic","Card","Relic","Relic","Card","Card","Card"],"build_version":"2020-12-22","purchased_purges":0,"victory":false,"max_hp_per_floor":[73,72,71,70,69,68,67,66,65,64,63,62,61,60,59,58,57,56,55,54,53,52,51,50,49,48,47,46,45,45,45],"card_choices":[{"not_picked":["hermit:Desperado","hermit:HighCaliber","hermit:Malice"],"picked":"SKIP","floor":1},{"not_picked":["hermit:LowProfile","hermit:Snipe","hermit:Horror"],"picked":"SKIP","floor":2},{"not_picked":["hermit:Dive","hermit:Ricochet"],"picked":"hermit:BigShot","floor":3},{"not_picked":["hermit:Coalescence","hermit:Cheat"],"picked":"hermit:EyeOfTheStorm","floor":6},{"not_picked":["hermit:BigShot","hermit:Glare"],"picked":"hermit:Feint","floor":8},{"not_picked":["hermit:TakeCover","hermit:HighCaliber"],"picked":"hermit:TakeAim","floor":11},{"not_picked":["hermit:NoHoldsBarred","hermit:BodyArmor"],"picked":"hermit:Brawl","floor":13},{"not_picked":["hermit:OverwhelmingPower","hermit:LoneWolf","hermit:Misfire"],"picked":"SKIP","floor":14},{"not_picked":["hermit:Purgatory","hermit:EternalForm"],"picked":"hermit:FinalCanter","floor":16},{"not_picked":["hermit:CalledShot"],"picked":"SKIP","floor":18},{"not_picked":["hermit:Misfire"],"picked":"SKIP","floor":19},{"not_picked":["hermit:BodyArmor"],"picked":"SKIP","floor":21},{"not_picked":["hermit:CalledShot"],"picked":"SKIP","floor":29}],"player_experience":112764,"relics_obtained":[{"floor":6,"key":"Unceasing Top"},{"floor":9,"key":"Art of War"},{"floor":26,"key":"Meat on the Bone"},{"floor":29,"key":"Replay:Baseball"}],"event_choices":[{"damage_healed":0,"gold_gain":0,"player_choice":"Entered Light","damage_taken":14,"max_hp_gain":0,"max_hp_loss":0,"event_name":"Shining Light","floor":4,"gold_loss":0,"cards_upgraded":["hermit:Strike_Hermit","expansioncontent:TimeRipple"]},{"damage_healed":0,"gold_gain":58,"player_choice":"Gained Gold","damage_taken":0,"max_hp_gain":0,"max_hp_loss":0,"event_name":"Golden Wing","floor":5,"gold_loss":0},{"damage_healed":0,"gold_gain":0,"player_choice":"Bought 0 Potions","damage_taken":0,"max_hp_gain":0,"max_hp_loss":0,"event_name":"The Woman in Blue","floor":20,"gold_loss":0}],"is_beta":false,"boss_relics":[{"not_picked":["expansioncontent:StudyCardRelic","Abe\u0027s Treasure"],"picked":"Busted Crown"}],"items_purged_floors":[],"is_endless":false,"potions_floor_spawned":[1,8,11,14,19,21],"killed_by":"3 Cultists","ascension_level":0}}