{"host":"ft2xazkv7v30fddt","time":1609494389,"event":{"mods":["AchievementEnabler","Act Like it!","Aspiration","Astrologer","Bard","BaseMod","Better Altar","Better Match","Better Note","Better Sensory Stone","Better Skull","CapriCore","Chen","Colored Powertips","Downfall","Elementarium","Energized Spire","Gensokyo","GifTheSpireLib","Gremlin Mod","Hallownest","Hermit","Hubris","Infinite Spire","KinomotoSakuraMod(????)","Koishi","Marisa????????","Minty Spire (QoL Compilation)","Pale of the Ancients","Permanent Neow","Potionbrewer","Prisma Mod","Replay The Spire","StSLib","Stuff the Spire","The Blackbeard","The Bladedancer","The Construct","The Cursed","The Forsaken","The Gatherer","The Hayseed","The Immortal","The Runesmith","The Servant 0.9.4","The Showman","The Vixen","TheArtist","TheSwordswoman","Wandering Minibosses","thorton","vexMod"],"gold_per_floor":[111,111,111,111,129,129,154,154,154,154,154,154,169,183,183,198,198,272,272,289,289,389,389,389,422,422,452,452,452,452,452],"floor_reached":30,"playtime":1195,"items_purged":["Chen:Strike"],"score":453,"play_id":"03c68ea8-747d-4168-91c5-bef2567d2004","local_time":"20210101174629","is_ascension_mode":true,"campfire_choices":[{"data":"Gensokyo:CrescentMoonSlash","floor":8,"key":"SMITH"},{"floor":10,"key":"REST"},{"data":"Chen:Catseye","floor":15,"key":"SMITH"},{"data":"Chen:Deceitful","floor":17,"key":"SMITH"}],"circlet_count":0,"master_deck":["AscendersBane","Chen:Strike","Chen:Strike","Chen:Strike","Chen:Strike","Chen:Defend","Chen:Defend+1","Chen:Defend+1","Chen:Defend","Chen:GlitterPoke+1","Chen:Assault+1","Chen:Shot","Chen:Rush+1","Gensokyo:CrescentMoonSlash+1","Chen:Catseye+1","Chen:Unpredictable+1","Chen:Deceitful+1","Chen:Nimbleness+1","Chen:Instinct+1","hubris:Fate+1","expansioncontent:Torchfire","Replay:Bootleg Shield Generator","Night Terror","Looming Evil"],"relics":["Chen:Catnip","Happy Flower","Gensokyo:Justice","StuffTheSpire:Mouthbags","Potion Belt","Philosopher\u0027s Stone","StuffTheSpire:GrapeVine","vexMod:ImprovementManual","Ice Cream","construct:RocketBooster","StuffTheSpire:SapphireSignet","Mirror","Oddly Smooth Stone","infinitespire:ShieldingShard","Ring of Hypnosis","ReplayTheSpireMod:Ring of Collecting"],"acts_visited":["Gensokyo:Gensokyo","Gensokyo:Gensokyoer"],"potions_floor_usage":[18,18,27,30],"damage_taken":[{"damage":6,"enemies":"Gensokyo:Gryphon","floor":1,"turns":4},{"damage":0,"enemies":"Gensokyo:2_Kodama","floor":5,"turns":2},{"damage":15,"enemies":"Gensokyo:Mamizou","floor":7,"turns":7},{"damage":0,"enemies":"Gensokyo:3_Fairies","floor":13,"turns":2},{"damage":0,"enemies":"Gensokyo:Gryphon_and_Rabbit","floor":14,"turns":2},{"damage":0,"enemies":"Gensokyo:Kitsune","floor":16,"turns":2},{"damage":23,"enemies":"Gensokyo:Kokoro","floor":18,"turns":7},{"damage":0,"enemies":"Gensokyo:2_Gloops","floor":20,"turns":3},{"damage":8,"enemies":"Gensokyo:2_Gloops","floor":22,"turns":4},{"damage":16,"enemies":"Gensokyo:Reisen","floor":25,"turns":4},{"damage":18,"enemies":"Gensokyo:Koishi","floor":27,"turns":4},{"damage":4,"enemies":"Gensokyo:AngelMirror","floor":30,"turns":1}],"seed_played":"4802109267466940081","potions_obtained":[{"floor":5,"key":"BlessingOfTheForge"},{"floor":13,"key":"champ:CounterPotion"},{"floor":18,"key":"hexamod:EctoCoolerPotion"},{"floor":22,"key":"potionbrewer:NoxiousPotion"},{"floor":27,"key":"ColorlessPotion"}],"is_trial":false,"path_per_floor":["M","?","?","?","M","?","E","R","T","R","PTL","PTL","M","M","R","M","R","B",null,"M","AVR","?","?","?","E","T","E","T","?","M"],"character_chosen":"CHEN","items_purchased":[],"campfire_rested":1,"item_purchase_floors":[],"current_hp_per_floor":[53,53,53,40,40,40,25,25,25,44,44,44,44,44,44,44,44,21,54,54,54,46,46,38,22,22,4,4,4,0,0],"gold":452,"neow_bonus":"UPGRADE_CARD","is_daily":false,"chose_seed":false,"campfire_upgraded":3,"win_rate":0.0,"timestamp":1609494389,"path_taken":["M","?","?","?","M","?","E","R","T","R","PTL","PTL","M","M","R","?","R","BOSS","M","AVR","?","?","?","E","?","E","T","?","M"],"items_purchased_type":[],"build_version":"2020-12-22","purchased_purges":1,"victory":false,"max_hp_per_floor":[65,65,65,65,65,65,65,65,65,65,65,65,65,65,65,65,65,65,65,65,65,65,65,65,65,65,65,65,65,65,65],"card_choices":[{"not_picked":["Chen:Spray","Chen:Scratch"],"picked":"Chen:Instinct","floor":1},{"not_picked":["Chen:RecklessLeap","Chen:Knockout"],"picked":"Chen:Shot","floor":5},{"not_picked":["Chen:Scratch","Chen:Lacerate"],"picked":"Chen:Rush","floor":7},{"not_picked":["Chen:RecklessLeap","Chen:Lacerate"],"picked":"Chen:Catseye","floor":13},{"not_picked":["Chen:Sidestep","Chen:GuardCounter"],"picked":"Chen:Unpredictable","floor":14},{"not_picked":["Chen:Scratch","Chen:Salvo"],"picked":"Chen:Deceitful","floor":16},{"not_picked":["Chen:CurlUp","Chen:PhoenixEgg"],"picked":"Chen:Nimbleness","floor":18},{"not_picked":["Chen:UpperHand","Chen:Barrier"],"picked":"Chen:Instinct","floor":20},{"not_picked":["Replay:SS_forest_2","ReplayTheSpireMod:Uncanny Aura"],"picked":"expansioncontent:Torchfire","floor":23},{"not_picked":["expansioncontent:ChargeUp","Replay:SS_forest_2"],"picked":"Replay:Bootleg Shield Generator","floor":23},{"not_picked":["Chen:CatPunch","Chen:Sweep","Chen:EmergencyEscape"],"picked":"SKIP","floor":25},{"not_picked":["Chen:Fadeout","Chen:Adaptability","Chen:Impale"],"picked":"SKIP","floor":27}],"player_experience":1663440,"relics_obtained":[{"floor":7,"key":"StuffTheSpire:Mouthbags"},{"floor":9,"key":"Potion Belt"},{"floor":22,"key":"Ice Cream"},{"floor":22,"key":"construct:RocketBooster"},{"floor":25,"key":"StuffTheSpire:SapphireSignet"},{"floor":26,"key":"Mirror"},{"floor":27,"key":"Oddly Smooth Stone"},{"floor":28,"key":"infinitespire:ShieldingShard"},{"floor":29,"key":"Ring of Hypnosis"},{"floor":29,"key":"ReplayTheSpireMod:Ring of Collecting"}],"event_choices":[{"damage_healed":0,"gold_gain":2,"player_choice":"1","damage_taken":0,"max_hp_gain":0,"max_hp_loss":0,"event_name":"betterStone:BetterStone","floor":23,"gold_loss":0}],"is_beta":false,"boss_relics":[{"not_picked":["StuffTheSpire:ModemDavis","hubris:RunicObelisk"],"picked":"Philosopher\u0027s Stone"}],"items_purged_floors":[21],"is_endless":false,"potions_floor_spawned":[5,13,18,22,27],"killed_by":"Gensokyo:AngelMirror","ascension_level":18}}