{"host":"wbqphhziwa9rtntc","time":1609497052,"event":{"mods":["AchievementEnabler","Aspiration","BaseMod","Better Altar","Better Match","Better Note","Better Sensory Stone","Better Skull","Better Third Choice","BetterRewards","Clawfect","Colored Map","Conspire","Custom Start","Downfall","GifTheSpireLib","Gremlin Mod","Halation","Hermit","Highlight Path","Hubris","Infinite Spire","Mimic Mod","Minty Spire (QoL Compilation)","Permanent Neow","Replay The Spire","Shade Mod","Shop Mod","Spicy Shops","StSLib","Stuff the Spire","The Jungle","The Problem Sleuth","The Wild Card"],"gold_per_floor":[111,124,124,140,90,115,125,5,5,5,16,16,32,58,58,155,155,170,170,170,170,188,199,199,199,199,209,234,234,250,250,290,305,305,305,305,305],"floor_reached":35,"playtime":3120,"items_purged":[],"score":296,"play_id":"3e5fd4b5-ad1a-4f56-b4ea-d95828d58a04","local_time":"20210101023052","is_ascension_mode":false,"campfire_choices":[{"floor":12,"key":"REST"},{"floor":15,"key":"REST"},{"data":"ReplayTheSpireMod:??????????????????????","floor":25,"key":"SMITH"},{"floor":29,"key":"REST"},{"data":"Transmutation","floor":31,"key":"SMITH"},{"data":"theSleuth:Fortify","floor":34,"key":"SMITH"}],"circlet_count":0,"master_deck":["theSleuth:Strike","theSleuth:Strike","theSleuth:Strike","theSleuth:Defend","theSleuth:Defend","theSleuth:Defend","theSleuth:KeyHandgun+1","theSleuth:TakeInventory","theSleuth:Diplomacy","theSleuth:ThinkAhead+1","theSleuth:Tootshotgun","theSleuth:ThinkAhead","theSleuth:TruffleShuffle","theSleuth:Fortune","Transmutation+1","theSleuth:Fortune","theSleuth:BenStillerBust","theSleuth:Ogle","theSleuth:Diabeatdown","theSleuth:FairShake","ReplayTheSpireMod:??????????????????????+1","theSleuth:BenStillerBust","theSleuth:Fortify+1","theSleuth:TruffleShuffle","theSleuth:CandyLeather+1","theSleuth:BellyOTheWhale"],"relics":["theSleuth:Typewriter","Vajra","hubris:Towel","hubris:OldNail","Mercury Hourglass","Pantograph","Nloth\u0027s Gift","Happy Flower"],"acts_visited":["Exordium","TheCity"],"potions_floor_usage":[7,11,18,32,32,35,35],"damage_taken":[{"damage":9,"enemies":"conspire:RoseBush","floor":1,"turns":2},{"damage":0,"enemies":"2 Louse","floor":2,"turns":4},{"damage":6,"enemies":"infinitespire:Voidling","floor":4,"turns":4},{"damage":33,"enemies":"Gremlin Nob","floor":6,"turns":6},{"damage":10,"enemies":"Exordium Wildlife","floor":7,"turns":11},{"damage":0,"enemies":"Lots of Slimes","floor":11,"turns":1},{"damage":6,"enemies":"Gremlin Gang","floor":13,"turns":2},{"damage":15,"enemies":"3 Sentries","floor":14,"turns":6},{"damage":19,"enemies":"Slime Boss","floor":16,"turns":10},{"damage":33,"enemies":"conspire:FuzzyDice","floor":18,"turns":12},{"damage":5,"enemies":"Chosen","floor":22,"turns":4},{"damage":8,"enemies":"Centurion and Healer","floor":23,"turns":6},{"damage":12,"enemies":"Snake Plant","floor":27,"turns":5},{"damage":1,"enemies":"Snecko","floor":30,"turns":3},{"damage":0,"enemies":"conspire:HollyBat","floor":32,"turns":10},{"damage":17,"enemies":"Snake Plant","floor":33,"turns":5},{"damage":77,"enemies":"hubris:MusketHawk","floor":35,"turns":9}],"seed_played":"3000020373141451590","potions_obtained":[{"floor":1,"key":"Dexterity Potion"},{"floor":2,"key":"GamblersBrew"},{"floor":6,"key":"SmokeBomb"},{"floor":13,"key":"Doom Potion"},{"floor":22,"key":"Strength Potion"},{"floor":23,"key":"Reflective Coating"},{"floor":27,"key":"CultistPotion"},{"floor":30,"key":"ColorlessPotion"},{"floor":33,"key":"LifebloodPotion"}],"is_trial":false,"path_per_floor":["M","M","?","M","?","E","M","$","T","?","M","R","M","E","R","B",null,"M","AVR","PTL","PTL","M","M","?","R","?","M","T","R","M","R","M","M","R","B"],"character_chosen":"THE_sleuth","items_purchased":["theSleuth:Fortune"],"campfire_rested":3,"item_purchase_floors":[8],"current_hp_per_floor":[64,64,64,58,58,25,15,15,15,15,15,36,30,15,36,42,73,40,40,40,40,35,27,27,27,27,15,15,36,35,35,35,18,18,0,0,0],"gold":305,"neow_bonus":"RANDOM_COMMON_RELIC","is_daily":false,"chose_seed":false,"campfire_upgraded":3,"win_rate":0.0,"timestamp":1609497052,"path_taken":["M","M","?","M","?","E","M","$","T","?","M","R","M","E","R","BOSS","M","AVR","PTL","PTL","M","M","?","R","?","M","T","R","M","R","M","M","R","BOSS"],"items_purchased_type":["Card"],"build_version":"2020-12-22","purchased_purges":0,"victory":false,"max_hp_per_floor":[73,73,73,73,73,73,73,73,73,73,73,73,73,73,73,73,73,73,73,73,73,73,73,73,73,73,73,73,73,73,73,73,73,73,73,73,73],"card_choices":[{"not_picked":["theSleuth:SnoopDoggBust","theSleuth:BenStillerBust"],"picked":"theSleuth:ThinkAhead","floor":1},{"not_picked":["theSleuth:HeartStab","theSleuth:Appropriate"],"picked":"theSleuth:OpportunityCost","floor":2},{"not_picked":["theSleuth:CandyCorn","theSleuth:Distill"],"picked":"theSleuth:Tootshotgun","floor":4},{"not_picked":["theSleuth:Embarrass","theSleuth:HandCannon"],"picked":"theSleuth:ThinkAhead","floor":6},{"not_picked":["theSleuth:RetainReturn","theSleuth:Deprogram"],"picked":"theSleuth:TruffleShuffle","floor":7},{"not_picked":["expansioncontent:StudyTheSpire","Dark Shackles"],"picked":"Transmutation","floor":10},{"not_picked":["theSleuth:CharismaBlast","theSleuth:SnoopDoggBust"],"picked":"theSleuth:Fortune","floor":11},{"not_picked":["theSleuth:FlaskOfWhiskey","theSleuth:WeirdPuzzleShit"],"picked":"theSleuth:BenStillerBust","floor":13},{"not_picked":["theSleuth:Frijolaegis","theSleuth:MobRule"],"picked":"theSleuth:Ogle","floor":14},{"not_picked":["theSleuth:HeroBust","theSleuth:HairpinMachinegun"],"picked":"theSleuth:Diabeatdown","floor":16},{"not_picked":["theSleuth:FoolPlate","theSleuth:ThinkAhead"],"picked":"theSleuth:FairShake","floor":18},{"not_picked":["theSleuth:RetrieveArms","theSleuth:CandyCorn"],"picked":"theSleuth:BenStillerBust","floor":22},{"not_picked":["theSleuth:RollBoxcars","theSleuth:Unscale+1"],"picked":"theSleuth:Fortify","floor":23},{"not_picked":["theSleuth:Distill","theSleuth:WilsonBust"],"picked":"theSleuth:TruffleShuffle","floor":27},{"not_picked":["theSleuth:TorsoFlail","theSleuth:Parry"],"picked":"theSleuth:OpportunityCost","floor":30},{"not_picked":["theSleuth:ForceDeck","theSleuth:Embarrass+1"],"picked":"theSleuth:CandyLeather+1","floor":32},{"not_picked":["theSleuth:ThinkAhead","theSleuth:MobRule"],"picked":"theSleuth:BellyOTheWhale","floor":33}],"player_experience":101644,"relics_obtained":[{"floor":6,"key":"hubris:OldNail"},{"floor":9,"key":"Mercury Hourglass"},{"floor":14,"key":"Pantograph"},{"floor":28,"key":"Happy Flower"}],"event_choices":[{"cards_removed":["theSleuth:Strike"],"damage_healed":0,"gold_gain":0,"player_choice":"Card Removal","damage_taken":0,"max_hp_gain":0,"max_hp_loss":0,"event_name":"The Cleric","floor":5,"gold_loss":50},{"damage_healed":0,"gold_gain":1,"player_choice":"1","damage_taken":0,"max_hp_gain":0,"max_hp_loss":0,"event_name":"betterStone:BetterStone","floor":10,"gold_loss":0},{"damage_healed":0,"gold_gain":0,"player_choice":"Traded Relic","damage_taken":0,"relics_obtained":["Nloth\u0027s Gift"],"max_hp_gain":0,"max_hp_loss":0,"event_name":"N\u0027loth","floor":24,"relics_lost":["ReplayTheSpireMod:DimensionalGlitch"],"gold_loss":0},{"cards_removed":["Transmutation"],"damage_healed":0,"gold_gain":0,"player_choice":"Give","damage_taken":0,"max_hp_gain":0,"max_hp_loss":0,"event_name":"betterNote:BetterNote","floor":26,"gold_loss":0,"cards_obtained":["None"]}],"is_beta":false,"boss_relics":[{"not_picked":["Honey Jar","halation:MonkeysPaw"],"picked":"ReplayTheSpireMod:DimensionalGlitch"}],"items_purged_floors":[],"is_endless":false,"potions_floor_spawned":[1,2,6,13,22,23,27,30,33],"killed_by":"hubris:MusketHawk","ascension_level":0}}