{"host":"qfskrnw3pl1q86j0","time":1609514362,"event":{"mods":["BaseMod","Block Reminder","Hermit","Marisa????????","Minty Spire (QoL Compilation)","Quick Restart","Random Character Button","Relic Stats","StSLib","The Poker Player","slay the spire mod where everything is the same but ironclad has a cowboy hat"],"gold_per_floor":[113,133,146,146,164,164,174,203,203,203,92,92,92,118,118,221,221,234,244,264,283,9,9,19,19,19,44,56,94,106,147,159,330,342,401,413,150,162,210,210,210,6,57,57,84,142,174,212,212,260],"floor_reached":51,"playtime":1980,"items_purged":["Strike_MRS","Writhe","Strike_MRS"],"score":791,"play_id":"07819a3c-90ef-41bf-84c8-f4e960f04ec2","local_time":"20210101161922","is_ascension_mode":false,"campfire_choices":[{"data":"MasterSpark","floor":6.0,"key":"SMITH"},{"data":"MagicChant","floor":10.0,"key":"SMITH"},{"data":"UpSweep","floor":12.0,"key":"SMITH"},{"data":"StarBarrage","floor":15.0,"key":"SMITH"},{"data":"GrandCross","floor":23.0,"key":"SMITH"},{"data":"NonDirectionalLaser","floor":25.0,"key":"SMITH"},{"data":"SporeBomb","floor":32.0,"key":"SMITH"},{"data":"GrandCross","floor":40.0,"key":"SMITH"},{"data":"ChargeUpSpray","floor":44.0,"key":"SMITH"},{"floor":49,"key":"REST"}],"circlet_count":0,"master_deck":["Strike_MRS","Strike_MRS","Defend_MRS","Defend_MRS","Defend_MRS","Defend_MRS","MasterSpark+1","UpSweep+1","MagicChant+1","SporeBomb+1","NonDirectionalLaser+1","StarBarrage+1","GrandCross+1","ChargeUpSpray+1","AlicesGift","Robbery","GrandCross+1","CurseOfTheBell","OrrerysSun+1","ShootingEcho+1","MilkyWay+1","GasGiant+1","Parasite","OrrerysSun+1"],"relics":["MiniHakkero","SproutingBranch","Centennial Puzzle","StrikeDummy","Mummified Hand","Matryoshka","Busted Crown","Membership Card","Frozen Egg 2","MawBank","Eternal Feather","Question Card","Calling Bell","Omamori","The Courier","CaptainsWheel","Toxic Egg 2","Torii","Lee\u0027s Waffle","Vajra","MealTicket","ShroomBag","Juzu Bracelet","Pen Nib"],"acts_visited":["Exordium","TheCity","TheBeyond"],"potions_floor_usage":[50,50,50],"damage_taken":[{"damage":1.0,"enemies":"Jaw Worm","floor":1.0,"turns":4.0},{"damage":0.0,"enemies":"Cultist","floor":2.0,"turns":3.0},{"damage":0.0,"enemies":"Small Slimes","floor":3.0,"turns":2.0},{"damage":12.0,"enemies":"3 Louse","floor":5.0,"turns":4.0},{"damage":0.0,"enemies":"Exordium Wildlife","floor":7.0,"turns":3.0},{"damage":12.0,"enemies":"3 Sentries","floor":8.0,"turns":5.0},{"damage":14.0,"enemies":"Gremlin Nob","floor":14.0,"turns":3.0},{"damage":37.0,"enemies":"The Guardian","floor":16.0,"turns":6.0},{"damage":7.0,"enemies":"Shell Parasite","floor":18.0,"turns":3.0},{"damage":5.0,"enemies":"3 Byrds","floor":19.0,"turns":3.0},{"damage":13.0,"enemies":"Shelled Parasite and Fungi","floor":20.0,"turns":3.0},{"damage":0.0,"enemies":"Chosen and Byrds","floor":21.0,"turns":3.0},{"damage":0.0,"enemies":"Centurion and Healer","floor":24.0,"turns":3.0},{"damage":10.0,"enemies":"Sentry and Sphere","floor":27.0,"turns":3.0},{"damage":0.0,"enemies":"Snake Plant","floor":29.0,"turns":2.0},{"damage":10.0,"enemies":"Cultist and Chosen","floor":31.0,"turns":4.0},{"damage":56.0,"enemies":"Champ","floor":33.0,"turns":7.0},{"damage":11.0,"enemies":"3 Shapes","floor":35.0,"turns":4.0},{"damage":10.0,"enemies":"Orb Walker","floor":38.0,"turns":2.0},{"damage":46.0,"enemies":"Maw","floor":39.0,"turns":7.0},{"damage":42.0,"enemies":"Nemesis","floor":46.0,"turns":5.0},{"damage":10.0,"enemies":"Writhing Mass","floor":47.0,"turns":4.0},{"damage":11,"enemies":"Spire Growth","floor":48,"turns":3},{"damage":31,"enemies":"Time Eater","floor":50,"turns":7}],"seed_played":"-8449755808921794531","potions_obtained":[{"floor":2.0,"key":"BottledSpark"},{"floor":4.0,"key":"PowerPotion"},{"floor":4.0,"key":"Swift Potion"},{"floor":7.0,"key":"AttackPotion"},{"floor":8.0,"key":"Energy Potion"},{"floor":14.0,"key":"Strength Potion"},{"floor":16.0,"key":"Strength Potion"},{"floor":27.0,"key":"Fire Potion"},{"floor":31.0,"key":"SkillPotion"},{"floor":38.0,"key":"DuplicationPotion"},{"floor":39.0,"key":"EssenceOfSteel"},{"floor":47.0,"key":"DuplicationPotion"}],"is_trial":false,"path_per_floor":["M","M","M","?","M","R","M","E","T","R","$","R","T","E","R","B",null,"M","M","M","M","$","R","M","R","T","M","?","M","?","M","R","B",null,"M","?","$","M","M","R","?","$","T","R","T","E","M","M","R","B",null],"character_chosen":"MARISA","items_purchased":["ChargeUpSpray","Membership Card","Frozen Egg 2","Toxic Egg 2","Torii","Lee\u0027s Waffle","Vajra","MilkyWay+1"],"campfire_rested":1,"item_purchase_floors":[11,22,22,37,37,42,42,42],"current_hp_per_floor":[65,74,75,75,70,70,75,72,72,72,72,72,72,61,61,39,75,72,74,66,75,75,75,75,75,75,65,65,70,70,70,75,25,75,75,75,75,65,34,46,46,82,82,82,82,49,51,51,82,57],"gold":260,"neow_bonus":"ONE_RARE_RELIC","is_daily":false,"chose_seed":false,"campfire_upgraded":9,"win_rate":0.0,"timestamp":1609514362,"path_taken":["M","M","M","?","M","R","M","E","T","R","?","R","?","E","R","BOSS","M","M","M","M","$","R","M","R","T","M","?","M","?","M","R","BOSS","M","?","$","M","?","R","?","$","T","R","?","E","M","M","R","BOSS"],"items_purchased_type":["Card","Relic","Relic","Relic","Relic","Relic","Relic","Card"],"build_version":"2020-12-22","purchased_purges":3,"victory":true,"max_hp_per_floor":[75,75,75,75,75,75,75,75,75,75,75,75,75,75,75,75,75,75,75,75,75,75,75,75,75,75,75,75,75,75,75,75,75,75,75,75,75,75,75,75,75,82,82,82,82,82,82,82,82,82],"relic_stats":{"Lee\u0027s Waffle":36,"Torii":4,"counters":[24,93],"Eternal Feather":29,"Pen Nib":[3],"Juzu Bracelet":0,"MawBank":132,"Question Card":9,"Centennial Puzzle":[45],"Busted Crown":32,"Mummified Hand":[9],"MealTicket":0,"obtain_stats":[{"Lee\u0027s Waffle":42,"Torii":37,"Vajra":42,"Eternal Feather":26,"The Courier":34,"Pen Nib":46,"Omamori":34,"Juzu Bracelet":45,"SproutingBranch":0,"Frozen Egg 2":22,"MawBank":26,"Question Card":30,"Calling Bell":34,"ShroomBag":43,"Centennial Puzzle":8,"CaptainsWheel":34,"Matryoshka":14,"Busted Crown":17,"Mummified Hand":13,"MealTicket":43,"MiniHakkero":0,"Membership Card":22,"Toxic Egg 2":37,"StrikeDummy":9},{"Lee\u0027s Waffle":20,"Torii":18,"Vajra":20,"Eternal Feather":13,"The Courier":17,"Pen Nib":21,"Omamori":17,"Juzu Bracelet":20,"SproutingBranch":0,"Frozen Egg 2":12,"MawBank":13,"Question Card":15,"Calling Bell":17,"ShroomBag":20,"Centennial Puzzle":6,"CaptainsWheel":17,"Matryoshka":7,"Busted Crown":8,"Mummified Hand":6,"MealTicket":20,"MiniHakkero":0,"Membership Card":12,"Toxic Egg 2":18,"StrikeDummy":6},{"Lee\u0027s Waffle":74,"Torii":65,"Vajra":74,"Eternal Feather":45,"The Courier":61,"Pen Nib":79,"Omamori":61,"Juzu Bracelet":74,"SproutingBranch":0,"Frozen Egg 2":42,"MawBank":45,"Question Card":50,"Calling Bell":61,"ShroomBag":74,"Centennial Puzzle":21,"CaptainsWheel":61,"Matryoshka":24,"Busted Crown":30,"Mummified Hand":21,"MealTicket":74,"MiniHakkero":0,"Membership Card":42,"Toxic Egg 2":65,"StrikeDummy":21}]},"card_choices":[{"not_picked":["WitchLeyline","GravityBeat"],"picked":"MagicChant","floor":1.0},{"not_picked":["ChargeUpSpray","BlazeAway"],"picked":"SporeBomb","floor":2.0},{"not_picked":["BlazeAway","UnstableBomb"],"picked":"NonDirectionalLaser","floor":3.0},{"not_picked":["EscapeVelocity","Acceleration"],"picked":"StarBarrage","floor":5.0},{"not_picked":["AsteroidBelt","ShootingEcho"],"picked":"GrandCross","floor":7.0},{"not_picked":["NonDirectionalLaser","GrandCross","EscapeVelocity"],"picked":"SKIP","floor":8.0},{"not_picked":["LuminesStrike","Occultation"],"picked":"AlicesGift","floor":14.0},{"not_picked":["AsteroidBelt"],"picked":"SKIP","floor":18.0},{"not_picked":["6A"],"picked":"SKIP","floor":19.0},{"not_picked":["LuminesStrike"],"picked":"SKIP","floor":20.0},{"not_picked":["ChargingUp"],"picked":"SKIP","floor":21.0},{"not_picked":["ChargeUpSpray"],"picked":"SKIP","floor":24.0},{"not_picked":[],"picked":"Robbery","floor":27.0},{"not_picked":["RefractionSpark"],"picked":"SKIP","floor":29.0},{"not_picked":["SprinkleStarSeal"],"picked":"GrandCross","floor":31.0},{"not_picked":["PropBag"],"picked":"OrrerysSun+1","floor":35.0},{"not_picked":["DC"],"picked":"ShootingEcho+1","floor":38.0},{"not_picked":["AlicesGift","MysteriousBeam+1"],"picked":"SKIP","floor":39.0},{"not_picked":["AbsoluteMagnitude"],"picked":"GasGiant+1","floor":46.0},{"not_picked":["LuminesStrike","DarkMatter+1"],"picked":"SKIP","floor":47.0},{"not_picked":["DragonMeteor"],"picked":"OrrerysSun+1","floor":48}],"player_experience":895357,"relics_obtained":[{"floor":8.0,"key":"Centennial Puzzle"},{"floor":9.0,"key":"StrikeDummy"},{"floor":13.0,"key":"Mummified Hand"},{"floor":14.0,"key":"Matryoshka"},{"floor":26.0,"key":"MawBank"},{"floor":26.0,"key":"Eternal Feather"},{"floor":34.0,"key":"Omamori"},{"floor":34.0,"key":"The Courier"},{"floor":34.0,"key":"CaptainsWheel"},{"floor":43.0,"key":"MealTicket"},{"floor":43.0,"key":"ShroomBag"},{"floor":45.0,"key":"Juzu Bracelet"},{"floor":46.0,"key":"Pen Nib"}],"event_choices":[{"damage_healed":0.0,"max_hp_gain":0.0,"max_hp_loss":0.0,"gold_gain":0.0,"event_name":"Lab","player_choice":"Got Potions","floor":4.0,"gold_loss":0.0,"damage_taken":0.0},{"damage_healed":0.0,"max_hp_gain":0.0,"max_hp_loss":0.0,"gold_gain":0.0,"event_name":"Vampires","player_choice":"Ignored","floor":28.0,"gold_loss":0.0,"damage_taken":0.0},{"damage_healed":0.0,"max_hp_gain":0.0,"max_hp_loss":0.0,"gold_gain":0.0,"event_name":"The Mausoleum","player_choice":"Opened","floor":30.0,"gold_loss":0.0,"damage_taken":0.0,"relics_obtained":["Question Card"],"cards_obtained":["Writhe"]},{"damage_healed":0.0,"max_hp_gain":0.0,"max_hp_loss":0.0,"gold_gain":0.0,"event_name":"Match and Keep!","player_choice":"0 cards matched","floor":36.0,"gold_loss":0.0,"damage_taken":0.0,"cards_obtained":[]},{"damage_healed":0.0,"max_hp_gain":0.0,"max_hp_loss":0.0,"gold_gain":0.0,"event_name":"Tomb of Lord Red Mask","player_choice":"Ignored","floor":41.0,"gold_loss":0.0,"damage_taken":0.0}],"is_beta":false,"boss_relics":[{"not_picked":["BewitchedHakkero","Cursed Key"],"picked":"Busted Crown"},{"not_picked":["ExperimentalFamiliar","Tiny House"],"picked":"Calling Bell"}],"items_purged_floors":[11,37,42],"is_endless":false,"potions_floor_spawned":[2,7,8,14,16,20,21,27,31,38,39,47],"ascension_level":0}}