{"host":"klzxa3457b6fcx00","time":1609488071,"event":{"mods":["AchievementEnabler","BaseMod","Downfall","Minty Spire (QoL Compilation)","Replay The Spire","StSLib"],"gold_per_floor":[111,127,77,91,106,106,138,138,138,155,167,167,14,14,14,14,14],"floor_reached":16,"playtime":404,"items_purged":[],"score":102,"play_id":"c752afd6-c968-4f1d-84eb-552e6463a66a","local_time":"20210101150111","is_ascension_mode":false,"campfire_choices":[{"floor":6,"key":"REST"},{"floor":8,"key":"REST"},{"data":"Zap","floor":12,"key":"SMITH"},{"floor":15,"key":"REST"}],"circlet_count":0,"master_deck":["Strike_B","Defend_B","Defend_B","Defend_B","Defend_B","Zap+1","Dualcast","Ball Lightning","Auto Shields","Hyperbeam"],"relics":["Cracked Core","Mummified Hand"],"acts_visited":["Exordium"],"potions_floor_usage":[16,16,16],"damage_taken":[{"damage":8,"enemies":"2 Louse","floor":1,"turns":3},{"damage":5,"enemies":"Small Slimes","floor":2,"turns":3},{"damage":1,"enemies":"Cultist","floor":4,"turns":3},{"damage":21,"enemies":"Lots of Slimes","floor":5,"turns":4},{"damage":19,"enemies":"Lagavulin","floor":7,"turns":6},{"damage":11,"enemies":"Large Slime","floor":10,"turns":5},{"damage":7,"enemies":"3 Louse","floor":11,"turns":3},{"damage":49,"enemies":"The Guardian","floor":16,"turns":11}],"seed_played":"-6429882885306219867","potions_obtained":[{"floor":1,"key":"SpeedPotion"},{"floor":2,"key":"Elixir"},{"floor":7,"key":"Strength Potion"}],"is_trial":false,"path_per_floor":["M","M","?","M","M","R","E","R","T","M","M","R","$","?","R","B"],"character_chosen":"DEFECT","items_purchased":["Hyperbeam"],"campfire_rested":3,"item_purchase_floors":[13],"current_hp_per_floor":[46,41,41,40,19,41,22,44,44,33,26,26,26,26,48,0,0],"gold":14,"neow_bonus":"REMOVE_TWO","is_daily":false,"chose_seed":false,"campfire_upgraded":1,"win_rate":0.0,"timestamp":1609488071,"path_taken":["M","M","?","M","M","R","E","R","T","M","M","R","$","?","R","BOSS"],"items_purchased_type":["Card"],"build_version":"2020-12-22","purchased_purges":0,"victory":false,"max_hp_per_floor":[75,75,75,75,75,75,75,75,75,75,75,75,75,75,75,75,75],"card_choices":[{"not_picked":["FTL","Leap"],"picked":"Ball Lightning","floor":1},{"not_picked":["Static Discharge","Redo","Hologram"],"picked":"SKIP","floor":2},{"not_picked":["Panic Button","Steam","Stack"],"picked":"SKIP","floor":4},{"not_picked":["Force Field","Chill"],"picked":"Auto Shields","floor":5},{"not_picked":["Redo","Panic Button","Chaos"],"picked":"SKIP","floor":7},{"not_picked":["Compile Driver","ReplayTheSpireMod:GoodbyeWorld","Conserve Battery"],"picked":"SKIP","floor":10},{"not_picked":["Cold Snap","ReplaySolidLightProjector","Redo"],"picked":"SKIP","floor":11}],"player_experience":233132,"relics_obtained":[{"floor":7,"key":"Mummified Hand"}],"event_choices":[{"cards_removed":["Strike_B"],"damage_healed":0,"gold_gain":0,"player_choice":"Card Removal","damage_taken":0,"max_hp_gain":0,"max_hp_loss":0,"event_name":"The Cleric","floor":3,"gold_loss":50},{"damage_healed":0,"gold_gain":0,"player_choice":"Fled","damage_taken":0,"max_hp_gain":0,"max_hp_loss":0,"event_name":"Scrap Ooze","floor":14,"gold_loss":0}],"is_beta":false,"boss_relics":[],"items_purged_floors":[],"is_endless":false,"potions_floor_spawned":[1,2,7],"killed_by":"The Guardian","ascension_level":0}}