{"host":"9n6i2vl93jt4o42q","time":1609526570,"event":{"mods":["BaseMod","Minty Spire (QoL Compilation)","Relic Stats"],"gold_per_floor":[115,129,279,279,299,299,326,11,91,105,105,118,137,153,153,230,230,240,46,63,63,63,63,63,63,86,101,121,121,121,135,135,135,135],"floor_reached":33,"playtime":1708,"items_purged":["Pain"],"score":486,"play_id":"3c7d57a6-0818-43c5-a4fd-3d6743ec7e4c","local_time":"20210101194250","is_ascension_mode":true,"campfire_choices":[{"data":"Cleave","floor":6.0,"key":"SMITH"},{"floor":11.0,"key":"REST"},{"data":"Armaments","floor":15.0,"key":"SMITH"},{"data":"Limit Break","floor":23.0,"key":"SMITH"},{"floor":25.0,"key":"REST"},{"floor":29.0,"key":"REST"},{"floor":32.0,"key":"REST"}],"circlet_count":0,"master_deck":["AscendersBane","Strike_R","Strike_R","Strike_R","Strike_R","Strike_R","Defend_R","Defend_R","Defend_R","Defend_R","Bash","Burning Pact","Reckless Charge","Cleave+1","Iron Wave","Armaments+1","Headbutt","Shrug It Off","Fire Breathing","Sentinel","Demon Form","Limit Break+1","Seeing Red","Sword Boomerang","Heavy Blade","Reaper"],"relics":["Burning Blood","WarpedTongs","Bronze Scales","Happy Flower","Shuriken","Busted Crown","Dream Catcher","Nloth\u0027s Gift"],"acts_visited":["Exordium","TheCity"],"potions_floor_usage":[33],"damage_taken":[{"damage":22.0,"enemies":"Small Slimes","floor":1.0,"turns":4.0},{"damage":14.0,"enemies":"2 Louse","floor":2.0,"turns":3.0},{"damage":7.0,"enemies":"Cultist","floor":5.0,"turns":4.0},{"damage":46.0,"enemies":"Lagavulin","floor":7.0,"turns":6.0},{"damage":0.0,"enemies":"Lots of Slimes","floor":10.0,"turns":2.0},{"damage":13.0,"enemies":"Exordium Thugs","floor":12.0,"turns":2.0},{"damage":0.0,"enemies":"Large Slime","floor":13.0,"turns":5.0},{"damage":7.0,"enemies":"3 Louse","floor":14.0,"turns":2.0},{"damage":11.0,"enemies":"Slime Boss","floor":16.0,"turns":7.0},{"damage":18.0,"enemies":"Chosen","floor":18.0,"turns":5.0},{"damage":32.0,"enemies":"Shell Parasite","floor":20.0,"turns":5.0},{"damage":24.0,"enemies":"Centurion and Healer","floor":27.0,"turns":5.0},{"damage":33.0,"enemies":"Cultist and Chosen","floor":28.0,"turns":4.0},{"damage":8.0,"enemies":"Snake Plant","floor":31.0,"turns":3.0},{"damage":80,"enemies":"Automaton","floor":33,"turns":6}],"seed_played":"-6456322994066007502","potions_obtained":[{"floor":1.0,"key":"Weak Potion"},{"floor":7.0,"key":"Explosive Potion"},{"floor":12.0,"key":"ColorlessPotion"},{"floor":16.0,"key":"Explosive Potion"},{"floor":27.0,"key":"Swift Potion"},{"floor":28.0,"key":"GamblersBrew"}],"is_trial":false,"path_per_floor":["M","M","?","?","M","R","E","$","T","M","R","M","M","M","R","B",null,"M","$","M","?","?","R","$","R","T","M","M","R","?","M","R","B"],"character_chosen":"IRONCLAD","items_purchased":["Happy Flower","Armaments","Headbutt","Omamori","Sword Boomerang"],"campfire_rested":4,"item_purchase_floors":[8,8,8,19,19],"current_hp_per_floor":[59,51,51,51,50,50,10,10,10,16,40,33,39,38,38,33,70,58,58,32,32,32,32,32,56,56,38,11,35,35,33,57,0,0],"gold":135,"neow_bonus":"TEN_PERCENT_HP_BONUS","is_daily":false,"chose_seed":false,"campfire_upgraded":3,"win_rate":0.0,"timestamp":1609526570,"path_taken":["M","M","?","?","?","R","E","$","T","M","R","M","M","M","R","BOSS","M","?","?","?","?","R","$","R","T","M","?","R","?","M","R","BOSS"],"items_purchased_type":["Relic","Card","Card","Relic","Card"],"build_version":"2020-12-22","purchased_purges":1,"victory":false,"max_hp_per_floor":[82,82,82,82,82,82,82,82,82,82,82,82,82,82,82,82,82,82,82,82,82,82,82,82,82,82,82,82,82,82,82,82,82,82],"relic_stats":{"Dream Catcher":2,"Busted Crown":14,"Happy Flower":[15],"counters":[15,63],"Shuriken":[16],"Bronze Scales":[83],"Nloth\u0027s Gift":1,"obtain_stats":[{"Dream Catcher":26,"Busted Crown":17,"Happy Flower":8,"Shuriken":9,"Bronze Scales":7,"Omamori":19,"Nloth\u0027s Gift":30,"Burning Blood":0,"WarpedTongs":4},{"Dream Catcher":11,"Busted Crown":9,"Happy Flower":4,"Shuriken":4,"Bronze Scales":4,"Omamori":10,"Nloth\u0027s Gift":13,"Burning Blood":0,"WarpedTongs":2},{"Dream Catcher":45,"Busted Crown":35,"Happy Flower":17,"Shuriken":17,"Bronze Scales":17,"Omamori":40,"Nloth\u0027s Gift":54,"Burning Blood":0,"WarpedTongs":7}],"Burning Blood":84,"WarpedTongs":[56]},"card_choices":[{"not_picked":["Rupture","Sword Boomerang"],"picked":"Burning Pact","floor":1.0},{"not_picked":["Infernal Blade","Ghostly Armor"],"picked":"Reckless Charge","floor":2.0},{"not_picked":["Iron Wave","Rage"],"picked":"Cleave","floor":5.0},{"not_picked":["Disarm","Brutality"],"picked":"Iron Wave","floor":7.0},{"not_picked":["Havoc","Burning Pact"],"picked":"Shrug It Off","floor":10.0},{"not_picked":["Pummel","Sword Boomerang"],"picked":"Fire Breathing","floor":12.0},{"not_picked":["Cleave","Carnage"],"picked":"Sentinel","floor":13.0},{"not_picked":["Disarm","Perfected Strike"],"picked":"Demon Form","floor":14.0},{"not_picked":["Brutality","Bludgeon"],"picked":"Limit Break","floor":16.0},{"not_picked":[],"picked":"Seeing Red","floor":18.0},{"not_picked":[],"picked":"Heavy Blade","floor":20.0},{"not_picked":["Warcry"],"picked":"SKIP","floor":27.0},{"not_picked":["Evolve"],"picked":"SKIP","floor":28.0},{"not_picked":[],"picked":"Reaper","floor":31.0}],"player_experience":2029037,"relics_obtained":[{"floor":7.0,"key":"Bronze Scales"},{"floor":9.0,"key":"Shuriken"},{"floor":26.0,"key":"Dream Catcher"}],"event_choices":[{"damage_healed":0.0,"max_hp_gain":0.0,"max_hp_loss":0.0,"gold_gain":150.0,"event_name":"Liars Game","player_choice":"AGREE","floor":3.0,"gold_loss":0.0,"damage_taken":0.0,"cards_obtained":["Doubt"]},{"damage_healed":0.0,"max_hp_gain":0.0,"max_hp_loss":0.0,"gold_gain":0.0,"event_name":"Accursed Blacksmith","player_choice":"Rummage","floor":4.0,"gold_loss":0.0,"damage_taken":0.0,"relics_obtained":["WarpedTongs"],"cards_obtained":["Pain"]},{"damage_healed":0.0,"max_hp_gain":0.0,"max_hp_loss":0.0,"gold_gain":0.0,"event_name":"Forgotten Altar","player_choice":"Smashed Altar","floor":21.0,"gold_loss":0.0,"damage_taken":0.0,"cards_obtained":["Decay"]},{"cards_removed":["Doubt"],"damage_healed":0.0,"max_hp_gain":0.0,"max_hp_loss":0.0,"gold_gain":0.0,"event_name":"Fountain of Cleansing","player_choice":"Removed Curses","floor":22.0,"gold_loss":0.0,"damage_taken":0.0},{"damage_healed":0.0,"max_hp_gain":0.0,"max_hp_loss":0.0,"gold_gain":0.0,"event_name":"N\u0027loth","player_choice":"Traded Relic","floor":30.0,"relics_lost":["Omamori"],"gold_loss":0.0,"damage_taken":0.0,"relics_obtained":["Nloth\u0027s Gift"]}],"is_beta":false,"boss_relics":[{"not_picked":["Velvet Choker","Black Star"],"picked":"Busted Crown"}],"items_purged_floors":[8],"is_endless":false,"potions_floor_spawned":[1,7,12,16,27,28],"killed_by":"Automaton","ascension_level":19}}