{"host":"9tzam4717zt8ei1o","time":1609492705,"event":{"mods":["BaseMod","Colored Map","Keyboard Shortcuts","Minty Spire (QoL Compilation)","Quick Restart","StSLib","SuperFastMode"],"gold_per_floor":[117,117,131,53,65,97,114,114,114,142,154,154,104,120,120,196,196,216,230,230,230,13,13,13,13],"floor_reached":24,"playtime":429,"items_purged":["Strike_G","Decay"],"score":412,"play_id":"7a7984c5-1d3b-4510-8026-d1fd1ac404cd","local_time":"20210101181825","is_ascension_mode":true,"campfire_choices":[{"data":"Noxious Fumes","floor":12.0,"key":"SMITH"},{"data":"Calculated Gamble","floor":15.0,"key":"SMITH"},{"floor":23.0,"key":"REST"}],"circlet_count":0,"master_deck":["AscendersBane","Strike_G","Strike_G","Strike_G","Defend_G","Defend_G","Defend_G","Defend_G","Defend_G","Survivor","Neutralize","Deadly Poison","Deadly Poison","Noxious Fumes+1","Backstab","Acrobatics","Eviscerate","Calculated Gamble+1","Acrobatics","Leg Sweep+1"],"relics":["Ring of the Snake","NeowsBlessing","Smiling Mask","Snake Skull","Question Card","SacredBark","Kunai","Membership Card"],"acts_visited":["Exordium","TheCity"],"potions_floor_usage":[],"damage_taken":[{"damage":0.0,"enemies":"Jaw Worm","floor":1.0,"turns":1.0},{"damage":0.0,"enemies":"Cultist","floor":3.0,"turns":1.0},{"damage":0.0,"enemies":"Small Slimes","floor":5.0,"turns":1.0},{"damage":3.0,"enemies":"Gremlin Nob","floor":6.0,"turns":3.0},{"damage":9.0,"enemies":"Blue Slaver","floor":7.0,"turns":4.0},{"damage":21.0,"enemies":"Lagavulin","floor":10.0,"turns":7.0},{"damage":13.0,"enemies":"Exordium Wildlife","floor":11.0,"turns":4.0},{"damage":0.0,"enemies":"Lots of Slimes","floor":14.0,"turns":2.0},{"damage":13.0,"enemies":"Hexaghost","floor":16.0,"turns":8.0},{"damage":28.0,"enemies":"Shell Parasite","floor":18.0,"turns":6.0},{"damage":4.0,"enemies":"Chosen","floor":19.0,"turns":3.0},{"damage":38,"enemies":"Snake Plant","floor":24,"turns":6}],"seed_played":"-930988641974516511","potions_obtained":[{"floor":1.0,"key":"Fire Potion"},{"floor":6.0,"key":"Explosive Potion"},{"floor":7.0,"key":"Fire Potion"},{"floor":18.0,"key":"LiquidMemories"}],"is_trial":false,"path_per_floor":["M","?","M","$","M","E","M","?","T","E","M","R","$","M","R","B",null,"M","M","?","T","$","R","M"],"character_chosen":"THE_SILENT","items_purchased":["Noxious Fumes","Membership Card"],"campfire_rested":1,"item_purchase_floors":[4,22],"current_hp_per_floor":[59,66,66,66,66,63,54,54,54,33,20,20,20,20,20,7,51,23,19,19,19,19,38,0,0],"gold":13,"neow_bonus":"THREE_ENEMY_KILL","is_daily":false,"chose_seed":false,"campfire_upgraded":2,"win_rate":0.0,"timestamp":1609492705,"path_taken":["M","?","M","$","?","E","M","?","T","E","M","R","$","M","R","BOSS","M","M","?","?","$","R","?"],"items_purchased_type":["Card","Relic"],"build_version":"2020-12-22","purchased_purges":2,"victory":false,"max_hp_per_floor":[66,66,66,66,66,66,66,66,66,66,66,66,66,66,66,66,66,66,66,66,66,66,66,66,66],"card_choices":[{"not_picked":["Underhanded Strike","Prepared"],"picked":"Deadly Poison","floor":1.0},{"not_picked":["Dagger Throw","Tactician"],"picked":"Deadly Poison","floor":3.0},{"not_picked":["Outmaneuver","Setup"],"picked":"Backstab","floor":5.0},{"not_picked":["Outmaneuver","Deadly Poison","Doppelganger"],"picked":"SKIP","floor":6.0},{"not_picked":["Prepared","Poisoned Stab"],"picked":"Acrobatics","floor":7.0},{"not_picked":["All Out Attack","Storm of Steel"],"picked":"Eviscerate","floor":10.0},{"not_picked":["Terror","All Out Attack","Slice","Bane"],"picked":"SKIP","floor":11.0},{"not_picked":["Quick Slash","Footwork","Acrobatics"],"picked":"Calculated Gamble","floor":14.0},{"not_picked":["Footwork","Poisoned Stab","Expertise"],"picked":"Acrobatics","floor":18.0},{"not_picked":["Predator","Flechettes","Caltrops+1"],"picked":"Leg Sweep+1","floor":19.0}],"player_experience":135014,"relics_obtained":[{"floor":6.0,"key":"Smiling Mask"},{"floor":9.0,"key":"Snake Skull"},{"floor":10.0,"key":"Question Card"},{"floor":21.0,"key":"Kunai"}],"event_choices":[{"damage_healed":7.0,"max_hp_gain":0.0,"max_hp_loss":0.0,"gold_gain":0.0,"event_name":"Wheel of Change","player_choice":"Full Heal","floor":2.0,"gold_loss":0.0,"damage_taken":0.0},{"cards_removed":["Strike_G"],"damage_healed":0.0,"max_hp_gain":0.0,"max_hp_loss":0.0,"gold_gain":0.0,"event_name":"Living Wall","player_choice":"Forget","floor":8.0,"gold_loss":0.0,"damage_taken":0.0},{"damage_healed":0.0,"max_hp_gain":0.0,"max_hp_loss":0.0,"gold_gain":0.0,"event_name":"Forgotten Altar","player_choice":"Smashed Altar","floor":20.0,"gold_loss":0.0,"damage_taken":0.0,"cards_obtained":["Decay"]}],"is_beta":false,"boss_relics":[{"not_picked":["Tiny House","SlaversCollar"],"picked":"SacredBark"}],"items_purged_floors":[13,22],"is_endless":false,"potions_floor_spawned":[1,6,7,10,18],"killed_by":"Snake Plant","ascension_level":20}}