{"host":"3vgzk5mhz751jdrj","time":1609491220,"event":{"mods":["2.2 Compatiblity","AchievementEnabler","Act Like it!","Aspiration","BaseMod","Better Match","Better Note","Better Sensory Stone","Better Skull","Better Third Choice","Block Reminder","Colored Map","Conspire","Displayed Cursed Tome","Downfall","Downfall-Rebalance","Friendly Minions","GifTheSpireLib","Halation","Hubris","Marked Mod","Mimic Mod","Minty Spire (QoL Compilation)","Quick Restart","Rare Cards Sparkle","Replay The Spire","Reworked Bosses","Shop Mod","Spicy Shops","Spikes Relics","StSLib","Stuff the Spire","The Marked","Trackpad","vexMod"],"gold_per_floor":[119,41,41,53,68,68,100,110,187,198,215,231,243,243,243,348,348,365,479,479,38,58,58,77,77,123,139,139,165,115,115,115,214,214,224,224,224,240,240,240,252,105,151,151,163,183,183,183,183],"floor_reached":48,"playtime":2456,"items_purged":[],"score":454,"play_id":"4c8c9185-3427-4475-80ee-1e036a5daa24","local_time":"20210101035340","is_ascension_mode":false,"campfire_choices":[{"data":"theMarked:RogueSparks","floor":6,"key":"SMITH"},{"floor":15,"key":"REST"},{"data":"theMarked:Generate","floor":23,"key":"SMITH"},{"floor":25,"key":"RECALL"},{"data":"theMarked:SoldierOfQuellstein","floor":28,"key":"SMITH"},{"floor":32,"key":"REST"},{"floor":40,"key":"REST"},{"floor":44,"key":"REST"}],"circlet_count":0,"master_deck":["theMarked:Strike","theMarked:Strike","theMarked:Strike","theMarked:Strike","theMarked:Defend","theMarked:Defend","theMarked:Defend","theMarked:Defend","theMarked:SoldierOfQuellstein+1","theMarked:Parry+1","theMarked:EmpowerWeapon","theMarked:RogueSparks+1","theMarked:RepellingDischarge","theMarked:Indomitable+1","theMarked:CreepingChasm","theMarked:SwordAndMagic","theMarked:SwordAndMagic","theMarked:ChainLightning","theMarked:Challenge+1","theMarked:Opportunist+1","theMarked:ChannelForce","theMarked:Generate+1","theMarked:Electrocute+1","theMarked:SoldierForm+1","theMarked:EmpowerWeapon+1","StuffTheSpire:BrainWave","theMarked:Aftermath+1"],"relics":["theMarked:ArtifactOfAir","ShockBauble","Gremlin Horn","Rawhide","Lee\u0027s Waffle","halation:OrihimeAndHikoboshiSamaAndTears","conspire:Dentures","Guide Book","Bronze Scales"],"acts_visited":["Exordium","TheCity","TheBeyond"],"potions_floor_usage":[7,10,11,16,16,18,24,24,29,29,33,35,41,46],"damage_taken":[{"damage":0,"enemies":"Jaw Worm","floor":1,"turns":4},{"damage":1,"enemies":"2 Louse","floor":4,"turns":3},{"damage":5,"enemies":"Small Slimes","floor":5,"turns":3},{"damage":30,"enemies":"3 Sentries","floor":7,"turns":7},{"damage":0,"enemies":"Looter","floor":8,"turns":3},{"damage":15,"enemies":"Large Slime","floor":10,"turns":4},{"damage":0,"enemies":"Exordium Thugs","floor":11,"turns":4},{"damage":5,"enemies":"Looter","floor":12,"turns":3},{"damage":0,"enemies":"Exordium Wildlife","floor":13,"turns":3},{"damage":41,"enemies":"The Guardian","floor":16,"turns":8},{"damage":12,"enemies":"2 Thieves","floor":18,"turns":4},{"damage":0,"enemies":"3 Byrds","floor":22,"turns":4},{"damage":12,"enemies":"3 Cultists","floor":24,"turns":4},{"damage":8,"enemies":"Snecko","floor":27,"turns":6},{"damage":13,"enemies":"Book of Stabbing","floor":29,"turns":4},{"damage":1,"enemies":"bossMod:newCollector","floor":33,"turns":8},{"damage":32,"enemies":"3 Darklings","floor":35,"turns":7},{"damage":17,"enemies":"Orb Walker","floor":38,"turns":4},{"damage":20,"enemies":"Transient","floor":41,"turns":5},{"damage":6,"enemies":"Sphere and 2 Shapes","floor":45,"turns":3},{"damage":0,"enemies":"Maw","floor":46,"turns":6},{"damage":15,"enemies":"Reptomancer","floor":48,"turns":2}],"seed_played":"5875119414713613945","potions_obtained":[{"floor":5,"key":"Dexterity Potion"},{"floor":7,"key":"Regen Potion"},{"floor":8,"key":"SteroidPotion"},{"floor":11,"key":"Strength Potion"},{"floor":12,"key":"champ:CounterPotion"},{"floor":16,"key":"LifebloodPotion"},{"floor":22,"key":"EntropicBrew"},{"floor":29,"key":"Block Potion"},{"floor":33,"key":"LifebloodPotion"},{"floor":35,"key":"theMarked:SummonPotion"},{"floor":41,"key":"Elixir"},{"floor":45,"key":"FearPotion"}],"is_trial":false,"path_per_floor":["M","$","?","M","M","R","E","M","T","M","M","M","M","?","R","B",null,"M","?","?","$","M","R","M","R","T","M","R","E","?","T","R","B",null,"M","?","HB","M","?","R","M","$","T","R","M","M","?","E"],"character_chosen":"THE_DEFAULT","items_purchased":["theMarked:RogueSparks","Rawhide","theMarked:Generate","Lee\u0027s Waffle","Guide Book"],"campfire_rested":4,"item_purchase_floors":[2,21,21,21,42],"current_hp_per_floor":[70,70,70,69,64,64,34,34,34,19,31,26,26,26,47,6,70,58,49,49,77,77,77,65,65,65,57,57,44,44,44,67,66,77,45,45,35,18,18,28,8,8,8,18,12,12,12,0,0],"gold":183,"neow_bonus":"THREE_CARDS","is_daily":false,"chose_seed":false,"campfire_upgraded":3,"win_rate":0.0,"timestamp":1609491220,"path_taken":["M","$","?","M","M","R","E","M","T","M","M","M","M","?","R","BOSS","M","?","?","$","?","R","M","R","T","M","R","E","?","?","R","BOSS","M","?","HB","M","?","R","?","$","T","R","M","M","?","E"],"items_purchased_type":["Card","Relic","Card","Relic","Relic"],"build_version":"2020-12-22","purchased_purges":0,"victory":false,"max_hp_per_floor":[70,70,70,70,70,70,70,70,70,70,70,70,70,70,70,70,70,70,70,70,77,77,77,77,77,77,77,77,77,77,77,77,77,77,77,70,35,35,35,35,35,35,35,35,35,35,35,35,35],"card_choices":[{"not_picked":["theMarked:WastefulAttack","theMarked:ResourceFulStrike"],"picked":"theMarked:Parry","floor":0},{"not_picked":["theMarked:ResourceFulStrike","theMarked:TwofoldDefense"],"picked":"theMarked:EmpowerWeapon","floor":1},{"not_picked":["theMarked:TwofoldDefense","theMarked:WastefulDefense"],"picked":"theMarked:RepellingDischarge","floor":4},{"not_picked":["theMarked:Improvise","theMarked:Overthink"],"picked":"theMarked:Indomitable","floor":5},{"not_picked":["theMarked:UnarmedFury","theMarked:TunnelVision"],"picked":"theMarked:CreepingChasm","floor":7},{"not_picked":["theMarked:ChainLightning","theMarked:Panic"],"picked":"theMarked:SwordAndMagic","floor":8},{"not_picked":["theMarked:WastefulAttack","theMarked:ElectricStrings"],"picked":"theMarked:SwordAndMagic","floor":10},{"not_picked":["theMarked:HeightenedSenses","theMarked:Parkour","theMarked:BanishingStrike"],"picked":"SKIP","floor":11},{"not_picked":["theMarked:CreepingChasm","theMarked:ContemptForTheProud"],"picked":"theMarked:ChainLightning","floor":12},{"not_picked":["theMarked:WastefulAttack","theMarked:Improvise"],"picked":"theMarked:Challenge","floor":13},{"not_picked":["theMarked:FavorableWinds","theMarked:MuscleMemory"],"picked":"theMarked:ChannelForce","floor":16},{"not_picked":["theMarked:ChainLightning","theMarked:Frustration","theMarked:BanishingWave"],"picked":"SKIP","floor":18},{"not_picked":["theMarked:DeterminationOfTheMarked","theMarked:Standoff","theMarked:ReduceFriction"],"picked":"SKIP","floor":22},{"not_picked":["theMarked:MaelstromOfLightning+1","theMarked:Parkour"],"picked":"theMarked:Electrocute+1","floor":24},{"not_picked":["theMarked:Generate","theMarked:ResourceFulStrike+1","theMarked:Parkour+1"],"picked":"SKIP","floor":27},{"not_picked":["theMarked:Seal","theMarked:ResourceFulStrike","theMarked:Indomitable+1"],"picked":"SKIP","floor":29},{"not_picked":["theMarked:Defy","theMarked:DispelDoubt"],"picked":"theMarked:SoldierForm","floor":33},{"not_picked":["theMarked:BanishingWave","theMarked:EnhanceMovement+1"],"picked":"theMarked:EmpowerWeapon+1","floor":35},{"not_picked":["theMarked:TwofoldDefense","theMarked:Parkour"],"picked":"theMarked:Aftermath","floor":38},{"not_picked":["theMarked:EmpowerWeapon+1","theMarked:KeepCalmAndFightOn","theMarked:AttractMetal"],"picked":"SKIP","floor":41},{"not_picked":["theMarked:TakeCover+1","theMarked:ChainLightning","theMarked:RepellingDischarge"],"picked":"SKIP","floor":45},{"not_picked":["theMarked:WastefulDefense","theMarked:WardOff","theMarked:RogueSparks+1"],"picked":"SKIP","floor":46}],"player_experience":403449,"relics_obtained":[{"floor":7,"key":"ShockBauble"},{"floor":9,"key":"Gremlin Horn"},{"floor":29,"key":"halation:OrihimeAndHikoboshiSamaAndTears"},{"floor":31,"key":"conspire:Dentures"},{"floor":43,"key":"Bronze Scales"}],"event_choices":[{"damage_healed":0,"gold_gain":0,"player_choice":"Grow","damage_taken":0,"max_hp_gain":0,"max_hp_loss":0,"event_name":"Living Wall","floor":3,"gold_loss":0,"cards_upgraded":["theMarked:Parry"]},{"damage_healed":0,"gold_gain":114,"player_choice":"GO ","damage_taken":10,"relics_obtained":[],"max_hp_gain":0,"max_hp_loss":0,"event_name":"betterSkull:BetterSkull","floor":19,"gold_loss":0,"cards_upgraded":[]},{"damage_healed":0,"gold_gain":0,"player_choice":"Upgraded","damage_taken":0,"max_hp_gain":0,"max_hp_loss":0,"event_name":"Upgrade Shrine","floor":20,"gold_loss":0,"cards_upgraded":["theMarked:Indomitable"]},{"damage_healed":0,"gold_gain":0,"player_choice":"Bet on Murderer","damage_taken":0,"max_hp_gain":0,"max_hp_loss":0,"event_name":"The Joust","floor":30,"gold_loss":50},{"damage_healed":0,"gold_gain":0,"player_choice":"Forge","damage_taken":0,"max_hp_gain":0,"max_hp_loss":0,"event_name":"Accursed Blacksmith","floor":39,"gold_loss":0,"cards_upgraded":["theMarked:Aftermath"]}],"is_beta":false,"boss_relics":[{"not_picked":["halation:Yufonium","vexMod:FluxCapacitor","Coffee Dripper"]},{"not_picked":["halation:Yufonium","vexMod:FluxCapacitor","Coffee Dripper"]}],"items_purged_floors":[],"is_endless":false,"potions_floor_spawned":[5,7,8,11,12,16,22,29,33,35,41,45],"killed_by":"Reptomancer","ascension_level":0}}