{"host":"2461dio7vetlq1z3","time":1609542727,"event":{"mods":["2.2 Compatiblity","AchievementEnabler","BaseMod","Better Third Choice","Friendly Minions","Minty Spire (QoL Compilation)","Relic Stats","Replay The Spire","Spicy Shops","StSLib","Waifu the Spire"],"gold_per_floor":[119,138,63,79,79,79,114,128,128,128,128,147,172,190,190,267,267,287,304,304,304,304,338,41,41,41,71,21,47,59,59,59,136,236,256,256,256],"floor_reached":36,"playtime":1519,"items_purged":["Strike_R","Strike_R"],"score":920,"play_id":"661c901a-f39a-4a55-bead-4b7f0fc32411","local_time":"20210102001207","is_ascension_mode":true,"campfire_choices":[{"data":"Armaments","floor":6,"key":"SMITH"},{"data":"Bash","floor":11,"key":"SMITH"},{"floor":15,"key":"REST"},{"data":"Immolate","floor":25,"key":"SMITH"},{"data":"True Grit","floor":32,"key":"SMITH"}],"circlet_count":0,"master_deck":["AscendersBane","Defend_R","Defend_R","Defend_R","Bash+1","Combust","ReplayTheSpireMod:Strike From Hell","Armaments+1","Immolate+1","Dark Embrace","Cleave","ReplayTheSpireMod:Strike From Hell","Metallicize","Feel No Pain","Fiend Fire","Shrug It Off","Flame Barrier","Power Through","Burning Pact","ReplayTheSpireMod:Strike From Hell","True Grit+1","Demonic Infusion"],"relics":["Ooze Armor","Lantern","Smiling Mask","StrikeDummy","Empty Cage","Ring of Fury","Ring of Searing","CaptainsWheel","Medical Kit","Replay:Bottled Flurry","ReplayTheSpireMod:Ninjato","Red Mask","Thread and Needle","Replay:Wanted Poster"],"acts_visited":["Exordium","TheCity","TheBeyond"],"potions_floor_usage":[7,13,16,27,33,33],"damage_taken":[{"damage":1,"enemies":"Cultist","floor":1,"turns":3},{"damage":1,"enemies":"2 Louse","floor":2,"turns":3},{"damage":11,"enemies":"Small Slimes","floor":4,"turns":3},{"damage":25,"enemies":"3 Sentries","floor":7,"turns":6},{"damage":0,"enemies":"Looter","floor":8,"turns":2},{"damage":3,"enemies":"3 Louse","floor":12,"turns":3},{"damage":6,"enemies":"Gremlin Nob","floor":13,"turns":3},{"damage":7,"enemies":"Large Slime","floor":14,"turns":3},{"damage":25,"enemies":"The Guardian","floor":16,"turns":13},{"damage":14,"enemies":"Chosen","floor":18,"turns":4},{"damage":1,"enemies":"2 Thieves","floor":19,"turns":3},{"damage":3,"enemies":"Gremlin Leader","floor":23,"turns":4},{"damage":10,"enemies":"Slavers","floor":27,"turns":2},{"damage":1,"enemies":"Masked Bandits","floor":29,"turns":2},{"damage":5,"enemies":"Centurion and Healer","floor":30,"turns":3},{"damage":5,"enemies":"Automaton","floor":33,"turns":6},{"damage":10,"enemies":"3 Shapes","floor":35,"turns":3},{"damage":4,"enemies":"3 Darklings","floor":36,"turns":3}],"seed_played":"1889314655293099469","potions_obtained":[{"floor":5,"key":"ColorlessPotion"},{"floor":5,"key":"SmokeBomb"},{"floor":7,"key":"Strength Potion"},{"floor":8,"key":"HeartOfIron"},{"floor":13,"key":"Elixir"},{"floor":16,"key":"Explosive Potion"},{"floor":19,"key":"Dexterity Potion"},{"floor":29,"key":"GamblersBrew"},{"floor":33,"key":"SkillPotion"}],"is_trial":false,"path_per_floor":["M","M","?","M","?","R","E","M","T","?","R","M","E","M","R","B",null,"M","M","?","?","?","E","$","R","T","E","$","?","M","T","R","B",null,"M","M"],"character_chosen":"IRONCLAD","items_purchased":["Burning Pact","Medical Kit"],"campfire_rested":1,"item_purchase_floors":[24,24],"current_hp_per_floor":[67,66,66,55,55,55,30,30,30,30,30,27,21,14,36,11,59,45,44,44,44,44,41,41,41,41,31,31,30,25,25,25,20,61,51,47,47],"gold":256,"neow_bonus":"BOSS_RELIC","is_daily":false,"chose_seed":false,"campfire_upgraded":4,"win_rate":0.0,"timestamp":1609542727,"path_taken":["M","M","?","M","?","R","E","?","T","?","R","M","E","M","R","BOSS","M","?","?","?","?","E","$","R","T","E","?","?","M","?","R","BOSS","M","M"],"items_purchased_type":["Card","Relic"],"build_version":"2020-12-22","purchased_purges":2,"victory":false,"max_hp_per_floor":[75,75,75,75,75,75,75,75,75,75,75,75,75,75,75,75,75,75,75,75,75,75,75,75,75,75,75,75,75,75,75,75,75,75,75,75,75],"relic_stats":{"counters":[18,69],"Smiling Mask":75,"Medical Kit":[5],"obtain_stats":[{"Lantern":7,"ReplayTheSpireMod:Ninjato":27,"Thread and Needle":31,"Smiling Mask":9,"Empty Cage":17,"Medical Kit":24,"Burning Blood":0,"Ring of Searing":21,"Replay:Wanted Poster":34,"CaptainsWheel":23,"Ooze Armor":0,"Ring of Fury":21,"Replay:Bottled Flurry":26,"Red Mask":29,"StrikeDummy":13},{"Lantern":4,"ReplayTheSpireMod:Ninjato":13,"Thread and Needle":15,"Smiling Mask":5,"Empty Cage":9,"Medical Kit":12,"Burning Blood":0,"Ring of Searing":11,"Replay:Wanted Poster":16,"CaptainsWheel":12,"Ooze Armor":0,"Ring of Fury":11,"Replay:Bottled Flurry":12,"Red Mask":14,"StrikeDummy":7},{"Lantern":15,"ReplayTheSpireMod:Ninjato":52,"Thread and Needle":57,"Smiling Mask":17,"Empty Cage":39,"Medical Kit":50,"Burning Blood":0,"Ring of Searing":46,"Replay:Wanted Poster":63,"CaptainsWheel":50,"Ooze Armor":0,"Ring of Fury":46,"Replay:Bottled Flurry":50,"Red Mask":54,"StrikeDummy":23}]},"card_choices":[{"not_picked":["Warcry","Heavy Blade"],"picked":"Combust","floor":1},{"not_picked":["Life Link","Entrench"],"picked":"ReplayTheSpireMod:Strike From Hell","floor":2},{"not_picked":["Anger","Second Wind"],"picked":"Armaments","floor":4},{"not_picked":["Twin Strike","Blood for Blood"],"picked":"Immolate","floor":7},{"not_picked":["Massacre","Heavy Blade"],"picked":"Dark Embrace","floor":8},{"not_picked":["Dark Embrace","Rage"],"picked":"ReplayTheSpireMod:Strike From Hell","floor":12},{"not_picked":["Massacre","Blood for Blood"],"picked":"Metallicize","floor":13},{"not_picked":["Shrug It Off","Thunderclap"],"picked":"Feel No Pain","floor":14},{"not_picked":["Feed","Immolate"],"picked":"Fiend Fire","floor":16},{"not_picked":["ReplayTheSpireMod:LeadingStrike","Flex"],"picked":"Shrug It Off","floor":18},{"not_picked":["Perfected Strike","Clothesline","Twin Strike"],"picked":"SKIP","floor":19},{"not_picked":["Perfected Strike","Clothesline","Twin Strike"],"picked":"SKIP","floor":19},{"not_picked":["Intimidate","Searing Blow+1"],"picked":"Power Through","floor":23},{"not_picked":["Hemogenesis","Rampage"],"picked":"ReplayTheSpireMod:Strike From Hell","floor":27},{"not_picked":["Sever Soul","Body Slam"],"picked":"True Grit","floor":30},{"not_picked":["Corruption","Double Tap"],"picked":"Demonic Infusion","floor":33},{"not_picked":["Twin Strike+1","Pommel Strike","Searing Blow+1"],"picked":"SKIP","floor":35}],"player_experience":1000664,"relics_obtained":[{"floor":7,"key":"Lantern"},{"floor":9,"key":"Smiling Mask"},{"floor":13,"key":"StrikeDummy"},{"floor":21,"key":"Ring of Fury"},{"floor":21,"key":"Ring of Searing"},{"floor":23,"key":"CaptainsWheel"},{"floor":26,"key":"Replay:Bottled Flurry"},{"floor":27,"key":"ReplayTheSpireMod:Ninjato"},{"floor":29,"key":"Red Mask"},{"floor":31,"key":"Thread and Needle"}],"event_choices":[{"cards_removed":["Strike_R"],"damage_healed":0,"gold_gain":0,"player_choice":"Card Removal","damage_taken":0,"max_hp_gain":0,"max_hp_loss":0,"event_name":"The Cleric","floor":3,"gold_loss":75},{"damage_healed":0,"gold_gain":0,"player_choice":"Got Potions","damage_taken":0,"max_hp_gain":0,"max_hp_loss":0,"event_name":"Lab","floor":5,"gold_loss":0},{"damage_healed":0,"gold_gain":0,"cards_transformed":["Strike_R"],"player_choice":"Transformed","damage_taken":0,"max_hp_gain":0,"max_hp_loss":0,"event_name":"Transmorgrifier","floor":10,"gold_loss":0,"cards_obtained":["Cleave"]},{"damage_healed":0,"gold_gain":0,"player_choice":"Ignored","damage_taken":0,"max_hp_gain":0,"max_hp_loss":0,"event_name":"The Mausoleum","floor":20,"gold_loss":0},{"damage_healed":0,"gold_gain":0,"player_choice":"Read","damage_taken":0,"max_hp_gain":0,"max_hp_loss":0,"event_name":"The Library","floor":22,"gold_loss":0,"cards_obtained":["Flame Barrier"]},{"damage_healed":0,"gold_gain":0,"player_choice":"Fought Bandits","damage_taken":0,"max_hp_gain":0,"max_hp_loss":0,"event_name":"Masked Bandits","floor":29,"gold_loss":0}],"is_beta":false,"boss_relics":[{"not_picked":["Abe\u0027s Treasure","Replay:Drink Me"],"picked":"Empty Cage"},{"not_picked":["Cursed Key","Snecko Eye"],"picked":"Replay:Wanted Poster"}],"items_purged_floors":[24,28],"is_endless":false,"potions_floor_spawned":[7,8,13,16,19,29,33],"killed_by":"3 Darklings","ascension_level":20}}