{"host":"wha9hktbkslqvblg","time":1609509819,"event":{"mods":["BaseMod","Colored Map","Minty Spire (QoL Compilation)","Relic Stats","SuperFastMode","everything is the same but u backflip on backflip"],"gold_per_floor":[112,37,37,57,29,68,68,104,104,129,143,159,159,159,159,253,253,268,5,5,26,26,26,26,64,87,131,131,145,145,183,183,279,279,292,310,310,329,353,387,387,428,474,474,497,512,536,575,575,575,575,575,575,125,168,168],"floor_reached":57,"playtime":1650,"items_purged":["Strike_R","Strike_R","Fire Breathing+1"],"score":3470,"play_id":"a065bae2-76dd-427d-8975-6c0ffae62c05","local_time":"20210101230339","is_ascension_mode":true,"campfire_choices":[{"data":"Body Slam","floor":7.0,"key":"SMITH"},{"data":"Second Wind","floor":15.0,"key":"SMITH"},{"data":"Evolve","floor":23.0,"key":"SMITH"},{"data":"Dark Embrace","floor":28.0,"key":"SMITH"},{"data":"Power Through","floor":30.0,"key":"SMITH"},{"floor":32.0,"key":"RECALL"},{"data":"Fire Breathing","floor":41.0,"key":"SMITH"},{"data":"Feel No Pain","floor":49.0,"key":"SMITH"},{"floor":53.0,"key":"REST"}],"circlet_count":0,"master_deck":["AscendersBane","Defend_R","Defend_R+1","Defend_R","Defend_R","Second Wind+1","Shrug It Off+1","Power Through+1","Evolve+1","Dark Embrace+1","Offering","Offering","Feel No Pain+1","Body Slam+1"],"relics":["Burning Blood","NeowsBlessing","Golden Idol","StrikeDummy","Orichalcum","War Paint","Sozu","Bag of Preparation","Vajra","Omamori","StoneCalendar","Empty Cage","Akabeko","Anchor","Red Skull","Lantern","Oddly Smooth Stone","Boot","Art of War"],"acts_visited":["Exordium","TheCity","TheBeyond","TheEnding"],"potions_floor_usage":[],"damage_taken":[{"damage":2.0,"enemies":"2 Louse","floor":1.0,"turns":2.0},{"damage":0.0,"enemies":"Jaw Worm","floor":4.0,"turns":1.0},{"damage":0.0,"enemies":"Gremlin Nob","floor":6.0,"turns":1.0},{"damage":27.0,"enemies":"3 Sentries","floor":8.0,"turns":14.0},{"damage":0.0,"enemies":"Small Slimes","floor":10.0,"turns":3.0},{"damage":0.0,"enemies":"2 Fungi Beasts","floor":11.0,"turns":4.0},{"damage":13.0,"enemies":"Exordium Wildlife","floor":12.0,"turns":4.0},{"damage":30.0,"enemies":"Slime Boss","floor":16.0,"turns":10.0},{"damage":0.0,"enemies":"Spheric Guardian","floor":18.0,"turns":4.0},{"damage":0.0,"enemies":"Chosen","floor":21.0,"turns":3.0},{"damage":20.0,"enemies":"Gremlin Leader","floor":25.0,"turns":6.0},{"damage":8.0,"enemies":"Book of Stabbing","floor":27.0,"turns":4.0},{"damage":16.0,"enemies":"Sentry and Sphere","floor":29.0,"turns":3.0},{"damage":12.0,"enemies":"Gremlin Leader","floor":31.0,"turns":5.0},{"damage":36.0,"enemies":"Collector","floor":33.0,"turns":8.0},{"damage":6.0,"enemies":"Orb Walker","floor":35.0,"turns":2.0},{"damage":6.0,"enemies":"3 Darklings","floor":36.0,"turns":2.0},{"damage":6.0,"enemies":"Maw","floor":38.0,"turns":5.0},{"damage":12.0,"enemies":"Jaw Worm Horde","floor":39.0,"turns":2.0},{"damage":6.0,"enemies":"Reptomancer","floor":40.0,"turns":2.0},{"damage":12.0,"enemies":"Giant Head","floor":42.0,"turns":3.0},{"damage":6.0,"enemies":"Spire Growth","floor":45.0,"turns":8.0},{"damage":6.0,"enemies":"3 Darklings","floor":46.0,"turns":4.0},{"damage":12.0,"enemies":"Transient","floor":47.0,"turns":6.0},{"damage":12.0,"enemies":"Reptomancer","floor":48.0,"turns":5.0},{"damage":12.0,"enemies":"Donu and Deca","floor":50.0,"turns":6.0},{"damage":12.0,"enemies":"Awakened One","floor":51.0,"turns":7.0},{"damage":6.0,"enemies":"Shield and Spear","floor":55.0,"turns":5.0},{"damage":12,"enemies":"The Heart","floor":56,"turns":7}],"seed_played":"-8125107923659397275","potions_obtained":[{"floor":4.0,"key":"BloodPotion"},{"floor":11.0,"key":"Fruit Juice"}],"is_trial":false,"path_per_floor":["M","$","?","M","$","E","R","E","T","M","M","M","?","?","R","B",null,"M","$","?","M","?","R","?","E","T","E","R","M","R","E","R","B",null,"M","M","?","M","M","E","R","E","T","?","M","M","M","E","R","B","B",null,"R","$","E","B",null],"character_chosen":"IRONCLAD","items_purchased":["Shrug It Off","Bag of Preparation","Oddly Smooth Stone","Boot"],"campfire_rested":1,"item_purchase_floors":[5,19,54,54],"current_hp_per_floor":[72,72,46,52,52,58,58,37,37,43,49,42,42,19,19,16,64,70,70,70,76,76,76,80,66,66,64,64,54,54,48,48,18,65,65,65,65,65,59,59,59,53,53,53,53,53,47,41,41,35,29,67,80,80,80,74],"gold":168,"neow_bonus":"THREE_ENEMY_KILL","is_daily":false,"chose_seed":false,"campfire_upgraded":7,"win_rate":0.0,"timestamp":1609509819,"path_taken":["M","$","?","M","$","E","R","E","T","M","M","M","?","?","R","BOSS","M","$","?","M","?","R","?","E","T","E","R","M","R","E","R","BOSS","M","M","?","M","?","E","R","E","T","?","M","M","M","E","R","BOSS","BOSS","R","$","E","BOSS"],"items_purchased_type":["Card","Relic","Relic","Relic"],"build_version":"2020-12-22","purchased_purges":3,"victory":true,"max_hp_per_floor":[75,75,75,75,75,75,75,75,75,75,75,75,75,75,75,80,80,80,80,80,80,80,80,80,80,80,80,80,80,80,80,80,80,80,80,80,80,80,80,80,80,80,80,80,80,80,80,80,80,80,80,80,80,80,80,80],"relic_stats":{"Sozu":9,"counters":[29,136],"Golden Idol":220,"StoneCalendar":[141],"Bag of Preparation":[40],"Art of War":[0],"Orichalcum":[24],"War Paint":["Shrug It Off","Defend_R"],"Boot":[0],"obtain_stats":[{"Lantern":48,"NeowsBlessing":0,"Golden Idol":3,"Vajra":25,"Oddly Smooth Stone":54,"StoneCalendar":31,"Bag of Preparation":19,"Omamori":27,"Orichalcum":8,"War Paint":9,"Empty Cage":34,"Boot":54,"Burning Blood":0,"Akabeko":40,"Sozu":17,"Anchor":42,"Art of War":55,"StrikeDummy":6,"Red Skull":43},{"Lantern":25,"NeowsBlessing":0,"Golden Idol":1,"Vajra":11,"Oddly Smooth Stone":27,"StoneCalendar":14,"Bag of Preparation":9,"Omamori":12,"Orichalcum":4,"War Paint":4,"Empty Cage":15,"Boot":27,"Burning Blood":0,"Akabeko":20,"Sozu":8,"Anchor":21,"Art of War":28,"StrikeDummy":3,"Red Skull":21},{"Lantern":111,"NeowsBlessing":0,"Golden Idol":2,"Vajra":52,"Oddly Smooth Stone":124,"StoneCalendar":64,"Bag of Preparation":43,"Omamori":56,"Orichalcum":18,"War Paint":18,"Empty Cage":72,"Boot":124,"Burning Blood":0,"Akabeko":85,"Sozu":39,"Anchor":88,"Art of War":129,"StrikeDummy":4,"Red Skull":88}],"Burning Blood":174},"card_choices":[{"not_picked":["Anger","Sentinel"],"picked":"Second Wind","floor":1.0},{"not_picked":["Sword Boomerang","Hemokinesis"],"picked":"Body Slam","floor":4.0},{"not_picked":["Heavy Blade","Anger"],"picked":"Power Through","floor":6.0},{"not_picked":["Impervious","Ghostly Armor","Searing Blow"],"picked":"SKIP","floor":8.0},{"not_picked":["Clash","Shrug It Off"],"picked":"Evolve","floor":10.0},{"not_picked":["Pommel Strike","Headbutt","Seeing Red"],"picked":"SKIP","floor":11.0},{"not_picked":["True Grit","Hemokinesis","Intimidate"],"picked":"SKIP","floor":12.0},{"not_picked":["Burning Pact","Cleave"],"picked":"Fire Breathing","floor":18.0},{"not_picked":["Burning Pact","Entrench","Dropkick"],"picked":"SKIP","floor":21.0},{"not_picked":["Blood for Blood","Anger","Iron Wave+1"],"picked":"SKIP","floor":25.0},{"not_picked":["Whirlwind","True Grit+1"],"picked":"Dark Embrace","floor":27.0},{"not_picked":["Rage+1","Perfected Strike","Seeing Red"],"picked":"SKIP","floor":29.0},{"not_picked":["True Grit","Immolate","Iron Wave"],"picked":"SKIP","floor":31.0},{"not_picked":["Fiend Fire","Exhume"],"picked":"Offering","floor":33.0},{"not_picked":["Second Wind","Evolve","Iron Wave"],"picked":"SKIP","floor":35.0},{"not_picked":["Thunderclap","Clothesline","Cleave"],"picked":"SKIP","floor":36.0},{"not_picked":["Corruption","Wild Strike+1","Sword Boomerang"],"picked":"SKIP","floor":38.0},{"not_picked":["Shrug It Off+1","Anger+1","Spot Weakness"],"picked":"SKIP","floor":39.0},{"not_picked":["Searing Blow","Disarm","Cleave"],"picked":"SKIP","floor":40.0},{"not_picked":["Anger+1","Heavy Blade","Iron Wave"],"picked":"SKIP","floor":42.0},{"not_picked":["Fire Breathing","Heavy Blade","Reckless Charge"],"picked":"SKIP","floor":45.0},{"not_picked":["Anger+1","Flex+1"],"picked":"Feel No Pain","floor":46.0},{"not_picked":["Reaper","Cleave+1","Hemokinesis"],"picked":"SKIP","floor":47.0},{"not_picked":["True Grit+1","Anger+1","Blood for Blood+1"],"picked":"SKIP","floor":48.0},{"not_picked":["True Grit","Dropkick","Rupture"],"picked":"SKIP","floor":55.0}],"player_experience":920500,"relics_obtained":[{"floor":6.0,"key":"StrikeDummy"},{"floor":8.0,"key":"Orichalcum"},{"floor":9.0,"key":"War Paint"},{"floor":25.0,"key":"Vajra"},{"floor":27.0,"key":"Omamori"},{"floor":31.0,"key":"StoneCalendar"},{"floor":40.0,"key":"Akabeko"},{"floor":42.0,"key":"Anchor"},{"floor":43.0,"key":"Red Skull"},{"floor":48.0,"key":"Lantern"},{"floor":55.0,"key":"Art of War"}],"event_choices":[{"damage_healed":0.0,"max_hp_gain":0.0,"max_hp_loss":0.0,"gold_gain":0.0,"event_name":"Golden Idol","player_choice":"Take Damage","floor":3.0,"gold_loss":0.0,"damage_taken":26.0,"relics_obtained":["Golden Idol"]},{"cards_removed":["Strike_R"],"damage_healed":0.0,"max_hp_gain":0.0,"max_hp_loss":0.0,"gold_gain":0.0,"event_name":"Living Wall","player_choice":"Forget","floor":13.0,"gold_loss":0.0,"damage_taken":0.0},{"damage_healed":0.0,"max_hp_gain":0.0,"max_hp_loss":0.0,"gold_gain":0.0,"event_name":"Shining Light","player_choice":"Entered Light","floor":14.0,"gold_loss":0.0,"damage_taken":23.0,"cards_upgraded":["Strike_R","Strike_R"]},{"cards_removed":["Strike_R"],"damage_healed":0.0,"max_hp_gain":0.0,"max_hp_loss":0.0,"gold_gain":0.0,"event_name":"Back to Basics","player_choice":"Elegance","floor":20.0,"gold_loss":0.0,"damage_taken":0.0},{"damage_healed":0.0,"max_hp_gain":0.0,"max_hp_loss":0.0,"gold_gain":0.0,"event_name":"The Mausoleum","player_choice":"Ignored","floor":22.0,"gold_loss":0.0,"damage_taken":0.0},{"damage_healed":16.0,"max_hp_gain":0.0,"max_hp_loss":0.0,"gold_gain":0.0,"event_name":"The Library","player_choice":"Heal","floor":24.0,"gold_loss":0.0,"damage_taken":0.0},{"damage_healed":0.0,"max_hp_gain":0.0,"max_hp_loss":0.0,"gold_gain":0.0,"event_name":"Duplicator","player_choice":"Copied","floor":37.0,"gold_loss":0.0,"damage_taken":0.0,"cards_obtained":["Offering"]},{"cards_removed":["Body Slam"],"damage_healed":0.0,"max_hp_gain":0.0,"max_hp_loss":0.0,"gold_gain":0.0,"event_name":"Falling","player_choice":"Removed Attack","floor":44.0,"gold_loss":0.0,"damage_taken":0.0}],"is_beta":false,"boss_relics":[{"not_picked":["Astrolabe","Runic Cube"],"picked":"Sozu"},{"not_picked":["Coffee Dripper","SacredBark"],"picked":"Empty Cage"}],"items_purged_floors":[2,19,54],"is_endless":false,"potions_floor_spawned":[4,11,18,21,29,33,35,36,40,45,46],"ascension_level":20}}