{"host":"czyrp3agadxx2eka","time":1609462616,"event":{"mods":["Bard","BaseMod","Beaked The Cultist","BetterRewards","Colored Map","Downfall","Hermit","Hubris","Infinite Spire","Marisa????????","Minty Spire (QoL Compilation)","Replay The Spire","Shop Mod","StSLib","The Construct","The Cursed","The Elementalist","The Runesmith","TheBandit"],"gold_per_floor":[115,128,138,150,6,6,25,25,48,48,64,64,64,98,98,202,202,220,232,232,248,262,262,273,273,273],"floor_reached":25,"playtime":2803,"items_purged":[],"score":207,"play_id":"2c048989-9e06-4e82-aca3-9ea16ef8465f","local_time":"20201231225656","is_ascension_mode":false,"campfire_choices":[{"data":"construct:FlameCore","floor":6,"key":"SMITH"},{"data":"construct:FlameCore","floor":8,"key":"SMITH"},{"data":"construct:ElectricArmor","floor":12,"key":"SMITH"},{"data":"construct:OmegaCannon","floor":15,"key":"SMITH"},{"floor":23,"key":"REST"}],"circlet_count":0,"master_deck":["construct:Strike_Gold","construct:Strike_Gold","construct:Strike_Gold","construct:Strike_Gold","construct:Strike_Gold","construct:Defend_Gold","construct:Defend_Gold+1","construct:Defend_Gold","construct:Defend_Gold","construct:Defend_Gold","construct:AttackMode","construct:DefenseMode+1","construct:Tumble+1","construct:FlameCore+1","construct:FlameCore+1","construct:ElectricArmor+1","construct:ModeShift","construct:OmegaCannon+1","construct:Autoturret+1","construct:Autoturret+1","construct:HeavyBolt+1","construct:FlameCore"],"relics":["construct:Cogwheel","DollysMirror","Vajra","Bronze Scales","ReplayTheSpireMod:Ninjato","Velvet Choker"],"acts_visited":["Exordium","TheCity"],"potions_floor_usage":[16,16,24],"damage_taken":[{"damage":0,"enemies":"2 Louse","floor":1,"turns":4},{"damage":1,"enemies":"Jaw Worm","floor":2,"turns":4},{"damage":0,"enemies":"Small Slimes","floor":3,"turns":5},{"damage":3,"enemies":"Red Slaver","floor":4,"turns":4},{"damage":2,"enemies":"Exordium Wildlife","floor":7,"turns":8},{"damage":5,"enemies":"2 Fungi Beasts","floor":11,"turns":4},{"damage":25,"enemies":"Gremlin Nob","floor":14,"turns":3},{"damage":23,"enemies":"Hexaghost","floor":16,"turns":11},{"damage":1,"enemies":"Chosen","floor":18,"turns":4},{"damage":16,"enemies":"2 Thieves","floor":19,"turns":5},{"damage":30,"enemies":"3 Cultists","floor":21,"turns":5},{"damage":31,"enemies":"Chosen and Byrds","floor":22,"turns":5},{"damage":30,"enemies":"Snecko","floor":24,"turns":5},{"damage":2,"enemies":"Replay:Snechameleon","floor":25,"turns":1}],"seed_played":"6704307644328642315","potions_obtained":[{"floor":1,"key":"Weak Potion"},{"floor":7,"key":"champ:CounterPotion"},{"floor":11,"key":"SkillPotion"},{"floor":22,"key":"Guardian:BlockOnCardUsePotion"},{"floor":24,"key":"Fire Potion"}],"is_trial":false,"path_per_floor":["M","M","M","M","$","R","M","R","T","?","M","R","?","E","R","B",null,"M","M","?","M","M","R","M","E"],"character_chosen":"THE_CONSTRUCT_MOD","items_purchased":["construct:Tumble+1","DollysMirror"],"campfire_rested":1,"item_purchase_floors":[0,5],"current_hp_per_floor":[85,84,84,81,81,81,79,79,79,62,57,57,57,32,32,9,85,84,68,68,38,7,32,2,0,0],"gold":273,"neow_bonus":"","is_daily":false,"chose_seed":false,"campfire_upgraded":4,"win_rate":0.0,"timestamp":1609462616,"path_taken":["M","M","M","M","$","R","M","R","T","?","M","R","?","E","R","BOSS","M","M","?","M","?","R","M","E"],"items_purchased_type":["Card","Relic"],"build_version":"2020-12-22","purchased_purges":0,"victory":false,"max_hp_per_floor":[85,85,85,85,85,85,85,85,85,85,85,85,85,85,85,85,85,85,85,85,85,85,85,85,85,85],"card_choices":[{"not_picked":["construct:CripplingShot","construct:FocusedBeam"],"picked":"construct:FlameCore","floor":1},{"not_picked":["construct:ScrapCannon","construct:Backfire","construct:SyphonStrike"],"picked":"SKIP","floor":2},{"not_picked":["construct:SaveState","construct:SyphonStrike","construct:ShiftStrike"],"picked":"SKIP","floor":3},{"not_picked":["construct:CriticalHit","construct:Impenetrable","construct:Hazardproof"],"picked":"SKIP","floor":4},{"not_picked":["construct:Accumulate","construct:LaserCore"],"picked":"construct:ElectricArmor","floor":7},{"not_picked":["construct:QuickAttack","construct:ClusterMines"],"picked":"construct:ModeShift","floor":11},{"not_picked":["construct:Synchronize","construct:SuppressiveFire"],"picked":"construct:OmegaCannon","floor":14},{"not_picked":["construct:CriticalHit","construct:OmegaCannon+1"],"picked":"construct:Autoturret+1","floor":18},{"not_picked":["construct:PointDefense","construct:SweepLaser","construct:VentSteam"],"picked":"SKIP","floor":19},{"not_picked":["construct:FierceBash+1","construct:Failsafe+1"],"picked":"construct:HeavyBolt+1","floor":21},{"not_picked":["construct:Anticipate","construct:ShiftStrike+1"],"picked":"construct:FlameCore","floor":22},{"not_picked":["construct:Accumulate+1","construct:Failsafe","construct:Backfire"],"picked":"SKIP","floor":24}],"player_experience":32570,"relics_obtained":[{"floor":9,"key":"Vajra"},{"floor":14,"key":"ReplayTheSpireMod:Ninjato"}],"event_choices":[{"damage_healed":0,"gold_gain":0,"player_choice":"Entered Light","damage_taken":17,"max_hp_gain":0,"max_hp_loss":0,"event_name":"Shining Light","floor":10,"gold_loss":0,"cards_upgraded":["construct:Defend_Gold","construct:DefenseMode"]},{"damage_healed":0,"gold_gain":0,"player_choice":"Searched \u00271\u0027 times","damage_taken":0,"relics_obtained":["Bronze Scales"],"max_hp_gain":0,"max_hp_loss":0,"event_name":"Dead Adventurer","floor":13,"gold_loss":0},{"damage_healed":0,"gold_gain":0,"player_choice":"Copied","damage_taken":0,"max_hp_gain":0,"max_hp_loss":0,"event_name":"Duplicator","floor":20,"gold_loss":0,"cards_obtained":["construct:Autoturret"]}],"is_beta":false,"boss_relics":[{"not_picked":["Runic Pyramid","SlaversCollar"],"picked":"Velvet Choker"}],"items_purged_floors":[],"is_endless":false,"potions_floor_spawned":[1,7,11,14,22,24],"killed_by":"Replay:Snechameleon","ascension_level":0}}