{"host":"6to8m083wj0ro91z","time":1609505861,"event":{"mods":["BaseMod","Better Third Choice","BetterRewards","CatGirl Mod","ChefMod","Friendly Minions","GungeonMod","Hubris","Mad Scientist","Marisa????????","Minty Spire (QoL Compilation)","Shade Mod","Spicy Shops","StSLib","The Blackbeard","The Death Knight","The Dragon Tamer","The Gatherer","The Marked","The Mystic","The Necromancer","The Servant 0.9.4"],"gold_per_floor":[114,38,58,58,74,105,105,140,214,239,253,269,269,286,286,382,382,400,424,451,471,491,523,523,555,582,582,598,644,644,684,684,791,791,818,122,150,194,194,194,225,271,297,297,317,337,372,399,399,404,404,404,45,70,75],"floor_reached":56,"playtime":2466,"items_purged":["DemoMod:Strike_Huntress","DemoMod:Strike_Huntress","DemoMod:Strike_Huntress"],"score":2276,"play_id":"77abcbb8-e43c-4eab-8625-ad8488bf3c50","local_time":"20210101135741","is_ascension_mode":true,"campfire_choices":[{"data":"Trip","floor":7,"key":"SMITH"},{"data":"DemoMod:ManualReload","floor":13,"key":"SMITH"},{"data":"DemoMod:RustySidearm","floor":15,"key":"SMITH"},{"data":"DemoMod:Roll","floor":24,"key":"SMITH"},{"data":"DemoMod:SuppressiveFire","floor":27,"key":"SMITH"},{"floor":32,"key":"RECALL"},{"data":"DemoMod:CrossBow","floor":40,"key":"SMITH"},{"data":"DemoMod:Defend_Huntress","floor":44,"key":"SMITH"},{"data":"DemoMod:Defend_Huntress","floor":49,"key":"SMITH"},{"data":"DemoMod:Defend_Huntress","floor":52,"key":"SMITH"}],"circlet_count":0,"master_deck":["DemoMod:Defend_Huntress+1","DemoMod:Defend_Huntress+1","DemoMod:Defend_Huntress+1","DemoMod:Defend_Huntress+1","DemoMod:Roll+1","DemoMod:ManualReload+1","DemoMod:RustySidearm+1","DemoMod:CrossBow+1","Trip+1","Dramatic Entrance+1","DemoMod:HuntsMan+1","DemoMod:HuntsMan+1","DemoMod:HungryBullets+1","DemoMod:FinishedGun+1","DemoMod:SuppressiveFire+1","DemoMod:ConditionalReflex+1","DemoMod:TableSutra+1","DemoMod:DoubleVision+1","DemoMod:HungryBullets+1"],"relics":["DemoMod:Dog","Meat on the Bone","PreservedInsect","DemoMod:Plus1Bullets","Molten Egg 2","Frozen Egg 2","Strawberry","Oddly Smooth Stone","Orichalcum","DemoMod:ClearGuonStone","DemoMod:ChaffGrenade","DemoMod:RiddleOfLead","Bronze Scales","Eternal Feather","Bag of Marbles","The Courier","DemoMod:Ammonomicon","DemoMod:BigBoy","hubris:TerracottaHorce","Du-Vu Doll","Vajra","Ginger","Lantern","Anchor","Blood Vial","Bottled Lightning","Nunchaku","War Paint","hubris:SlimyHat","DemoMod:CrisisStone"],"acts_visited":["Exordium","TheCity","TheBeyond","TheEnding"],"potions_floor_usage":[16,20,20,21,23,25,29,55,55],"damage_taken":[{"damage":0,"enemies":"Cultist","floor":1,"turns":2},{"damage":0,"enemies":"Small Slimes","floor":3,"turns":2},{"damage":0,"enemies":"Jaw Worm","floor":5,"turns":1},{"damage":0,"enemies":"Lagavulin","floor":6,"turns":5},{"damage":2,"enemies":"3 Sentries","floor":8,"turns":3},{"damage":0,"enemies":"Lagavulin","floor":10,"turns":4},{"damage":0,"enemies":"Blue Slaver","floor":11,"turns":3},{"damage":0,"enemies":"Looter","floor":12,"turns":1},{"damage":0,"enemies":"3 Louse","floor":14,"turns":1},{"damage":0,"enemies":"Hexaghost","floor":16,"turns":6},{"damage":0,"enemies":"3 Byrds","floor":18,"turns":3},{"damage":0,"enemies":"Spheric Guardian","floor":19,"turns":1},{"damage":0,"enemies":"Snake Plant","floor":20,"turns":1},{"damage":0,"enemies":"Sentry and Sphere","floor":21,"turns":3},{"damage":0,"enemies":"Centurion and Healer","floor":22,"turns":2},{"damage":3,"enemies":"Gremlin Leader","floor":23,"turns":5},{"damage":14,"enemies":"Book of Stabbing","floor":25,"turns":2},{"damage":0,"enemies":"Snecko","floor":28,"turns":2},{"damage":0,"enemies":"Slavers","floor":29,"turns":2},{"damage":0,"enemies":"Shelled Parasite and Fungi","floor":31,"turns":4},{"damage":21,"enemies":"hubris:MusketHawk","floor":33,"turns":5},{"damage":0,"enemies":"3 Darklings","floor":35,"turns":2},{"damage":28,"enemies":"3 Shapes","floor":37,"turns":5},{"damage":0,"enemies":"Jaw Worm Horde","floor":38,"turns":2},{"damage":5,"enemies":"4 Shapes","floor":41,"turns":3},{"damage":0,"enemies":"Reptomancer","floor":42,"turns":2},{"damage":0,"enemies":"Spire Growth","floor":45,"turns":2},{"damage":0,"enemies":"Sphere and 2 Shapes","floor":46,"turns":2},{"damage":0,"enemies":"Giant Head","floor":47,"turns":3},{"damage":0,"enemies":"Transient","floor":48,"turns":5},{"damage":2,"enemies":"Time Eater","floor":50,"turns":7},{"damage":6,"enemies":"Shield and Spear","floor":54,"turns":3},{"damage":4,"enemies":"The Heart","floor":55,"turns":9}],"seed_played":"7354121407946452553","potions_obtained":[{"floor":3,"key":"GamblersBrew"},{"floor":5,"key":"DuplicationPotion"},{"floor":8,"key":"Weak Potion"},{"floor":18,"key":"Fire Potion"},{"floor":20,"key":"SpeedPotion"},{"floor":22,"key":"Strength Potion"},{"floor":23,"key":"FearPotion"},{"floor":25,"key":"Dexterity Potion"},{"floor":38,"key":"SpeedPotion"},{"floor":41,"key":"SpeedPotion"},{"floor":48,"key":"SkillPotion"}],"is_trial":false,"path_per_floor":["M","$","M","?","M","E","R","E","T","E","M","M","R","M","R","B",null,"M","M","M","M","M","E","R","E","T","R","M","E","?","?","R","B",null,"M","$","M","M","?","R","M","E","T","R","M","M","E","M","R","B",null,"R","$","E","B",null],"character_chosen":"HUNTRESS","items_purchased":["Meat on the Bone","PreservedInsect","DemoMod:Plus1Bullets","Molten Egg 2","Frozen Egg 2","Trip","Strawberry","Oddly Smooth Stone","Du-Vu Doll","Vajra","Ginger","Lantern","Nunchaku","War Paint","hubris:SlimyHat"],"campfire_rested":0,"item_purchase_floors":[0,0,0,0,0,0,0,2,36,36,36,36,53,53,53],"current_hp_per_floor":[47,47,47,47,47,47,47,45,45,45,45,45,45,45,45,45,87,87,87,87,87,87,84,84,70,70,79,79,79,79,79,87,66,82,82,82,54,54,54,63,58,58,58,67,69,71,73,75,84,84,86,87,87,81,79],"gold":75,"neow_bonus":"","is_daily":false,"chose_seed":false,"campfire_upgraded":9,"win_rate":0.0,"timestamp":1609505861,"path_taken":["M","$","?","?","M","E","R","E","T","E","M","M","R","M","R","BOSS","M","M","?","M","M","E","R","E","T","R","M","E","?","?","R","BOSS","M","$","M","M","?","R","M","E","T","R","M","M","E","M","R","BOSS","R","$","E","BOSS"],"items_purchased_type":["Relic","Relic","Relic","Relic","Relic","Card","Relic","Relic","Relic","Relic","Relic","Relic","Relic","Relic","Relic"],"build_version":"2020-12-22","purchased_purges":3,"victory":true,"max_hp_per_floor":[77,77,77,77,77,77,77,77,77,77,77,77,77,77,77,77,87,87,87,87,87,87,87,87,87,87,87,87,87,87,87,87,87,87,87,87,87,87,87,87,87,87,87,87,87,87,87,87,87,87,87,87,87,87,87],"card_choices":[{"not_picked":["DemoMod:PracticeMakesPerfect","DemoMod:PotionOfGunFriendShip"],"picked":"DemoMod:HuntsMan+1","floor":1},{"not_picked":["DemoMod:AC15+1","DemoMod:ConditionalReflex"],"picked":"DemoMod:HuntsMan+1","floor":3},{"not_picked":["DemoMod:GunShield","DemoMod:ConditionalReflex"],"picked":"DemoMod:HungryBullets+1","floor":5},{"not_picked":["DemoMod:PotionOfGunFriendShip","DemoMod:ChanceBullets+1","DemoMod:Elimentaler+1"],"picked":"SKIP","floor":6},{"not_picked":["DemoMod:BulletBore+1","DemoMod:Ejector","DemoMod:TeaPot+1"],"picked":"SKIP","floor":6},{"not_picked":["DemoMod:Unmoved","DemoMod:StickyCrossBow+1","DemoMod:FastSwitch"],"picked":"SKIP","floor":8},{"not_picked":["DemoMod:StrategicReserve","DemoMod:BattleInHaste","DemoMod:SpreadAmmo"],"picked":"SKIP","floor":10},{"not_picked":["DemoMod:TripleGun+1","DemoMod:Evolver","DemoMod:FastSwitch"],"picked":"SKIP","floor":11},{"not_picked":["DemoMod:FastSwitch","DemoMod:ZorGun+1","DemoMod:SAA+1"],"picked":"SKIP","floor":11},{"not_picked":["DemoMod:PotionOfGunFriendShip","DemoMod:ProbeStrike+1","DemoMod:MegaHand+1"],"picked":"SKIP","floor":12},{"not_picked":["DemoMod:SAA+1","DemoMod:DirectionalPad+1","DemoMod:TripleGun+1"],"picked":"SKIP","floor":14},{"not_picked":["DemoMod:Slinger+1","DemoMod:BSG+1"],"picked":"DemoMod:FinishedGun+1","floor":16},{"not_picked":["DemoMod:Behold!","DemoMod:BlackHoleGun+1"],"picked":"DemoMod:SuppressiveFire","floor":16},{"not_picked":["DemoMod:JK47+1","DemoMod:SAA+1","DemoMod:LifeOrb+1"],"picked":"SKIP","floor":18},{"not_picked":["DemoMod:StickyCrossBow+1","DemoMod:Replace","DemoMod:PotionOfGunFriendShip"],"picked":"SKIP","floor":19},{"not_picked":["DemoMod:Unmoved","DemoMod:Replace","DemoMod:AC15+1"],"picked":"SKIP","floor":20},{"not_picked":["DemoMod:GunstockTap+1","DemoMod:PracticeMakesPerfect","DemoMod:Ejector+1"],"picked":"SKIP","floor":21},{"not_picked":["DemoMod:Casey+1","DemoMod:StrategicReserve"],"picked":"DemoMod:ConditionalReflex+1","floor":22},{"not_picked":["DemoMod:BattleInHaste","DemoMod:BlankBullets+1","DemoMod:JK47+1"],"picked":"SKIP","floor":23},{"not_picked":["DemoMod:ChanceBullets+1","DemoMod:Unity+1","DemoMod:GunstockTap+1"],"picked":"SKIP","floor":25},{"not_picked":["DemoMod:Ejector+1","DemoMod:Unmoved","DemoMod:BattleInHaste"],"picked":"SKIP","floor":28},{"not_picked":["DemoMod:BSG+1","DemoMod:Casey+1","DemoMod:Replace"],"picked":"SKIP","floor":29},{"not_picked":["DemoMod:FeignSurrender+1","DemoMod:HuntsMan+1"],"picked":"DemoMod:TableSutra+1","floor":31},{"not_picked":["DemoMod:BlankBullets+1","DemoMod:BlackHoleGun+1"],"picked":"DemoMod:DoubleVision","floor":33},{"not_picked":["DemoMod:BoxingGlove+1","DemoMod:ChanceBullets+1","DemoMod:AC15+1"],"picked":"SKIP","floor":35},{"not_picked":["DemoMod:ZorGun+1","DemoMod:GunShield+1","DemoMod:BoxingGlove+1"],"picked":"SKIP","floor":37},{"not_picked":["DemoMod:BoxingGlove+1","DemoMod:SAA+1","DemoMod:Unmoved"],"picked":"SKIP","floor":38},{"not_picked":["DemoMod:HighKaliber+1","DemoMod:BattleInHaste+1","DemoMod:Replace"],"picked":"SKIP","floor":41},{"not_picked":["DemoMod:ChanceBullets+1","DemoMod:AbyssalTentacle+1","DemoMod:DoubleSwitch"],"picked":"SKIP","floor":42},{"not_picked":["DemoMod:MegaHand+1","DemoMod:FastSwitch+1","DemoMod:PotionOfGunFriendShip"],"picked":"SKIP","floor":45},{"not_picked":["DemoMod:StickyCrossBow+1","DemoMod:PotionOfGunFriendShip+1","DemoMod:StrategicReserve"],"picked":"SKIP","floor":46},{"not_picked":["DemoMod:EasyReloadBullets+1","DemoMod:Camera+1","DemoMod:Replace"],"picked":"SKIP","floor":47},{"not_picked":["DemoMod:Camera+1","DemoMod:EasyReloadBullets+1","DemoMod:GunstockTap+1"],"picked":"SKIP","floor":48},{"not_picked":["DemoMod:FastSwitch","DemoMod:Replace"],"picked":"DemoMod:HungryBullets+1","floor":54}],"player_experience":1073380,"relics_obtained":[{"floor":6,"key":"Orichalcum"},{"floor":8,"key":"DemoMod:ClearGuonStone"},{"floor":10,"key":"DemoMod:ChaffGrenade"},{"floor":23,"key":"Bronze Scales"},{"floor":25,"key":"Eternal Feather"},{"floor":26,"key":"Bag of Marbles"},{"floor":29,"key":"The Courier"},{"floor":31,"key":"DemoMod:BigBoy"},{"floor":42,"key":"Anchor"},{"floor":43,"key":"Blood Vial"},{"floor":47,"key":"Bottled Lightning"},{"floor":54,"key":"DemoMod:CrisisStone"}],"event_choices":[{"cards_removed":["OortCloud"],"damage_healed":0,"gold_gain":0,"player_choice":"Took Card","damage_taken":0,"max_hp_gain":0,"max_hp_loss":0,"event_name":"NoteForYourself","floor":4,"gold_loss":0,"cards_obtained":["OortCloud"]}],"is_beta":false,"boss_relics":[{"not_picked":["hubris:Backtick","SlaversCollar"],"picked":"DemoMod:RiddleOfLead"},{"not_picked":["Velvet Choker","Tiny House"],"picked":"hubris:TerracottaHorce"}],"items_purged_floors":[0,0,36],"is_endless":false,"potions_floor_spawned":[3,5,8,12,18,20,22,23,25,38,41,45,48,54],"ascension_level":6}}