{"host":"v1m5rkjj38qutr02","time":1609509980,"event":{"mods":["Act Like it!","BaseMod","Conspire","Gensokyo","GungeonMod","Hallownest","Minty Spire (QoL Compilation)","Replay The Spire","StSLib","The Bug Knight","Youmu£®ªÍ∆«—˝√Œ£©"],"gold_per_floor":[119,119,194,194,32,32,59,59,140,152,152,4,72,72,72],"floor_reached":14,"playtime":216,"items_purged":[],"score":153,"play_id":"c8aa1321-a5cd-4d60-bde2-f0018d51f9c3","local_time":"20210101220620","is_ascension_mode":true,"campfire_choices":[{"data":"Biased Cognition","floor":6.0,"key":"SMITH"},{"data":"FIFO Queue","floor":8.0,"key":"SMITH"}],"circlet_count":0,"master_deck":["Strike_B","Strike_B","Strike_B","Defend_B","Defend_B","Defend_B","Defend_B","Zap","Dualcast","Turbo","Aggregate+1","FIFO Queue+1","Biased Cognition+1","Thunder Strike","Self Repair","Turbo","ReplayTheSpireMod:Splinters","Cold Snap","Hologram"],"relics":["Cracked Core","NeowsBlessing","Smiling Mask","Quantum Egg","Anchor","Akabeko"],"acts_visited":["Exordium"],"potions_floor_usage":[14],"damage_taken":[{"damage":0.0,"enemies":"Small Slimes","floor":1.0,"turns":1.0},{"damage":0.0,"enemies":"3 Sentries","floor":7.0,"turns":1.0},{"damage":0.0,"enemies":"2 Louse","floor":10.0,"turns":1.0},{"damage":30,"enemies":"Gremlin Nob","floor":14,"turns":5}],"seed_played":"-7694425129405875227","potions_obtained":[{"floor":7.0,"key":"LiquidMemories"}],"is_trial":false,"path_per_floor":["M","?","?","?","$","R","E","R","T","M","?","$","?","E"],"character_chosen":"DEFECT","items_purchased":["Thunder Strike","Anchor"],"campfire_rested":0,"item_purchase_floors":[5,12],"current_hp_per_floor":[68,68,57,57,57,57,57,57,57,57,57,57,57,27,27],"gold":72,"neow_bonus":"THREE_ENEMY_KILL","is_daily":false,"chose_seed":false,"campfire_upgraded":2,"win_rate":0.0,"timestamp":1609509980,"path_taken":["M","?","?","?","$","R","E","R","T","?","?","?","?","E"],"items_purchased_type":["Card","Relic"],"build_version":"2020-12-22","purchased_purges":0,"victory":false,"max_hp_per_floor":[75,75,75,75,75,75,75,75,75,75,75,75,75,75,75],"card_choices":[{"not_picked":["Rebound","Panic Button"],"picked":"Turbo","floor":1.0},{"not_picked":["Stack","Beam Cell"],"picked":"Self Repair","floor":7.0},{"not_picked":["Crystallizer","Reinforced Body"],"picked":"Turbo","floor":10.0},{"not_picked":["Force Field","ReplayTheSpireMod:System Scan"],"picked":"Cold Snap","floor":13},{"not_picked":["Steam","Turbo"],"picked":"Hologram","floor":13}],"player_experience":394678,"relics_obtained":[{"floor":7.0,"key":"Smiling Mask"},{"floor":9.0,"key":"Quantum Egg"},{"floor":13,"key":"Akabeko"}],"event_choices":[{"damage_healed":0.0,"max_hp_gain":0.0,"max_hp_loss":0.0,"gold_gain":75.0,"event_name":"World of Goop","player_choice":"Gather Gold","floor":3.0,"gold_loss":0.0,"damage_taken":11.0},{"damage_healed":0.0,"max_hp_gain":0.0,"max_hp_loss":0.0,"gold_gain":0.0,"event_name":"Match and Keep!","player_choice":"2 cards matched","floor":4.0,"gold_loss":0.0,"damage_taken":0.0,"cards_obtained":["FIFO Queue","Biased Cognition"]},{"damage_healed":0.0,"max_hp_gain":0.0,"max_hp_loss":0.0,"gold_gain":0.0,"event_name":"Scrap Ooze","player_choice":"Fled","floor":11.0,"gold_loss":0.0,"damage_taken":0.0}],"is_beta":false,"boss_relics":[],"items_purged_floors":[],"is_endless":false,"potions_floor_spawned":[7],"killed_by":"Gremlin Nob","ascension_level":8}}