{"host":"8fjsnt81u6xsmhji","time":1609480524,"event":{"mods":["BaseMod","Beaked The Cultist","Colored Powertips","Downfall","Glutton Mod","Hermit","Minty Spire (QoL Compilation)","Quick Restart","StSLib","The Bug Knight","The Forsaken","The Hierophant","The Runesmith"],"gold_per_floor":[99,150,192,237,687,783,830,830,291,348,198,198,252,352,397,703,703,703,754,754],"floor_reached":19,"playtime":1025,"items_purged":[],"score":444,"play_id":"4cd9b863-09e1-424f-bc1d-744b41b0ff5f","local_time":"20201231235524","daily_mods":["Hoarder","Elite Swarm","Midas","Night Terrors","downfall:Hexed"],"is_ascension_mode":false,"campfire_choices":[{"floor":1,"key":"RECALL"},{"floor":11,"key":"REST"},{"floor":18,"key":"REST"}],"circlet_count":0,"master_deck":["Glutton:Strike","Glutton:Strike","Glutton:Strike","Glutton:Strike","Glutton:Strike","Glutton:Strike","Glutton:Defend+1","Glutton:Defend+1","Glutton:Defend","Glutton:Flail","Glutton:Misery","Glutton:Misery","Glutton:Misery","Glutton:Slam","Glutton:Slam","Glutton:Slam","Glutton:ToxicResidue","Glutton:ToxicResidue","Glutton:ToxicResidue","Slimebound:Icky","Slimebound:Icky","Slimebound:Icky","Slimebound:Icky","Slimebound:Icky","Slimebound:Icky","Slimebound:Icky","Slimebound:Icky","Slimebound:Icky","Glutton:EatAlive+1","Glutton:EatAlive","Glutton:EatAlive","Glutton:Thrombosis","Glutton:Thrombosis","Glutton:Thrombosis","expansioncontent:Corrupt","expansioncontent:Corrupt","expansioncontent:Corrupt","Glutton:ToxicResidue","Glutton:ToxicResidue","Glutton:ToxicResidue","Glutton:Malignancy+1","Glutton:Malignancy+1","Glutton:Malignancy+1","Glutton:Treat+1","Glutton:Treat+1","Glutton:Treat+1"],"relics":["Glutton:EternalHunger","Velvet Choker","War Paint","Matryoshka","downfall:HeartBlessingRed","downfall:HeartBlessingBlue","Toxic Egg 2","SlaversCollar"],"acts_visited":["Exordium","TheCity"],"potions_floor_usage":[9,16],"damage_taken":[{"damage":3,"enemies":"Small Slimes","floor":2,"turns":3},{"damage":7,"enemies":"2 Louse","floor":3,"turns":3},{"damage":9,"enemies":"Cultist","floor":4,"turns":3},{"damage":40,"enemies":"Lagavulin","floor":6,"turns":4},{"damage":19,"enemies":"downfall:FleeingMerchant","floor":9,"turns":4},{"damage":15,"enemies":"Large Slime","floor":10,"turns":2},{"damage":14,"enemies":"2 Fungi Beasts","floor":13,"turns":3},{"damage":15,"enemies":"Red Slaver","floor":15,"turns":2},{"damage":11,"enemies":"downfall:Watcher","floor":16,"turns":4},{"damage":28,"enemies":"Shell Parasite","floor":19,"turns":3}],"seed_played":"-2990047259855978809","potions_obtained":[{"floor":2,"key":"BlessingOfTheForge"},{"floor":6,"key":"DuplicationPotion"},{"floor":10,"key":"Fire Potion"},{"floor":15,"key":"SkillPotion"},{"floor":19,"key":"CultistPotion"}],"is_trial":true,"path_per_floor":["R","M","M","M","?","E","T","?","$","M","R","?","M","?","M","B",null,"R","M"],"character_chosen":"GLUTTON","items_purchased":["Matryoshka","Fruit Juice","expansioncontent:Corrupt"],"campfire_rested":2,"item_purchase_floors":[9,9,9],"current_hp_per_floor":[120,117,110,101,101,61,61,61,64,66,164,161,158,158,154,164,204,199,188,188],"gold":754,"neow_bonus":"","is_daily":false,"chose_seed":false,"campfire_upgraded":0,"win_rate":0.0,"timestamp":1609480524,"path_taken":["R","M","M","M","?","E","T","?","$","?","R","?","M","?","M","BOSS","R","M"],"items_purchased_type":["Relic","Potion","Card"],"build_version":"2020-12-22","purchased_purges":0,"victory":false,"max_hp_per_floor":[120,120,120,120,120,120,120,120,142,159,164,164,172,172,183,204,204,199,210,210],"card_choices":[{"not_picked":["Glutton:SelfFlagellate","Glutton:PainMeditation"],"picked":"Glutton:Misery","floor":2},{"not_picked":["Glutton:Profligacy","Glutton:Rest"],"picked":"Glutton:Slam","floor":3},{"not_picked":["Glutton:SelfFlagellate","Glutton:Salivate"],"picked":"Glutton:ToxicResidue","floor":4},{"not_picked":["Glutton:Megrim","Glutton:StarvationMode"],"picked":"Glutton:EatAlive","floor":6},{"not_picked":["Glutton:Regurgitate","Glutton:Rest"],"picked":"Glutton:Thrombosis","floor":9},{"not_picked":["Glutton:Rest","Glutton:SelfFlagellate","Glutton:ShedFat"],"picked":"SKIP","floor":10},{"not_picked":["Glutton:PainMeditation+1","Glutton:Rest+1"],"picked":"Glutton:ToxicResidue","floor":13},{"not_picked":["Glutton:Scab+1","Glutton:DecrepitStrike","Glutton:Regurgitate"],"picked":"SKIP","floor":15},{"not_picked":["Glutton:Excrescence","Glutton:Enfeeblement"],"picked":"Glutton:Malignancy+1","floor":16},{"not_picked":["Glutton:Masochism","Glutton:LashOut"],"picked":"Glutton:Treat+1","floor":19}],"player_experience":677135,"relics_obtained":[{"floor":6,"key":"War Paint"}],"event_choices":[{"damage_healed":0,"gold_gain":0,"player_choice":"Forge","damage_taken":0,"max_hp_gain":0,"max_hp_loss":0,"event_name":"Accursed Blacksmith","floor":8,"gold_loss":0,"cards_upgraded":["Glutton:EatAlive"]},{"damage_healed":0,"gold_gain":0,"player_choice":"Success","damage_taken":3,"relics_obtained":["Toxic Egg 2"],"max_hp_gain":0,"max_hp_loss":0,"event_name":"Scrap Ooze","floor":12,"gold_loss":0}],"is_beta":false,"boss_relics":[{"not_picked":["Fusion Hammer","theForsaken:PaleLantern"],"picked":"SlaversCollar"}],"items_purged_floors":[],"is_endless":false,"potions_floor_spawned":[2,6,10,13,15,19],"killed_by":"Shell Parasite","ascension_level":0}}