{"host":"t179ovrkr5k1gnfh","time":1609540419,"event":{"mods":["AchievementEnabler","BaseMod","Colored Map","Downfall","Minty Spire (QoL Compilation)","StSLib"],"gold_per_floor":[368,378,398,97,112,112,140,157,209,36,111,386,109,119,119,216,216,216,216,216,216,216,216,216,216,216,216,126,126,126,126,126,126,126,126,126,126,126,126,126,126,126,126,126,0,0,0,0,0,0,0,0,0,0,0,0,0],"floor_reached":55,"playtime":5107,"items_purged":["Slimebound:Defend_Slimebound","Slimebound:Strike_Slimebound","Regret"],"score":1107,"play_id":"30f6e7b6-88f4-4b4e-9add-4a0ab1da075f","local_time":"20210101233339","is_ascension_mode":true,"campfire_choices":[{"data":"Slimebound:FormOfPuddle","floor":6,"key":"SMITH"},{"data":"Slimebound:Split","floor":15,"key":"SMITH"},{"data":"Slimebound:GrowthPunch","floor":24,"key":"SMITH"},{"data":"Slimebound:SelfFormingGoo","floor":32,"key":"SMITH"},{"data":"Slimebound:Teamwork","floor":40,"key":"SMITH"},{"data":"Slimebound:LeechEnergy","floor":44,"key":"SMITH"},{"floor":49,"key":"RECALL"},{"data":"Slimebound:SlimeTap","floor":52,"key":"SMITH"}],"circlet_count":0,"master_deck":["Slimebound:Defend_Slimebound","Slimebound:Split+1","Slimebound:CorrosiveSpit+1","Slimebound:LeechEnergy+1","Slimebound:SplitMire+1","Slimebound:SlimeTap+1","Flash of Steel","Slimebound:FormOfPuddle+1","Slimebound:Recycling","Slimebound:GrowthPunch+1","Slimebound:LevelUp","Slimebound:SplitSpecialist","Slimebound:SelfFormingGoo+1","Slimebound:Recollect","Slimebound:RollThrough+1","Slimebound:SlimeBarrage","Slimebound:DisruptingSlam","Slimebound:Equalize","Slimebound:Teamwork+1","Slimebound:OneTwoCombo","Slimebound:MassRepurpose"],"relics":["Slimebound:AbsorbEndCombat","War Paint","Strawberry","Orichalcum","OrangePellets","Ectoplasm","Kunai","Whetstone","Omamori","Empty Cage","Slimebound:MaxSlimesRelic","Red Mask","Shuriken","Vajra"],"acts_visited":["Exordium","TheCity","TheBeyond","TheEnding"],"potions_floor_usage":[7,7,18,21,22,23,23,33,33,39,42,42,55],"damage_taken":[{"damage":8,"enemies":"Cultist","floor":1,"turns":4},{"damage":20,"enemies":"Small Slimes","floor":2,"turns":4},{"damage":15,"enemies":"Jaw Worm","floor":3,"turns":3},{"damage":8,"enemies":"Gremlin Gang","floor":5,"turns":3},{"damage":17,"enemies":"Gremlin Nob","floor":7,"turns":3},{"damage":15,"enemies":"Large Slime","floor":8,"turns":5},{"damage":5,"enemies":"3 Louse","floor":14,"turns":4},{"damage":27,"enemies":"Slime Boss","floor":16,"turns":7},{"damage":22,"enemies":"Shell Parasite","floor":18,"turns":4},{"damage":23,"enemies":"Chosen","floor":20,"turns":3},{"damage":33,"enemies":"Centurion and Healer","floor":21,"turns":4},{"damage":31,"enemies":"Snecko","floor":22,"turns":4},{"damage":29,"enemies":"Gremlin Leader","floor":23,"turns":5},{"damage":71,"enemies":"Slavers","floor":25,"turns":5},{"damage":25,"enemies":"Chosen and Byrds","floor":27,"turns":5},{"damage":25,"enemies":"Centurion and Healer","floor":29,"turns":4},{"damage":61,"enemies":"Automaton","floor":33,"turns":7},{"damage":25,"enemies":"Orb Walker","floor":35,"turns":3},{"damage":62,"enemies":"3 Darklings","floor":36,"turns":4},{"damage":37,"enemies":"Writhing Mass","floor":38,"turns":5},{"damage":30,"enemies":"Spire Growth","floor":39,"turns":5},{"damage":40,"enemies":"Giant Head","floor":41,"turns":6},{"damage":34,"enemies":"Jaw Worm Horde","floor":42,"turns":3},{"damage":65,"enemies":"Reptomancer","floor":46,"turns":4},{"damage":36,"enemies":"Transient","floor":48,"turns":5},{"damage":35,"enemies":"Time Eater","floor":50,"turns":9},{"damage":67,"enemies":"Shield and Spear","floor":54,"turns":5},{"damage":79,"enemies":"The Heart","floor":55,"turns":3}],"seed_played":"-1785411637229487213","potions_obtained":[{"floor":3,"key":"DistilledChaos"},{"floor":5,"key":"Dexterity Potion"},{"floor":7,"key":"champ:CounterPotion"},{"floor":8,"key":"Block Potion"},{"floor":16,"key":"LiquidMemories"},{"floor":21,"key":"Slimebound:SlimedPotion"},{"floor":22,"key":"Slimebound:SlimedPotion"},{"floor":27,"key":"GamblersBrew"},{"floor":29,"key":"CultistPotion"},{"floor":36,"key":"Weak Potion"},{"floor":39,"key":"Weak Potion"},{"floor":41,"key":"Dexterity Potion"},{"floor":46,"key":"SpeedPotion"}],"is_trial":false,"path_per_floor":["M","M","M","$","M","R","E","M","T","$","?","?","$","M","R","B",null,"M","?","M","M","M","E","R","E","T","M","?","M","?","?","R","B",null,"M","M","?","M","M","R","E","M","T","R","?","E","?","M","R","B",null,"R","$","E","B"],"character_chosen":"SLIMEBOUND","items_purchased":["War Paint","Flash of Steel","Slimebound:LevelUp","OrangePellets"],"campfire_rested":0,"item_purchase_floors":[4,4,10,13],"current_hp_per_floor":[43,31,30,30,36,36,44,53,53,53,53,53,53,58,58,67,67,67,67,66,63,64,61,61,24,24,33,33,44,44,44,44,39,60,67,47,47,56,66,66,67,67,67,67,67,32,26,50,50,61,66,66,66,38,0,0,0],"gold":0,"neow_bonus":"TWO_FIFTY_GOLD","is_daily":false,"chose_seed":false,"campfire_upgraded":7,"win_rate":0.0,"timestamp":1609540419,"path_taken":["M","M","M","$","?","R","E","M","T","$","?","?","$","?","R","BOSS","M","?","?","M","M","E","R","E","T","M","?","?","?","?","R","BOSS","M","M","?","?","M","R","E","M","T","R","?","E","?","?","R","BOSS","R","$","E","BOSS"],"items_purchased_type":["Relic","Card","Card","Relic"],"build_version":"2020-12-22","purchased_purges":3,"victory":false,"max_hp_per_floor":[60,60,60,60,60,60,67,67,67,67,67,67,67,67,67,67,67,67,67,67,67,67,67,67,67,67,67,67,67,67,67,67,67,67,67,67,67,67,67,67,67,67,67,67,67,67,67,67,67,67,67,67,67,67,67,67,67],"card_choices":[{"not_picked":["Slimebound:FormOfPuddle","Slimebound:Chomp"],"picked":"Slimebound:LeechEnergy","floor":1},{"not_picked":["Slimebound:FinishingTackle","Slimebound:SplitBruiser"],"picked":"Slimebound:SplitMire","floor":2},{"not_picked":["Slimebound:FinishingTackle","Slimebound:SlimeBrawl"],"picked":"Slimebound:SlimeTap","floor":3},{"not_picked":["Slimebound:LeechEnergy","Slimebound:ComboTackle"],"picked":"Slimebound:FormOfPuddle","floor":5},{"not_picked":["Slimebound:Schlurp","Slimebound:RollThrough"],"picked":"Slimebound:Recycling","floor":7},{"not_picked":["Slimebound:AcidTongue","Slimebound:SplitLeeching"],"picked":"Slimebound:GrowthPunch","floor":8},{"not_picked":["Slimebound:LeechEnergy","Slimebound:SplitLeeching"],"picked":"Slimebound:SplitSpecialist","floor":14},{"not_picked":["Slimebound:SlimeSlap","Slimebound:MassFeed"],"picked":"Slimebound:SelfFormingGoo","floor":16},{"not_picked":["Slimebound:HauntingLick","Slimebound:LivingWall","Slimebound:PressTheAttack"],"picked":"SKIP","floor":18},{"not_picked":["Slimebound:HauntingLick","Slimebound:LivingWall","Slimebound:PressTheAttack"],"picked":"SKIP","floor":18},{"not_picked":["Slimebound:SamplingLick","Slimebound:ComboTackle","Slimebound:Prepare"],"picked":"SKIP","floor":20},{"not_picked":["Slimebound:Schlurp","Slimebound:RainOfGoop+1","Slimebound:Gluttony"],"picked":"SKIP","floor":21},{"not_picked":["Slimebound:PressTheAttack","Slimebound:SlimeTap+1","Slimebound:HauntingLick"],"picked":"SKIP","floor":22},{"not_picked":["Slimebound:RollThrough","Slimebound:ViciousTackle+1"],"picked":"Slimebound:Recollect","floor":23},{"not_picked":["Slimebound:FinishingTackle","Slimebound:Replication","Slimebound:ForwardTackle+1"],"picked":"SKIP","floor":25},{"not_picked":["Slimebound:ViciousTackle","Slimebound:GoopTackle"],"picked":"Slimebound:RollThrough","floor":27},{"not_picked":["Slimebound:Equalize+1","Slimebound:SplitLeeching"],"picked":"Slimebound:SlimeBarrage","floor":29},{"not_picked":["Slimebound:Recycling","Slimebound:Darklings"],"picked":"Slimebound:Teamwork","floor":33},{"not_picked":["Slimebound:ViciousTackle","Slimebound:ComboTackle","Slimebound:GoopSpray"],"picked":"SKIP","floor":35},{"not_picked":["Slimebound:PrepareCrush","Slimebound:SplitAcid+1","Slimebound:ComboTackle"],"picked":"SKIP","floor":36},{"not_picked":["Slimebound:PressTheAttack","Slimebound:LeechEnergy+1","Slimebound:RollThrough"],"picked":"SKIP","floor":38},{"not_picked":["Slimebound:ViciousTackle+1","Slimebound:Prepare+1","Slimebound:RejuvenatingLick+1"],"picked":"SKIP","floor":39},{"not_picked":["Slimebound:GoopSpray+1","Slimebound:SplitAcid+1"],"picked":"Slimebound:OneTwoCombo","floor":41},{"not_picked":["Slimebound:FinishingTackle+1","Slimebound:SamplingLick","Slimebound:LeechingTouch"],"picked":"SKIP","floor":42},{"not_picked":["Slimebound:FinishingTackle+1","Slimebound:RejuvenatingLick+1","Slimebound:FlameTackle+1"],"picked":"SKIP","floor":46},{"not_picked":["Slimebound:GoopTackle+1","Slimebound:Prepare","Slimebound:RollThrough"],"picked":"SKIP","floor":48},{"not_picked":["Slimebound:OozeBath","Slimebound:CheckThePlaybook"],"picked":"Slimebound:MassRepurpose","floor":54}],"player_experience":189802,"relics_obtained":[{"floor":7,"key":"Strawberry"},{"floor":9,"key":"Orichalcum"},{"floor":23,"key":"Kunai"},{"floor":25,"key":"Whetstone"},{"floor":26,"key":"Omamori"},{"floor":41,"key":"Slimebound:MaxSlimesRelic"},{"floor":46,"key":"Shuriken"},{"floor":54,"key":"Vajra"}],"event_choices":[{"damage_healed":0,"gold_gain":275,"player_choice":"Desecrate","damage_taken":0,"max_hp_gain":0,"max_hp_loss":0,"event_name":"Golden Shrine","floor":12,"gold_loss":0,"cards_obtained":["Regret"]},{"damage_healed":0,"gold_gain":0,"cards_transformed":["Slimebound:Defend_Slimebound"],"player_choice":"Transformed","damage_taken":0,"max_hp_gain":0,"max_hp_loss":0,"event_name":"Transmorgrifier","floor":19,"gold_loss":0,"cards_obtained":["Slimebound:FlameTackle"]},{"cards_removed":["Slimebound:Strike_Slimebound"],"damage_healed":0,"gold_gain":0,"player_choice":"Upgrade and Remove","damage_taken":0,"max_hp_gain":0,"max_hp_loss":0,"event_name":"Designer","floor":28,"gold_loss":90,"cards_upgraded":["Slimebound:RollThrough"]},{"damage_healed":0,"gold_gain":0,"cards_transformed":["Slimebound:FlameTackle","Slimebound:Defend_Slimebound"],"player_choice":"Became Test Subject","damage_taken":0,"max_hp_gain":0,"max_hp_loss":0,"event_name":"Drug Dealer","floor":30,"gold_loss":0,"cards_obtained":["Slimebound:DisruptingSlam","Slimebound:Equalize"]},{"damage_healed":0,"gold_gain":0,"player_choice":"0 cards matched","damage_taken":0,"max_hp_gain":0,"max_hp_loss":0,"event_name":"Match and Keep!","floor":31,"gold_loss":0,"cards_obtained":[]},{"damage_healed":0,"gold_gain":0,"player_choice":"Ignored","damage_taken":0,"max_hp_gain":0,"max_hp_loss":0,"event_name":"SecretPortal","floor":37,"gold_loss":0},{"damage_healed":0,"gold_gain":0,"player_choice":"Paid","damage_taken":0,"relics_obtained":["Red Mask"],"max_hp_gain":0,"max_hp_loss":0,"event_name":"Tomb of Lord Red Mask","floor":45,"gold_loss":126},{"damage_healed":0,"gold_gain":0,"player_choice":"Damaged","damage_taken":6,"max_hp_gain":0,"max_hp_loss":0,"event_name":"Wheel of Change","floor":47,"gold_loss":0}],"is_beta":false,"boss_relics":[{"not_picked":["Velvet Choker","Pandora\u0027s Box"],"picked":"Ectoplasm"},{"not_picked":["Runic Dome","Fusion Hammer"],"picked":"Empty Cage"}],"items_purged_floors":[4,10,13],"is_endless":false,"potions_floor_spawned":[3,5,7,8,16,21,22,27,29,36,39,41,46],"killed_by":"The Heart","ascension_level":9}}