{"host":"gzsdmyo07u314vug","time":1609479879,"event":{"mods":["2.2 Compatiblity","BaseMod","Downfall","GifTheSpireLib","Minty Spire (QoL Compilation)","Quick Restart","Rare Cards Sparkle","Relic Stats","Replay The Spire","Shop Mod","StSLib","The Bug Knight","The Construct","The Elementalist","The Servant 0.9.4","Unceasing Turn Reminder","everything is the same but u backflip on backflip","slay the spire mod where everything is the same but ironclad has a cowboy hat","vexMod"],"gold_per_floor":[117,117,131,93,93,93,104,118,168,168,24,41,55,75,75,75,75],"floor_reached":16,"playtime":748,"items_purged":[],"score":155,"play_id":"37607dc9-5420-4b40-9c46-ccbb989b93c5","local_time":"20210101024439","is_ascension_mode":true,"campfire_choices":[{"data":"construct:PowerUp","floor":6,"key":"SMITH"},{"data":"construct:PowerUp+1","floor":10,"key":"SMITH"},{"data":"construct:PowerUp","floor":15,"key":"SMITH"}],"circlet_count":0,"master_deck":["AscendersBane","construct:Strike_Gold","construct:Strike_Gold","construct:Strike_Gold","construct:Strike_Gold","construct:Strike_Gold","construct:Defend_Gold","construct:Defend_Gold","construct:Defend_Gold","construct:Defend_Gold","construct:Defend_Gold","construct:AttackMode","construct:DefenseMode","construct:Boost","construct:PowerUp+2","construct:SuppressiveFire","construct:SweepLaser","Pot Of Greed","Pot Of Greed","construct:ForceCore","construct:PowerUp+1"],"relics":["construct:ClockworkPhoenix","NeowsBlessing","Smiling Mask","Grinning Jar"],"acts_visited":["Exordium"],"potions_floor_usage":[16],"damage_taken":[{"damage":0,"enemies":"Cultist","floor":1,"turns":1},{"damage":0,"enemies":"2 Louse","floor":3,"turns":1},{"damage":0,"enemies":"Jaw Worm","floor":7,"turns":1},{"damage":18,"enemies":"Red Slaver","floor":8,"turns":5},{"damage":9,"enemies":"Looter","floor":12,"turns":4},{"damage":11,"enemies":"3 Louse","floor":13,"turns":3},{"damage":6,"enemies":"Large Slime","floor":14,"turns":6},{"damage":38,"enemies":"Slime Boss","floor":16,"turns":15}],"seed_played":"-7409941826698044046","potions_obtained":[{"floor":7,"key":"sneckomod:MuddlingPotion"},{"floor":12,"key":"SmokeBomb"}],"is_trial":false,"path_per_floor":["M","?","M","$","?","R","M","M","T","R","$","M","M","M","R","B"],"character_chosen":"THE_CONSTRUCT_MOD","items_purchased":["construct:PowerUp","Grinning Jar"],"campfire_rested":0,"item_purchase_floors":[4,11],"current_hp_per_floor":[77,82,82,82,82,82,82,64,64,64,64,55,44,38,38,0,0],"gold":75,"neow_bonus":"THREE_ENEMY_KILL","is_daily":false,"chose_seed":false,"campfire_upgraded":3,"win_rate":0.0,"timestamp":1609479879,"path_taken":["M","?","M","$","?","R","M","?","T","R","$","M","M","M","R","BOSS"],"items_purchased_type":["Card","Relic"],"build_version":"2020-12-22","purchased_purges":0,"victory":false,"max_hp_per_floor":[85,90,90,90,90,90,90,90,90,90,90,90,90,90,90,90,90],"relic_stats":{"counters":[8,36],"Smiling Mask":0,"obtain_stats":[{"NeowsBlessing":0,"construct:ClockworkPhoenix":0,"Grinning Jar":11,"Smiling Mask":9},{"NeowsBlessing":0,"construct:ClockworkPhoenix":0,"Grinning Jar":4,"Smiling Mask":4},{"NeowsBlessing":0,"construct:ClockworkPhoenix":0,"Grinning Jar":8,"Smiling Mask":8}]},"card_choices":[{"not_picked":["construct:Versatility","construct:FocusedBeam"],"picked":"construct:Boost","floor":1},{"not_picked":["construct:Versatility","construct:FierceBash"],"picked":"construct:Backfire","floor":3},{"not_picked":["construct:ModeShift","construct:Autoturret"],"picked":"construct:SuppressiveFire","floor":7},{"not_picked":["construct:VentSteam","construct:Multistage"],"picked":"construct:SweepLaser","floor":8},{"not_picked":["construct:CripplingShot","construct:SuppressiveFire"],"picked":"construct:ForceCore","floor":12},{"not_picked":["construct:ModeShift","construct:Versatility"],"picked":"construct:PowerUp","floor":13},{"not_picked":["construct:SuppressiveFire","construct:FocusedBeam","construct:Accumulate"],"picked":"SKIP","floor":14}],"player_experience":625484,"relics_obtained":[{"floor":9,"key":"Smiling Mask"}],"event_choices":[{"damage_healed":0,"gold_gain":0,"player_choice":"Donut","damage_taken":0,"max_hp_gain":5,"max_hp_loss":0,"event_name":"Big Fish","floor":2,"gold_loss":0},{"cards_removed":["construct:Backfire"],"damage_healed":0,"gold_gain":0,"player_choice":"Purged","damage_taken":0,"max_hp_gain":0,"max_hp_loss":0,"event_name":"Purifier","floor":5,"gold_loss":0}],"is_beta":false,"boss_relics":[],"items_purged_floors":[],"is_endless":false,"potions_floor_spawned":[7,12],"killed_by":"Slime Boss","ascension_level":13}}