{"host":"m77rrhbqzv44va4v","time":1609521214,"event":{"mods":["AchievementEnabler","BaseMod","Colored Map","DeckTracker","Keyboard Shortcuts","Minty Spire (QoL Compilation)","StSLib","SuperFastMode","everything is the same but u backflip on backflip"],"gold_per_floor":[113,113,113,13,33,68,68,91,91,91,124,124,171,190,190,289,289,319,328,353,369,369,369],"floor_reached":22,"playtime":560,"items_purged":["Defend_R"],"score":435,"play_id":"3443296f-09a5-474b-8a52-5f81bfa1c7f9","local_time":"20210102021334","is_ascension_mode":true,"campfire_choices":[{"data":"Body Slam","floor":7,"key":"SMITH"},{"data":"Shrug It Off","floor":10,"key":"SMITH"},{"data":"Bash","floor":12,"key":"SMITH"},{"floor":15,"key":"REST"}],"circlet_count":0,"master_deck":["AscendersBane","Strike_R","Strike_R","Strike_R","Strike_R","Defend_R","Defend_R","Defend_R","Bash+1","Shrug It Off+1","Shrug It Off","Body Slam+1","Hemokinesis","Twin Strike","Uppercut","Fiend Fire","Battle Trance","Body Slam+1"],"relics":["Burning Blood","NeowsBlessing","Golden Idol","Tiny Chest","InkBottle","Toy Ornithopter","CeramicFish","Mark of Pain"],"acts_visited":["Exordium","TheCity"],"potions_floor_usage":[11,14,16],"damage_taken":[{"damage":0.0,"enemies":"Jaw Worm","floor":1.0,"turns":1.0},{"damage":0,"enemies":"Small Slimes","floor":5,"turns":1},{"damage":0,"enemies":"3 Sentries","floor":6,"turns":2},{"damage":2,"enemies":"Cultist","floor":8,"turns":3},{"damage":12,"enemies":"Gremlin Nob","floor":11,"turns":3},{"damage":46,"enemies":"3 Sentries","floor":13,"turns":10},{"damage":20,"enemies":"Exordium Thugs","floor":14,"turns":5},{"damage":34,"enemies":"Slime Boss","floor":16,"turns":10},{"damage":19,"enemies":"Shell Parasite","floor":18,"turns":5},{"damage":0,"enemies":"Chosen","floor":20,"turns":2},{"damage":32,"enemies":"Snecko","floor":21,"turns":5},{"damage":27,"enemies":"3 Cultists","floor":22,"turns":4}],"seed_played":"1253107774177342081","potions_obtained":[{"floor":1.0,"key":"ElixirPotion"},{"floor":8,"key":"AttackPotion"},{"floor":13,"key":"Energy Potion"},{"floor":14,"key":"DistilledChaos"},{"floor":18,"key":"ElixirPotion"}],"is_trial":false,"path_per_floor":["M","?","?","$","M","E","R","M","T","R","E","R","E","M","R","B",null,"M","?","M","M","M"],"character_chosen":"IRONCLAD","items_purchased":["Shrug It Off"],"campfire_rested":1,"item_purchase_floors":[4],"current_hp_per_floor":[74,48,48,48,54,60,60,64,64,64,58,58,18,9,31,8,58,45,45,51,25,0,0],"gold":369,"neow_bonus":"THREE_ENEMY_KILL","is_daily":false,"chose_seed":false,"campfire_upgraded":3,"win_rate":0.0,"timestamp":1609521214,"path_taken":["M","?","?","$","?","E","R","M","T","R","E","R","E","M","R","BOSS","M","?","M","M","M"],"items_purchased_type":["Card"],"build_version":"2020-12-22","purchased_purges":1,"victory":false,"max_hp_per_floor":[75,75,75,75,75,75,75,75,75,75,75,75,75,75,75,75,75,75,75,75,75,75,75],"card_choices":[{"not_picked":["Intimidate","Second Wind"],"picked":"Shrug It Off","floor":1.0},{"not_picked":["True Grit","Cleave"],"picked":"Body Slam","floor":5},{"not_picked":["Burning Pact","Iron Wave"],"picked":"Hemokinesis","floor":6},{"not_picked":["Twin Strike","Havoc","Heavy Blade"],"picked":"SKIP","floor":8},{"not_picked":["Whirlwind","Iron Wave"],"picked":"Twin Strike","floor":11},{"not_picked":["Armaments","Shrug It Off"],"picked":"Uppercut","floor":13},{"not_picked":["Warcry","Corruption","Twin Strike"],"picked":"SKIP","floor":14},{"not_picked":["Double Tap","Exhume"],"picked":"Fiend Fire","floor":16},{"not_picked":["Rage","Wild Strike"],"picked":"Battle Trance","floor":18},{"not_picked":["Body Slam","Havoc","Flex+1"],"picked":"SKIP","floor":20},{"not_picked":["Body Slam","Havoc","Clothesline"],"picked":"SKIP","floor":21}],"player_experience":867986,"relics_obtained":[{"floor":6,"key":"Tiny Chest"},{"floor":9,"key":"InkBottle"},{"floor":11,"key":"Toy Ornithopter"},{"floor":13,"key":"CeramicFish"}],"event_choices":[{"damage_healed":0,"gold_gain":0,"player_choice":"Take Damage","damage_taken":26,"relics_obtained":["Golden Idol"],"max_hp_gain":0,"max_hp_loss":0,"event_name":"Golden Idol","floor":2,"gold_loss":0},{"cards_removed":["Strike_R"],"damage_healed":0,"gold_gain":0,"player_choice":"Purged","damage_taken":0,"max_hp_gain":0,"max_hp_loss":0,"event_name":"Purifier","floor":3,"gold_loss":0},{"damage_healed":0,"gold_gain":0,"player_choice":"Copied","damage_taken":0,"max_hp_gain":0,"max_hp_loss":0,"event_name":"Duplicator","floor":19,"gold_loss":0,"cards_obtained":["Body Slam"]}],"is_beta":false,"boss_relics":[{"not_picked":["Busted Crown","SlaversCollar"],"picked":"Mark of Pain"}],"items_purged_floors":[4],"is_endless":false,"potions_floor_spawned":[1,8,13,14,18],"killed_by":"3 Cultists","ascension_level":18}}