{"host":"nqsrckqog5ia9mbo","time":1609538323,"event":{"mods":["AchievementEnabler","BaseMod","Colored Map","Highlight Path","Minty Spire (QoL Compilation)"],"gold_per_floor":[117,18,18,18,31,60,60,90,170,188,11,23,23,40,40,145,145,127,144,144,206,256,256,256],"floor_reached":23,"playtime":1989,"items_purged":["Defend_B","Defend_B"],"score":226,"play_id":"7f4731f5-8113-415d-99e5-c5e411225e8f","local_time":"20210101225843","is_ascension_mode":false,"campfire_choices":[{"data":"Zap","floor":7,"key":"SMITH"},{"data":"Defragment","floor":13,"key":"SMITH"},{"data":"Go for the Eyes","floor":15,"key":"SMITH"}],"circlet_count":0,"master_deck":["Strike_B","Strike_B+1","Strike_B","Strike_B","Defend_B+1","Zap+1","Dualcast","Sweeping Beam+1","Coolheaded+1","Go for the Eyes+1","All For One","Leap","Conserve Battery","Defragment+1","Leap","Redo"],"relics":["Cracked Core","NeowsBlessing","Oddly Smooth Stone","War Paint","Shuriken","SacredBark","SsserpentHead"],"acts_visited":["Exordium","TheCity"],"potions_floor_usage":[21],"damage_taken":[{"damage":0,"enemies":"Cultist","floor":1,"turns":1},{"damage":0,"enemies":"2 Louse","floor":5,"turns":1},{"damage":0,"enemies":"3 Sentries","floor":6,"turns":1},{"damage":11,"enemies":"Lagavulin","floor":8,"turns":5},{"damage":1,"enemies":"Jaw Worm","floor":10,"turns":2},{"damage":7,"enemies":"Lots of Slimes","floor":12,"turns":3},{"damage":0,"enemies":"Blue Slaver","floor":14,"turns":3},{"damage":12,"enemies":"The Guardian","floor":16,"turns":10},{"damage":8,"enemies":"2 Thieves","floor":18,"turns":5},{"damage":7,"enemies":"Shell Parasite","floor":19,"turns":9},{"damage":30,"enemies":"3 Cultists","floor":21,"turns":6},{"damage":16,"enemies":"Gremlin Leader","floor":23,"turns":2}],"seed_played":"-5854833241482505533","potions_obtained":[{"floor":1,"key":"Dexterity Potion"},{"floor":5,"key":"PotionOfCapacity"},{"floor":10,"key":"SneckoOil"},{"floor":19,"key":"EssenceOfSteel"},{"floor":21,"key":"DistilledChaos"}],"is_trial":false,"path_per_floor":["M","$","?","?","M","E","R","E","T","M","$","M","R","M","R","B",null,"M","M","?","M","?","E"],"character_chosen":"DEFECT","items_purchased":["Coolheaded","Defragment"],"campfire_rested":0,"item_purchase_floors":[2,11],"current_hp_per_floor":[75,75,75,60,60,60,60,49,49,48,48,41,41,41,41,29,75,67,60,60,30,30,14,14],"gold":256,"neow_bonus":"THREE_ENEMY_KILL","is_daily":false,"chose_seed":false,"campfire_upgraded":3,"win_rate":0.0,"timestamp":1609538323,"path_taken":["M","$","?","?","M","E","R","E","T","M","?","?","R","M","R","BOSS","M","M","?","?","?","E"],"items_purchased_type":["Card","Card"],"build_version":"2020-12-22","purchased_purges":2,"victory":false,"max_hp_per_floor":[75,75,75,75,75,75,75,75,75,75,75,75,75,75,75,75,75,75,75,75,75,75,75,75],"card_choices":[{"not_picked":["BootSequence","Gash"],"picked":"Sweeping Beam","floor":1},{"not_picked":["Doom and Gloom","White Noise"],"picked":"Go for the Eyes","floor":5},{"not_picked":["Creative AI","Streamline"],"picked":"All For One","floor":6},{"not_picked":["Sweeping Beam","Hello World"],"picked":"Leap","floor":8},{"not_picked":["Aggregate","Beam Cell"],"picked":"Conserve Battery","floor":10},{"not_picked":["Beam Cell","Streamline","Stack"],"picked":"SKIP","floor":12},{"not_picked":["Force Field","Ball Lightning"],"picked":"Leap","floor":14},{"not_picked":["Gash","Genetic Algorithm+1"],"picked":"Redo","floor":18},{"not_picked":["Scrape","Sweeping Beam","Compile Driver+1"],"picked":"SKIP","floor":19},{"not_picked":["Fusion+1","Melter","Force Field"],"picked":"SKIP","floor":21}],"player_experience":58280,"relics_obtained":[{"floor":6,"key":"Oddly Smooth Stone"},{"floor":8,"key":"War Paint"},{"floor":9,"key":"Shuriken"}],"event_choices":[{"damage_healed":0,"gold_gain":0,"player_choice":"Ignored","damage_taken":0,"max_hp_gain":0,"max_hp_loss":0,"event_name":"Golden Idol","floor":3,"gold_loss":0},{"damage_healed":0,"gold_gain":0,"player_choice":"Entered Light","damage_taken":15,"max_hp_gain":0,"max_hp_loss":0,"event_name":"Shining Light","floor":4,"gold_loss":0,"cards_upgraded":["Strike_B","Sweeping Beam"]},{"damage_healed":0,"gold_gain":0,"player_choice":"Trade","damage_taken":0,"relics_obtained":["SsserpentHead"],"max_hp_gain":0,"max_hp_loss":0,"event_name":"FaceTrader","floor":20,"gold_loss":0},{"cards_removed":["Defend_B"],"damage_healed":0,"gold_gain":0,"player_choice":"Offered Basic","damage_taken":0,"max_hp_gain":0,"max_hp_loss":0,"event_name":"Bonfire Elementals","floor":22,"gold_loss":0}],"is_beta":false,"boss_relics":[{"not_picked":["Velvet Choker","Nuclear Battery"],"picked":"SacredBark"}],"items_purged_floors":[2,11],"is_endless":false,"potions_floor_spawned":[1,5,10,14,19,21],"killed_by":"Gremlin Leader","ascension_level":0}}