{"host":"j0vzbnzm6n2ctevn","time":1609497285,"event":{"mods":["AchievementEnabler","BaseMod","Minty Spire (QoL Compilation)","Quick Restart","Shop Mod","Spicy Shops","StSLib"],"gold_per_floor":[119,119,194,24,37,37,70,82,82,116,134,162,182,162,162,264,264,278,37,49,49,49,49],"floor_reached":22,"playtime":808,"items_purged":["Defend_G"],"score":275,"play_id":"e7a34339-b363-401f-8b29-a7f4c65f7389","local_time":"20210101183445","is_ascension_mode":true,"campfire_choices":[{"data":"Concentrate","floor":6.0,"key":"SMITH"},{"floor":15.0,"key":"REST"}],"circlet_count":0,"master_deck":["Strike_G","Strike_G","Strike_G","Strike_G+1","Strike_G","Defend_G","Defend_G","Defend_G","Defend_G+1","Survivor","Neutralize","Concentrate+1","Outmaneuver","Cloak And Dagger","Escape Plan+1","Blade Dance+1","Burst+1","Envenom"],"relics":["Ring of the Snake","NeowsBlessing","Shuriken","Toxic Egg 2","Lizard Tail","MerchantsRug","Matryoshka","Orichalcum"],"acts_visited":["Exordium","TheCity"],"potions_floor_usage":[16,16,16],"damage_taken":[{"damage":0.0,"enemies":"2 Louse","floor":1.0,"turns":1.0},{"damage":0.0,"enemies":"Jaw Worm","floor":5.0,"turns":1.0},{"damage":0.0,"enemies":"Gremlin Nob","floor":7.0,"turns":1.0},{"damage":0.0,"enemies":"Cultist","floor":8.0,"turns":4.0},{"damage":14.0,"enemies":"Lagavulin","floor":10.0,"turns":6.0},{"damage":2.0,"enemies":"Blue Slaver","floor":11.0,"turns":2.0},{"damage":10.0,"enemies":"3 Sentries","floor":12.0,"turns":5.0},{"damage":5.0,"enemies":"Large Slime","floor":13.0,"turns":6.0},{"damage":28,"enemies":"Slime Boss","floor":16,"turns":7},{"damage":15,"enemies":"Spheric Guardian","floor":18,"turns":5},{"damage":10,"enemies":"Chosen","floor":20,"turns":5},{"damage":0,"enemies":"Shelled Parasite and Fungi","floor":22,"turns":1}],"seed_played":"-1131128059966105883","potions_obtained":[{"floor":1.0,"key":"DuplicationPotion"},{"floor":7.0,"key":"LiquidBronze"},{"floor":12.0,"key":"AttackPotion"},{"floor":14.0,"key":"ColorlessPotion"},{"floor":16,"key":"DuplicationPotion"},{"floor":20,"key":"Fire Potion"}],"is_trial":false,"path_per_floor":["M","?","?","$","M","R","E","M","T","E","M","E","M","?","R","B",null,"M","$","M","?","M"],"character_chosen":"THE_SILENT","items_purchased":["Art of War","Outmaneuver","MerchantsRug","Matryoshka"],"campfire_rested":1,"item_purchase_floors":[4,4,19,19],"current_hp_per_floor":[70,56,45,45,45,45,45,45,45,31,29,19,14,14,35,7,70,55,55,45,45,45,45],"gold":49,"neow_bonus":"THREE_ENEMY_KILL","is_daily":false,"chose_seed":false,"campfire_upgraded":1,"win_rate":0.0,"timestamp":1609497285,"path_taken":["M","?","?","$","?","R","E","M","T","E","M","E","M","?","R","BOSS","M","$","M","?","M"],"items_purchased_type":["Relic","Card","Relic","Relic"],"build_version":"2020-12-22","purchased_purges":1,"victory":false,"max_hp_per_floor":[70,70,70,70,70,70,70,70,70,70,70,70,70,70,70,70,70,70,70,70,70,70,70],"card_choices":[{"not_picked":["Dagger Throw","Sucker Punch"],"picked":"Concentrate","floor":1.0},{"not_picked":["Endless Agony","Heel Hook","Flying Knee"],"picked":"SKIP","floor":5.0},{"not_picked":["Calculated Gamble","Backflip"],"picked":"Cloak And Dagger","floor":7.0},{"not_picked":["Sucker Punch","Bane","Acrobatics"],"picked":"SKIP","floor":8.0},{"not_picked":["Riddle With Holes","Bane"],"picked":"Escape Plan+1","floor":10.0},{"not_picked":["Deflect+1","Slice"],"picked":"Blade Dance+1","floor":11.0},{"not_picked":["Deflect+1","Concentrate+1"],"picked":"Burst+1","floor":12.0},{"not_picked":["Prepared+1","Dagger Throw","Quick Slash"],"picked":"SKIP","floor":13.0},{"not_picked":["Grand Finale","Malaise+1"],"picked":"Envenom","floor":16},{"not_picked":["Acrobatics+1","Prepared+1","Expertise+1"],"picked":"SKIP","floor":18},{"not_picked":["Riddle With Holes","Outmaneuver+1","Endless Agony+1"],"picked":"SKIP","floor":20}],"player_experience":96427,"relics_obtained":[{"floor":7.0,"key":"Bag of Marbles"},{"floor":9.0,"key":"Shuriken"},{"floor":10.0,"key":"Toxic Egg 2"},{"floor":12.0,"key":"Lizard Tail"}],"event_choices":[{"damage_healed":0.0,"max_hp_gain":0.0,"max_hp_loss":0.0,"gold_gain":0.0,"event_name":"Shining Light","player_choice":"Entered Light","floor":2.0,"gold_loss":0.0,"damage_taken":14.0,"cards_upgraded":["Defend_G","Strike_G"]},{"damage_healed":0.0,"max_hp_gain":0.0,"max_hp_loss":0.0,"gold_gain":75.0,"event_name":"World of Goop","player_choice":"Gather Gold","floor":3.0,"gold_loss":0.0,"damage_taken":11.0},{"damage_healed":0.0,"max_hp_gain":0.0,"max_hp_loss":0.0,"gold_gain":0.0,"event_name":"The Woman in Blue","player_choice":"Bought 1 Potion","floor":14.0,"gold_loss":0.0,"damage_taken":0.0},{"damage_healed":0,"gold_gain":0,"player_choice":"Opened","damage_taken":0,"relics_obtained":["Orichalcum"],"max_hp_gain":0,"max_hp_loss":0,"event_name":"The Mausoleum","floor":21,"gold_loss":0}],"is_beta":false,"boss_relics":[{"not_picked":["Cursed Key","Coffee Dripper"],"picked":"Snecko Eye"}],"items_purged_floors":[19],"is_endless":false,"potions_floor_spawned":[1,7,12,16,20],"killed_by":"Shelled Parasite and Fungi","ascension_level":4}}