{"host":"l60rmjjsfi0fipmi","time":1609537049,"event":{"mods":["BaseMod","Colored Map","DeckTracker","Highlight Path","Minty Spire (QoL Compilation)"],"gold_per_floor":[117,133,7,182,196,196,45,45,45,76,87,14,27,43,43,146,146,163,163,38,38,50,50,50,50,50,50,78,78,78,78],"floor_reached":30,"playtime":3262,"items_purged":["Strike_P","Decay"],"score":271,"play_id":"fca2ddf3-db8e-48e0-992d-ee3aa7f43328","local_time":"20210101163729","is_ascension_mode":false,"campfire_choices":[{"data":"BattleHymn","floor":6,"key":"SMITH"},{"data":"Wireheading","floor":8,"key":"SMITH"},{"floor":15,"key":"REST"},{"data":"Study","floor":23,"key":"SMITH"},{"floor":27,"key":"REST"}],"circlet_count":0,"master_deck":["Defend_P","Defend_P","Defend_P","Defend_P","Eruption","Vigilance+1","Prostrate","PathToVictory","BattleHymn+1","Wireheading+1","Study+1","CutThroughFate","Nirvana","PathToVictory","Brilliance","CutThroughFate+1","Scrawl+1","ThirdEye","RitualDagger","CutThroughFate","Bite","Bite","Bite","Bite","Bite"],"relics":["PureWater","Pantograph","Mummified Hand","Astrolabe","Blood Vial","Frozen Egg 2"],"acts_visited":["Exordium","TheCity"],"potions_floor_usage":[16,30],"damage_taken":[{"damage":0,"enemies":"Small Slimes","floor":1,"turns":2},{"damage":0,"enemies":"2 Louse","floor":2,"turns":2},{"damage":2,"enemies":"Jaw Worm","floor":5,"turns":4},{"damage":38,"enemies":"Gremlin Nob","floor":10,"turns":5},{"damage":7,"enemies":"Blue Slaver","floor":11,"turns":4},{"damage":1,"enemies":"2 Fungi Beasts","floor":13,"turns":4},{"damage":5,"enemies":"Looter","floor":14,"turns":3},{"damage":31,"enemies":"Hexaghost","floor":16,"turns":8},{"damage":30,"enemies":"2 Thieves","floor":18,"turns":4},{"damage":1,"enemies":"3 Byrds","floor":22,"turns":6},{"damage":62,"enemies":"Slavers","floor":28,"turns":9},{"damage":27,"enemies":"Cultist and Chosen","floor":30,"turns":6}],"seed_played":"7432703157110868093","potions_obtained":[{"floor":5,"key":"Energy Potion"},{"floor":10,"key":"Strength Potion"},{"floor":16,"key":"DuplicationPotion"}],"is_trial":false,"path_per_floor":["M","M","$","?","M","R","$","R","T","E","M","$","M","M","R","B",null,"M","?","$","?","M","R","?","$","T","R","E","?","M"],"character_chosen":"WATCHER","items_purchased":["BattleHymn","BlessingOfTheForge","Wireheading","Nirvana","ThirdEye"],"campfire_rested":2,"item_purchase_floors":[3,3,7,12,20],"current_hp_per_floor":[72,72,72,72,70,70,70,70,70,32,25,25,24,19,40,34,72,42,66,66,60,59,59,46,46,46,69,9,9,0,0],"gold":78,"neow_bonus":"UPGRADE_CARD","is_daily":false,"chose_seed":false,"campfire_upgraded":3,"win_rate":0.0,"timestamp":1609537049,"path_taken":["M","M","$","?","M","R","$","R","T","E","M","$","M","M","R","BOSS","M","?","$","?","M","R","?","$","T","R","E","?","M"],"items_purchased_type":["Card","Potion","Card","Card","Card"],"build_version":"2020-12-22","purchased_purges":2,"victory":false,"max_hp_per_floor":[72,72,72,72,72,72,72,72,72,72,72,72,72,72,72,72,72,72,72,72,72,72,72,77,77,77,77,77,53,53,53],"card_choices":[{"not_picked":["Evaluate","CutThroughFate"],"picked":"Prostrate","floor":1},{"not_picked":["BowlingBash","SashWhip"],"picked":"PathToVictory","floor":2},{"not_picked":["Swivel","WaveOfTheHand","Vengeance"],"picked":"SKIP","floor":5},{"not_picked":["Sanctity","CutThroughFate"],"picked":"Study","floor":10},{"not_picked":["Indignation","BowlingBash"],"picked":"CutThroughFate","floor":11},{"not_picked":["Halt","Prostrate"],"picked":"PathToVictory","floor":13},{"not_picked":["Indignation","FlyingSleeves","BattleHymn"],"picked":"SKIP","floor":14},{"not_picked":["Vault","ConjureBlade"],"picked":"Brilliance","floor":16},{"not_picked":["Collect","SignatureMove+1","SashWhip"],"picked":"SKIP","floor":18},{"not_picked":["ThirdEye","EmptyMind"],"picked":"CutThroughFate","floor":22},{"not_picked":["ClearTheMind","WaveOfTheHand","Tantrum"],"picked":"SKIP","floor":28}],"player_experience":166692,"relics_obtained":[{"floor":9,"key":"Pantograph"},{"floor":10,"key":"Mummified Hand"},{"floor":26,"key":"Blood Vial"},{"floor":28,"key":"Frozen Egg 2"}],"event_choices":[{"damage_healed":0,"gold_gain":175,"player_choice":"AGREE","damage_taken":0,"max_hp_gain":0,"max_hp_loss":0,"event_name":"Liars Game","floor":4,"gold_loss":0,"cards_obtained":["Doubt"]},{"damage_healed":24,"gold_gain":0,"player_choice":"Heal","damage_taken":0,"max_hp_gain":0,"max_hp_loss":0,"event_name":"The Library","floor":19,"gold_loss":0},{"damage_healed":0,"gold_gain":0,"player_choice":"Joined the Cult","damage_taken":6,"max_hp_gain":0,"max_hp_loss":0,"event_name":"Nest","floor":21,"gold_loss":0,"cards_obtained":["RitualDagger"]},{"damage_healed":0,"gold_gain":0,"player_choice":"Shed Blood","damage_taken":18,"max_hp_gain":5,"max_hp_loss":0,"event_name":"Forgotten Altar","floor":24,"gold_loss":0},{"damage_healed":0,"gold_gain":0,"player_choice":"Became a vampire","damage_taken":0,"max_hp_gain":0,"max_hp_loss":24,"event_name":"Vampires","floor":29,"gold_loss":0,"cards_obtained":["Bite","Bite","Bite","Bite","Bite"]}],"is_beta":false,"boss_relics":[{"not_picked":["Runic Dome","SacredBark"],"picked":"Astrolabe"}],"items_purged_floors":[7,20],"is_endless":false,"potions_floor_spawned":[5,10,14,16,22],"killed_by":"Cultist and Chosen","ascension_level":0}}