{"host":"s1gi8xs3so6zkrm7","time":1609541921,"event":{"mods":["BaseMod","Filter the Spire","Minty Spire (QoL Compilation)"],"gold_per_floor":[119,131,206,39,39,39,77,77,103,142,166,180,180,455,455,455,455],"floor_reached":16,"playtime":1019,"items_purged":["Defend_P"],"score":119,"play_id":"70c53e2a-cb70-412e-84a0-f1937627f5cc","local_time":"20210101165841","is_ascension_mode":true,"campfire_choices":[{"data":"Dark Shackles","floor":6,"key":"SMITH"},{"floor":8,"key":"REST"},{"data":"ClearTheMind","floor":13,"key":"SMITH"},{"data":"Eruption","floor":15,"key":"SMITH"}],"circlet_count":0,"master_deck":["Strike_P","Strike_P","Strike_P","Strike_P","Defend_P","Defend_P","Defend_P","Eruption+1","Vigilance","Sanctity","InnerPeace","Dark Shackles+1","Pray","ClearTheMind+1","Worship","WindmillStrike","Regret"],"relics":["Runic Pyramid","Golden Idol","Pocketwatch","Dream Catcher","Pen Nib"],"acts_visited":["Exordium"],"potions_floor_usage":[16],"damage_taken":[{"damage":0,"enemies":"Small Slimes","floor":1,"turns":3},{"damage":0,"enemies":"2 Louse","floor":2,"turns":2},{"damage":27,"enemies":"3 Sentries","floor":7,"turns":11},{"damage":2,"enemies":"Gremlin Nob","floor":10,"turns":3},{"damage":0,"enemies":"Cultist","floor":11,"turns":3},{"damage":1,"enemies":"Large Slime","floor":12,"turns":4},{"damage":51,"enemies":"Hexaghost","floor":16,"turns":9}],"seed_played":"3638662267096314892","potions_obtained":[{"floor":2,"key":"FearPotion"},{"floor":7,"key":"Ancient Potion"},{"floor":11,"key":"SteroidPotion"}],"is_trial":false,"path_per_floor":["M","M","?","$","?","R","E","R","T","E","M","M","R","?","R","B"],"character_chosen":"WATCHER","items_purchased":["Dark Shackles"],"campfire_rested":1,"item_purchase_floors":[4],"current_hp_per_floor":[72,72,61,61,61,61,34,54,54,52,52,51,51,51,51,0,0],"gold":455,"neow_bonus":"BOSS_RELIC","is_daily":false,"chose_seed":false,"campfire_upgraded":3,"win_rate":0.0,"timestamp":1609541921,"path_taken":["M","M","?","$","?","R","E","R","T","E","M","M","R","?","R","BOSS"],"items_purchased_type":["Card"],"build_version":"2020-12-22","purchased_purges":1,"victory":false,"max_hp_per_floor":[72,72,72,72,67,67,67,67,67,67,67,67,67,67,67,67,67],"card_choices":[{"not_picked":["EmptyBody","SashWhip"],"picked":"Sanctity","floor":1},{"not_picked":["FlurryOfBlows","EmptyMind"],"picked":"InnerPeace","floor":2},{"not_picked":["DeceiveReality","WaveOfTheHand"],"picked":"Pray","floor":7},{"not_picked":["Study","WaveOfTheHand"],"picked":"ClearTheMind","floor":10},{"not_picked":["FlyingSleeves","Protect"],"picked":"Worship","floor":11},{"not_picked":["CrushJoints","Vengeance"],"picked":"WindmillStrike","floor":12}],"player_experience":240735,"relics_obtained":[{"floor":7,"key":"Pocketwatch"},{"floor":9,"key":"Dream Catcher"},{"floor":10,"key":"Pen Nib"}],"event_choices":[{"damage_healed":0,"gold_gain":75,"player_choice":"Gather Gold","damage_taken":11,"max_hp_gain":0,"max_hp_loss":0,"event_name":"World of Goop","floor":3,"gold_loss":0},{"damage_healed":0,"gold_gain":0,"player_choice":"Lose Max HP","damage_taken":0,"relics_obtained":["Golden Idol"],"max_hp_gain":0,"max_hp_loss":5,"event_name":"Golden Idol","floor":5,"gold_loss":0},{"damage_healed":0,"gold_gain":275,"player_choice":"Desecrate","damage_taken":0,"max_hp_gain":0,"max_hp_loss":0,"event_name":"Golden Shrine","floor":14,"gold_loss":0,"cards_obtained":["Regret"]}],"is_beta":false,"boss_relics":[],"items_purged_floors":[4],"is_endless":false,"potions_floor_spawned":[2,7,11],"killed_by":"Hexaghost","ascension_level":2}}