{"host":"jydwu1shxxemady1","time":1609503472,"event":{"mods":["BaseMod","Colored Powertips","Conspire","Downfall","Hermit","Highlight Path","Marisa（F雨　魔理沙）","Minty Spire (QoL Compilation)","READ ME - Guardian Mod","Replay The Spire","Shop Mod","StSLib","TestMod","The Bladedancer","The Cursed","The Servant 0.9.4"],"gold_per_floor":[117,137,153,153,166,210,225,265,289,289,289,289,312,327,327,420,420,439,439,27,27,27,27,63,81,81,81,81,100,113,136,136,229,229,254,254,272,138,172,215,465,506,577,25,25,43,43,63,63,63,63,63,63,102,102],"floor_reached":56,"playtime":2129,"items_purged":[],"score":3077,"play_id":"07de805c-9092-4ec0-9beb-40ad43016201","local_time":"20210101201752","is_ascension_mode":true,"campfire_choices":[{"data":"HalloweenModCandy","floor":10,"key":"SMITH"},{"data":"HalloweenModCandy","floor":15,"key":"SMITH"},{"floor":23,"key":"RECALL"},{"floor":27,"key":"REST"},{"data":"HalloweenModCandy","floor":32,"key":"SMITH"},{"data":"HalloweenModCandy","floor":47,"key":"SMITH"},{"data":"HalloweenModCandy","floor":49,"key":"SMITH"},{"data":"HalloweenModGhostCostume","floor":52,"key":"SMITH"}],"circlet_count":0,"master_deck":["AscendersBane","Strike_G","Strike_G","Strike_G","Strike_G","Strike_G","Defend_G","Defend_G+1","Defend_G","Defend_G","Survivor","Neutralize","Regret","HalloweenModCandy+1","HalloweenModTrick","HalloweenModGhostCostume","Injury","HalloweenModCandy+1","HalloweenModCandy+1","HalloweenModGhostCostume","HalloweenModTrick","HalloweenModCandy+1","HalloweenModGhostCostume","HalloweenModGhostCostume","HalloweenModGhostCostume+1","Dramatic Entrance","Necronomicurse","HalloweenModCandy+1","HalloweenModTrick+1","Choke","Dagger Throw","HalloweenModCandy+1","HalloweenModCandy+1","HalloweenModTrick","HalloweenModGhostCostume","CurseOfTheBell","HalloweenModCandy+1","HalloweenModGhostCostume+1","HalloweenModTrick+1","HalloweenModTrick+1","HalloweenModGhostCostume+1","HalloweenModCandy+1","HalloweenModTrick+1","HalloweenModCandy+1"],"relics":["testmod-TestBox","HalloweenModHalloween","Blue Candle","Matryoshka","Golden Idol","ReplayFunnel","Dream Catcher","Bag of Marbles","Toy Ornithopter","Sizzling Blood","Honey Jar","FossilizedHelix","testmod-ObsoleteBoomerang","Akabeko","Mummified Hand","Necronomicon","The Courier","Calling Bell","PreservedInsect","testmod-Justice","testmod-IntensifyImprint","Replay:Bandana","War Paint","Sundial","testmod-Charity","Question Card","Chameleon Ring","Bottled Flame","CaptainsWheel"],"acts_visited":["Exordium","TheCity","TheBeyond","TheEnding"],"potions_floor_usage":[8,8,33,39,48,50,50,55],"damage_taken":[{"damage":6,"enemies":"Cultist","floor":1,"turns":4},{"damage":1,"enemies":"2 Louse","floor":2,"turns":2},{"damage":1,"enemies":"Small Slimes","floor":3,"turns":2},{"damage":2,"enemies":"Looter","floor":5,"turns":1},{"damage":3,"enemies":"3 Sentries","floor":6,"turns":4},{"damage":4,"enemies":"Exordium Thugs","floor":7,"turns":3},{"damage":3,"enemies":"Gremlin Nob","floor":8,"turns":2},{"damage":0,"enemies":"3 Louse","floor":13,"turns":1},{"damage":17,"enemies":"Red Slaver","floor":14,"turns":3},{"damage":42,"enemies":"Fading Forest","floor":16,"turns":11},{"damage":3,"enemies":"3 Byrds","floor":18,"turns":3},{"damage":16,"enemies":"Book of Stabbing","floor":24,"turns":2},{"damage":0,"enemies":"2 Thieves","floor":25,"turns":2},{"damage":0,"enemies":"Sentry and Sphere","floor":29,"turns":1},{"damage":0,"enemies":"Centurion and Healer","floor":30,"turns":1},{"damage":14,"enemies":"Cultist and Chosen","floor":31,"turns":3},{"damage":23,"enemies":"Pondfish","floor":33,"turns":5},{"damage":0,"enemies":"Orb Walker","floor":35,"turns":1},{"damage":0,"enemies":"3 Shapes","floor":37,"turns":1},{"damage":2,"enemies":"Writhing Mass","floor":39,"turns":2},{"damage":5,"enemies":"R_Hoarder","floor":40,"turns":2},{"damage":0,"enemies":"Nemesis","floor":42,"turns":2},{"damage":0,"enemies":"3 Darklings","floor":46,"turns":1},{"damage":8,"enemies":"Transient","floor":48,"turns":5},{"damage":35,"enemies":"Donu and Deca","floor":50,"turns":3},{"damage":67,"enemies":"Shield and Spear","floor":54,"turns":3},{"damage":23,"enemies":"The Heart","floor":55,"turns":2}],"seed_played":"-1186002901397936981","potions_obtained":[{"floor":1,"key":"testmod-TestPotion"},{"floor":6,"key":"Adrenaline Potion"},{"floor":7,"key":"SteroidPotion"},{"floor":8,"key":"CultistPotion"},{"floor":13,"key":"Strength Potion"},{"floor":18,"key":"SteroidPotion"},{"floor":24,"key":"LifebloodPotion"},{"floor":33,"key":"champ:CounterPotion"},{"floor":40,"key":"hexamod:EctoCoolerPotion"},{"floor":54,"key":"EssenceOfSteel"}],"is_trial":false,"path_per_floor":["M","M","M","?","M","E","M","E","T","R","?","?","M","M","R","B",null,"M","?","$","T","?","R","E","M","T","R","?","M","M","M","R","B",null,"M","?","M","$","M","E","?","E","T","$","T","M","R","M","R","B",null,"R","$","E","B",null],"character_chosen":"THE_SILENT","items_purchased":["testmod-ObsoleteBoomerang","Dramatic Entrance","Replay:Bandana","testmod-Charity","Question Card","Chameleon Ring"],"campfire_rested":1,"item_purchase_floors":[20,20,38,44,44,44],"current_hp_per_floor":[53,56,59,59,61,66,65,65,65,65,69,69,70,65,65,60,68,70,70,70,70,49,49,45,61,61,70,70,70,70,64,64,70,70,70,70,70,70,70,70,70,70,70,70,70,83,83,97,97,114,122,122,122,82,102],"gold":102,"neow_bonus":"RANDOM_EVENT","is_daily":false,"chose_seed":false,"campfire_upgraded":6,"win_rate":0.0,"timestamp":1609503472,"path_taken":["M","M","?","?","M","E","M","E","T","R","?","?","M","M","R","BOSS","M","?","$","?","?","R","E","M","T","R","?","M","M","?","R","BOSS","M","?","M","?","?","E","?","E","T","$","?","M","R","M","R","BOSS","R","$","E","BOSS"],"items_purchased_type":["Relic","Card","Relic","Relic","Relic","Relic"],"build_version":"2020-12-22","purchased_purges":0,"victory":true,"max_hp_per_floor":[66,66,66,66,66,66,66,66,66,66,70,70,70,70,70,70,70,70,70,70,70,70,70,70,70,70,70,70,70,70,70,70,70,70,70,70,70,70,70,70,70,70,70,70,70,83,83,98,98,124,124,124,124,143,161],"card_choices":[{"not_picked":["HalloweenModTrick","HalloweenModGhostCostume"],"picked":"HalloweenModCandy","floor":1},{"not_picked":["HalloweenModGhostCostume","HalloweenModCandy"],"picked":"HalloweenModTrick","floor":2},{"not_picked":["HalloweenModCandy","HalloweenModTrick"],"picked":"HalloweenModGhostCostume","floor":3},{"not_picked":["HalloweenModTrick","HalloweenModGhostCostume"],"picked":"HalloweenModCandy","floor":5},{"not_picked":["HalloweenModTrick","HalloweenModGhostCostume"],"picked":"HalloweenModCandy","floor":6},{"not_picked":["HalloweenModCandy","HalloweenModTrick"],"picked":"HalloweenModGhostCostume","floor":7},{"not_picked":["HalloweenModCandy","HalloweenModGhostCostume"],"picked":"HalloweenModTrick","floor":8},{"not_picked":["HalloweenModTrick","HalloweenModGhostCostume"],"picked":"HalloweenModCandy","floor":13},{"not_picked":["HalloweenModCandy","HalloweenModTrick"],"picked":"HalloweenModGhostCostume","floor":14},{"not_picked":["HalloweenModTrick","HalloweenModCandy"],"picked":"HalloweenModGhostCostume","floor":16},{"not_picked":["HalloweenModCandy","HalloweenModTrick","HalloweenModGhostCostume"],"picked":"HalloweenModGhostCostume","floor":18},{"not_picked":["HalloweenModGhostCostume","HalloweenModTrick","HalloweenModGhostCostume"],"picked":"HalloweenModCandy","floor":24},{"not_picked":["HalloweenModGhostCostume","HalloweenModCandy","HalloweenModGhostCostume"],"picked":"HalloweenModTrick+1","floor":25},{"not_picked":["Deadly Poison","ReplayTheSpireMod:Shiv Toss","Bane"],"picked":"Choke","floor":27},{"not_picked":["HalloweenModTrick","HalloweenModGhostCostume","HalloweenModCandy"],"picked":"HalloweenModCandy","floor":29},{"not_picked":["HalloweenModTrick","HalloweenModGhostCostume","HalloweenModGhostCostume"],"picked":"HalloweenModCandy","floor":30},{"not_picked":["HalloweenModGhostCostume","HalloweenModCandy","HalloweenModTrick"],"picked":"HalloweenModTrick","floor":31},{"not_picked":["HalloweenModTrick","HalloweenModCandy","HalloweenModGhostCostume"],"picked":"HalloweenModGhostCostume","floor":33},{"not_picked":["HalloweenModGhostCostume","HalloweenModTrick","HalloweenModTrick"],"picked":"HalloweenModCandy+1","floor":35},{"not_picked":["HalloweenModCandy+1","HalloweenModTrick","HalloweenModGhostCostume"],"picked":"HalloweenModGhostCostume+1","floor":37},{"not_picked":["HalloweenModGhostCostume","HalloweenModCandy","HalloweenModGhostCostume"],"picked":"HalloweenModTrick+1","floor":39},{"not_picked":["HalloweenModCandy","HalloweenModGhostCostume","HalloweenModTrick+1"],"picked":"HalloweenModTrick+1","floor":40},{"not_picked":["HalloweenModCandy","HalloweenModTrick","HalloweenModCandy"],"picked":"HalloweenModGhostCostume+1","floor":42},{"not_picked":["HalloweenModTrick","HalloweenModGhostCostume","HalloweenModTrick","HalloweenModTrick+1"],"picked":"HalloweenModCandy+1","floor":46},{"not_picked":["HalloweenModCandy","HalloweenModGhostCostume","HalloweenModCandy+1","HalloweenModCandy"],"picked":"HalloweenModTrick+1","floor":48},{"not_picked":["HalloweenModGhostCostume+1","HalloweenModTrick","HalloweenModCandy","HalloweenModGhostCostume"],"picked":"HalloweenModCandy+1","floor":54}],"player_experience":608653,"relics_obtained":[{"floor":6,"key":"ReplayFunnel"},{"floor":8,"key":"Dream Catcher"},{"floor":9,"key":"Bag of Marbles"},{"floor":9,"key":"Toy Ornithopter"},{"floor":21,"key":"Akabeko"},{"floor":21,"key":"Mummified Hand"},{"floor":22,"key":"Necronomicon"},{"floor":24,"key":"The Courier"},{"floor":34,"key":"PreservedInsect"},{"floor":34,"key":"testmod-Justice"},{"floor":34,"key":"testmod-IntensifyImprint"},{"floor":40,"key":"Molten Egg 2"},{"floor":42,"key":"War Paint"},{"floor":43,"key":"Sundial"},{"floor":45,"key":"Bottled Flame"},{"floor":54,"key":"CaptainsWheel"}],"event_choices":[{"damage_healed":0,"gold_gain":0,"player_choice":"Box","damage_taken":0,"relics_obtained":["Matryoshka"],"max_hp_gain":0,"max_hp_loss":0,"event_name":"Big Fish","floor":0,"gold_loss":0,"cards_obtained":["Regret"]},{"damage_healed":0,"gold_gain":0,"player_choice":"Take Wound","damage_taken":0,"relics_obtained":["Golden Idol"],"max_hp_gain":0,"max_hp_loss":0,"event_name":"Golden Idol","floor":4,"gold_loss":0,"cards_obtained":["Injury"]},{"damage_healed":0,"gold_gain":0,"player_choice":"Gave Potion","damage_taken":0,"relics_obtained":["FossilizedHelix"],"max_hp_gain":0,"max_hp_loss":0,"event_name":"WeMeetAgain","floor":19,"gold_loss":0},{"damage_healed":0,"gold_gain":0,"player_choice":"Obtained Book","damage_taken":21,"max_hp_gain":0,"max_hp_loss":0,"event_name":"Cursed Tome","floor":22,"gold_loss":0},{"damage_healed":0,"gold_gain":0,"cards_transformed":["Defend_G"],"player_choice":"Transformed","damage_taken":0,"max_hp_gain":0,"max_hp_loss":0,"event_name":"Transmorgrifier","floor":28,"gold_loss":0,"cards_obtained":["Dagger Throw"]},{"damage_healed":0,"gold_gain":0,"player_choice":"Full Heal","damage_taken":0,"max_hp_gain":0,"max_hp_loss":0,"event_name":"Wheel of Change","floor":36,"gold_loss":0},{"damage_healed":0,"gold_gain":250,"player_choice":"Sell","damage_taken":0,"max_hp_gain":0,"max_hp_loss":0,"event_name":"恩洛斯的盘子","floor":41,"relics_lost":["Molten Egg 2"],"gold_loss":0}],"is_beta":false,"boss_relics":[{"not_picked":["testmod-CardMagician","Kintsugi"],"picked":"Honey Jar"},{"not_picked":["testmod-KeyOfTheVoid","testmod-EnergyCheck"],"picked":"Calling Bell"}],"items_purged_floors":[],"is_endless":false,"potions_floor_spawned":[1,6,7,8,13,16,18,24,33,37,40,46,54],"ascension_level":18}}