{"host":"hwrdjx5eod2cxh09","time":1609514822,"event":{"mods":["AchievementEnabler","BaseMod","Bestiary","Minty Spire (QoL Compilation)","Relic Stats"],"gold_per_floor":[111,125,200,217,217,237,270,282,282,298,298,73,91,104,104,104,104],"floor_reached":16,"playtime":414,"items_purged":[],"score":106,"play_id":"d5495b4a-4d71-482c-90f1-317874f2db66","local_time":"20210102002702","is_ascension_mode":false,"campfire_choices":[{"data":"Defragment","floor":11,"key":"SMITH"},{"data":"Defragment","floor":15,"key":"SMITH"}],"circlet_count":0,"master_deck":["Strike_B","Strike_B","Strike_B","Defend_B","Defend_B","Defend_B","Defend_B","Zap","Dualcast","BootSequence","Beam Cell","Defragment+1","Turbo","Defragment+1","Conserve Battery","Capacitor","Go for the Eyes"],"relics":["Cracked Core","NeowsBlessing","Nunchaku","ClockworkSouvenir"],"acts_visited":["Exordium"],"potions_floor_usage":[7,7,16],"damage_taken":[{"damage":0,"enemies":"Small Slimes","floor":1,"turns":1},{"damage":0,"enemies":"2 Louse","floor":2,"turns":1},{"damage":0,"enemies":"Jaw Worm","floor":4,"turns":1},{"damage":8,"enemies":"2 Fungi Beasts","floor":6,"turns":4},{"damage":11,"enemies":"Lagavulin","floor":7,"turns":7},{"damage":5,"enemies":"Exordium Wildlife","floor":8,"turns":3},{"damage":0,"enemies":"Large Slime","floor":10,"turns":4},{"damage":11,"enemies":"Exordium Thugs","floor":13,"turns":6},{"damage":0,"enemies":"Red Slaver","floor":14,"turns":3},{"damage":19,"enemies":"The Guardian","floor":16,"turns":4}],"seed_played":"3774903319280233870","potions_obtained":[{"floor":1,"key":"LiquidBronze"},{"floor":2,"key":"Strength Potion"},{"floor":8,"key":"FearPotion"},{"floor":10,"key":"Fire Potion"},{"floor":14,"key":"ColorlessPotion"}],"is_trial":false,"path_per_floor":["M","M","?","M","?","M","E","M","T","M","R","$","M","M","R","B"],"character_chosen":"DEFECT","items_purchased":["ClockworkSouvenir","Capacitor"],"campfire_rested":0,"item_purchase_floors":[12,12],"current_hp_per_floor":[75,75,64,64,57,49,38,33,33,33,33,33,22,22,22,3,3],"gold":104,"neow_bonus":"THREE_ENEMY_KILL","is_daily":false,"chose_seed":false,"campfire_upgraded":2,"win_rate":0.0,"timestamp":1609514822,"path_taken":["M","M","?","M","?","M","E","M","T","M","R","$","M","M","R","BOSS"],"items_purchased_type":["Relic","Card"],"build_version":"2020-12-22","purchased_purges":0,"victory":false,"max_hp_per_floor":[75,75,75,75,75,75,75,75,75,75,75,75,75,75,75,75,75],"relic_stats":{"Nunchaku":[2],"counters":[10,34],"obtain_stats":[{"Nunchaku":7,"NeowsBlessing":0,"Cracked Core":0,"ClockworkSouvenir":12},{"Nunchaku":5,"NeowsBlessing":0,"Cracked Core":0,"ClockworkSouvenir":7},{"Nunchaku":14,"NeowsBlessing":0,"Cracked Core":0,"ClockworkSouvenir":21}]},"card_choices":[{"not_picked":["Reinforced Body","Static Discharge"],"picked":"BootSequence","floor":1},{"not_picked":["Compile Driver","Scrape"],"picked":"Beam Cell","floor":2},{"not_picked":["Rip and Tear","Undo"],"picked":"Defragment","floor":4},{"not_picked":["Barrage","Tempest"],"picked":"Turbo","floor":6},{"not_picked":["Redo","Melter","Steam"],"picked":"SKIP","floor":7},{"not_picked":["Barrage","Stack"],"picked":"Defragment","floor":8},{"not_picked":["Hologram","Self Repair"],"picked":"Conserve Battery","floor":10},{"not_picked":["White Noise","Redo","Conserve Battery"],"picked":"SKIP","floor":13},{"not_picked":["Reinforced Body","Chaos"],"picked":"Go for the Eyes","floor":14}],"player_experience":151469,"relics_obtained":[{"floor":7,"key":"Nunchaku"}],"event_choices":[{"damage_healed":0,"gold_gain":75,"player_choice":"Gather Gold","damage_taken":11,"max_hp_gain":0,"max_hp_loss":0,"event_name":"World of Goop","floor":3,"gold_loss":0},{"cards_removed":["Strike_B"],"damage_healed":0,"gold_gain":0,"player_choice":"Card Removal","damage_taken":7,"max_hp_gain":0,"max_hp_loss":0,"event_name":"Golden Wing","floor":5,"gold_loss":0}],"is_beta":false,"boss_relics":[],"items_purged_floors":[],"is_endless":false,"potions_floor_spawned":[1,2,8,10,14],"killed_by":"The Guardian","ascension_level":0}}