{"host":"icrrc9b69c1a6188","time":1609485956,"event":{"mods":["Act Like it!","BaseMod","Bestiary","Better Altar","Better Match","Better Note","Better Sensory Stone","Better Skull","Better Third Choice","Block Reminder","Colored Map","Colored Powertips","Curses Come First","Displayed Cursed Tome","Faster Ascension Climbing","HexUI Lib","Jorbs\u0027s Wanderer Trilogy","Minty Spire (QoL Compilation)","Quick Restart","RNG Fix","Random Character Mod","Rare Cards Sparkle","Spicy Shops","StSLib","Unceasing Turn Reminder"],"gold_per_floor":[116,129,129,70,81,81,112,112,112,138,138,138,174,198,198,297,297,311,311,327,217,217,217,256,256,256,256,256,256],"floor_reached":28,"playtime":772,"items_purged":[],"score":554,"play_id":"5e723fdc-6ce4-46db-990d-f15a735c63bf","local_time":"20210101012556","is_ascension_mode":true,"campfire_choices":[{"data":"Carnage","floor":6,"key":"SMITH"},{"data":"Bash","floor":8,"key":"SMITH"},{"floor":15,"key":"REST"},{"data":"True Grit","floor":23,"key":"SMITH"},{"data":"Rage","floor":25,"key":"SMITH"},{"data":"True Grit","floor":27,"key":"SMITH"}],"circlet_count":0,"master_deck":["AscendersBane","Strike_R+1","Strike_R","Strike_R+1","Strike_R","Defend_R","Defend_R+1","Defend_R","Defend_R","Bash+1","Carnage+1","Sever Soul","True Grit+1","Limit Break","Dropkick","Uppercut","Carnage","Immolate","True Grit+1","Ghostly Armor","Rage+1"],"relics":["Burning Blood","Bottled Flame","Frozen Egg 2","Potion Belt","Golden Idol","Bird Faced Urn","Philosopher\u0027s Stone","The Courier"],"acts_visited":["Exordium","TheCity"],"potions_floor_usage":[10,10,13,16,24],"damage_taken":[{"damage":14,"enemies":"Jaw Worm","floor":1,"turns":4},{"damage":1,"enemies":"2 Louse","floor":2,"turns":3},{"damage":1,"enemies":"Small Slimes","floor":5,"turns":3},{"damage":8,"enemies":"Gremlin Nob","floor":7,"turns":3},{"damage":40,"enemies":"Lagavulin","floor":10,"turns":6},{"damage":0,"enemies":"Gremlin Nob","floor":13,"turns":2},{"damage":15,"enemies":"Looter","floor":14,"turns":3},{"damage":6,"enemies":"Slime Boss","floor":16,"turns":6},{"damage":0,"enemies":"Chosen","floor":18,"turns":2},{"damage":28,"enemies":"Shell Parasite","floor":20,"turns":4},{"damage":22,"enemies":"Slavers","floor":24,"turns":3},{"damage":25,"enemies":"Snake Plant","floor":28,"turns":3}],"seed_played":"1848705188318217889","potions_obtained":[{"floor":1,"key":"Block Potion"},{"floor":2,"key":"Regen Potion"},{"floor":11,"key":"PowerPotion"},{"floor":11,"key":"AttackPotion"},{"floor":14,"key":"BlessingOfTheForge"}],"is_trial":false,"path_per_floor":["M","M","?","?","M","R","E","R","T","E","?","?","E","M","R","B",null,"M","?","M","?","?","R","E","R","T","R","M"],"character_chosen":"IRONCLAD","items_purchased":[],"campfire_rested":1,"item_purchase_floors":[],"current_hp_per_floor":[67,72,47,47,52,52,50,50,50,30,30,30,36,27,49,51,68,74,74,52,52,41,41,25,25,25,25,0,0],"gold":256,"neow_bonus":"TEN_PERCENT_HP_BONUS","is_daily":false,"chose_seed":false,"campfire_upgraded":5,"win_rate":0.0,"timestamp":1609485956,"path_taken":["M","M","?","?","M","R","E","R","T","E","?","?","E","M","R","BOSS","M","?","M","?","?","R","E","R","T","R","M"],"items_purchased_type":[],"build_version":"2020-12-22","purchased_purges":0,"victory":false,"max_hp_per_floor":[82,82,82,82,82,82,82,82,82,82,82,74,74,74,74,74,74,74,74,74,74,74,74,74,74,74,74,74,74],"card_choices":[{"not_picked":["Heavy Blade","Disarm"],"picked":"Carnage","floor":1},{"not_picked":["Reckless Charge","Warcry"],"picked":"Sever Soul","floor":2},{"not_picked":["Body Slam","Cleave"],"picked":"True Grit","floor":5},{"not_picked":["Clothesline","Flex"],"picked":"Limit Break","floor":7},{"not_picked":["Iron Wave","Heavy Blade"],"picked":"Dropkick","floor":10},{"not_picked":["Twin Strike","Barricade+1"],"picked":"Uppercut","floor":13},{"not_picked":["Anger","Headbutt"],"picked":"Carnage","floor":14},{"not_picked":["Double Tap","Exhume"],"picked":"Immolate","floor":16},{"not_picked":["Clash","Anger","Pummel"],"picked":"SKIP","floor":18},{"not_picked":["Wild Strike","Clothesline+1"],"picked":"Ghostly Armor","floor":20},{"not_picked":["Flex","Ghostly Armor"],"picked":"Rage","floor":24}],"player_experience":716575,"relics_obtained":[{"floor":7,"key":"Bottled Flame"},{"floor":9,"key":"Frozen Egg 2"},{"floor":10,"key":"Potion Belt"},{"floor":13,"key":"Bird Faced Urn"},{"floor":24,"key":"The Courier"}],"event_choices":[{"damage_healed":72,"gold_gain":0,"player_choice":"Upgrade","damage_taken":25,"max_hp_gain":0,"max_hp_loss":82,"event_name":"betterThird:BetterShining","floor":3,"gold_loss":0,"cards_upgraded":["Strike_R","Strike_R"]},{"damage_healed":0,"gold_gain":0,"player_choice":"Left","damage_taken":0,"max_hp_gain":0,"max_hp_loss":0,"event_name":"betterThird:BetterGoop","floor":4,"gold_loss":59},{"damage_healed":0,"gold_gain":0,"player_choice":"Got Potions","damage_taken":0,"max_hp_gain":0,"max_hp_loss":0,"event_name":"Lab","floor":11,"gold_loss":0},{"damage_healed":0,"gold_gain":0,"player_choice":"Lose Max HP","damage_taken":0,"relics_obtained":["Golden Idol"],"max_hp_gain":0,"max_hp_loss":8,"event_name":"Golden Idol","floor":12,"gold_loss":0},{"damage_healed":0,"gold_gain":0,"player_choice":"Copied","damage_taken":0,"max_hp_gain":0,"max_hp_loss":0,"event_name":"Duplicator","floor":19,"gold_loss":0,"cards_obtained":["True Grit"]},{"cards_removed":["Strike_R"],"damage_healed":0,"gold_gain":0,"player_choice":"Upgrade and Remove","damage_taken":0,"max_hp_gain":0,"max_hp_loss":0,"event_name":"Designer","floor":21,"gold_loss":110,"cards_upgraded":["Defend_R"]},{"damage_healed":0,"gold_gain":0,"player_choice":"Damaged","damage_taken":11,"max_hp_gain":0,"max_hp_loss":0,"event_name":"Wheel of Change","floor":22,"gold_loss":0}],"is_beta":false,"boss_relics":[{"not_picked":["SacredBark","Mark of Pain"],"picked":"Philosopher\u0027s Stone"}],"items_purged_floors":[],"is_endless":false,"potions_floor_spawned":[1,2,5,14],"killed_by":"Snake Plant","ascension_level":20}}