{"host":"za9ilm1uiwmpmin1","time":1609508174,"event":{"mods":["AchievementEnabler","Act Like it!","BaseMod","CapriCore","Dota2Spire","Downfall","Friendly Minions","Gensokyo","KomeijiMod","Lobotomy","LobotomyExtend","Marisa£¨ìFÓê¡¡Ä§ÀíÉ³£©","Minty Spire (QoL Compilation)","MostiFishMod","Reorder Act Four","RumiaBox-Â¶Ã×æ«µÄÉñÃØºÐ×Ó","StSLib","TestMod","The Alterego","The Immortal","Waifu the Spire","[IsaacMod]ÒÔÈö¼âËþ","¡¾¹¦ÄÜMod¡¿»ìãçÖ®»·ÐÞ¸´²¹¶¡"],"gold_per_floor":[111,122,138,138,153,183,23,53,78,109,109,109,137,171,171,255,255,282,282,304,322,322,353,370,401,426,426,460,479,812,825,825,899,899,909,507,526,526,526,551,567,581,581,609,609,628,628,657,657,657,657,657,657,41,41,71,71],"floor_reached":58,"playtime":1905,"items_purged":["Writhe","hexamod:Defend+1"],"score":4419,"play_id":"0012e13c-9372-44d6-8663-84143ae773dc","local_time":"20210101213614","is_ascension_mode":true,"campfire_choices":[{"floor":11.0,"key":"RECALL"},{"data":"hexamod:Rewind","floor":15.0,"key":"SMITH"},{"data":"hexamod:TimeWarp","floor":32.0,"key":"SMITH"},{"data":"hexamod:HeatShield","floor":45,"key":"SMITH"}],"circlet_count":0,"master_deck":["hexamod:Float+1","hexamod:Hexaguard+1","hexamod:RainOfEmbers+1","Necronomicurse","hexamod:WildfireWeapon+1","hexamod:Rewind+1","hexamod:GhostOfSpirePast+1","hexamod:TimeOfNeed+1","hexamod:TimeWarp+1","MostiFishMod:PerfectForm+1","hexamod:HeatShield+1"],"relics":["DaveBox","HushsDoor","testmod-TestBox","BookofShadows","testmod-Temperance","ChiXiaoBlade","Coffee Dripper","LetterFromLob","hexamod:MatchstickCase","Necronomicon","Dota2Spire:BlackKingBar","Letter Opener","GodSword3","Busted Crown","Dota2Spire:ArmletOfMordiggian","hexamod:TheBrokenSeal","Art of War","Boot","Strawberry","hexamod:SoulConsumer","Old Coin","ShadowXiaoBlade","Dota2Spire:PowerTreads","Oddly Smooth Stone","testmod-TurbochargingSystem","ZombieArmy","Vajra","Nunchaku","Dota2Spire:EchoSabre","hexamod:BolsterEngine","hexamod:RecyclingMachine","testmod-OneHitWonder"],"acts_visited":["Exordium","Gensokyo:Gensokyo","TheBeyond","TheEnding"],"potions_floor_usage":[57],"damage_taken":[{"damage":6.0,"enemies":"Gensokyo:2_Kodama","floor":1.0,"turns":2.0},{"damage":0.0,"enemies":"Gensokyo:3_Fairies","floor":2.0,"turns":5.0},{"damage":6.0,"enemies":"Gensokyo:Gryphon","floor":3.0,"turns":3.0},{"damage":3.0,"enemies":"Gensokyo:VengefulSpirit","floor":5.0,"turns":3.0},{"damage":12.0,"enemies":"Gensokyo:Cirno","floor":6.0,"turns":7.0},{"damage":0.0,"enemies":"Gensokyo:Mamizou","floor":8.0,"turns":3.0},{"damage":1.0,"enemies":"Gensokyo:Aya","floor":10.0,"turns":3.0},{"damage":7.0,"enemies":"Gensokyo:Python_and_Kodama","floor":13.0,"turns":4.0},{"damage":6.0,"enemies":"Gensokyo:Cirno","floor":14.0,"turns":5.0},{"damage":0.0,"enemies":"Gensokyo:Yukari","floor":16.0,"turns":5.0},{"damage":11.0,"enemies":"Gensokyo:Chomper","floor":18.0,"turns":4.0},{"damage":11.0,"enemies":"Gensokyo:AngelMirror","floor":20.0,"turns":4.0},{"damage":0.0,"enemies":"Gensokyo:Slime_Group","floor":21.0,"turns":4.0},{"damage":0.0,"enemies":"Gensokyo:Reisen","floor":23.0,"turns":3.0},{"damage":0.0,"enemies":"Gensokyo:Wraith","floor":24.0,"turns":2.0},{"damage":0.0,"enemies":"Gensokyo:Koishi","floor":25.0,"turns":2.0},{"damage":0.0,"enemies":"Gensokyo:Reisen","floor":28.0,"turns":3.0},{"damage":0.0,"enemies":"Gensokyo:Mirror_and_Dog","floor":29.0,"turns":1.0},{"damage":0.0,"enemies":"Gensokyo:Koishi","floor":30.0,"turns":2.0},{"damage":0.0,"enemies":"Gensokyo:Slime_Group","floor":31.0,"turns":1.0},{"damage":0.0,"enemies":"Gensokyo:Kaguya","floor":33.0,"turns":8.0},{"damage":13,"enemies":"3 Darklings","floor":35,"turns":2},{"damage":0,"enemies":"Orb Walker","floor":37,"turns":1},{"damage":0,"enemies":"Nemesis","floor":40,"turns":1},{"damage":0,"enemies":"Writhing Mass","floor":41,"turns":1},{"damage":0,"enemies":"3 Darklings","floor":42,"turns":1},{"damage":0,"enemies":"Giant Head","floor":44,"turns":2},{"damage":10,"enemies":"4 Shapes","floor":46,"turns":1},{"damage":0,"enemies":"Nemesis","floor":48,"turns":1},{"damage":0,"enemies":"Awakened One","floor":50,"turns":2},{"damage":0,"enemies":"Time Eater","floor":51,"turns":1},{"damage":0,"enemies":"Shield and Spear","floor":56,"turns":1},{"damage":0,"enemies":"The Heart","floor":57,"turns":1}],"seed_played":"6130213794664390959","potions_obtained":[{"floor":2.0,"key":"Swift Potion"},{"floor":3.0,"key":"Energy Potion"},{"floor":13.0,"key":"Dexterity Potion"},{"floor":16.0,"key":"testmod-TimePotion"},{"floor":24.0,"key":"Fruit Juice"},{"floor":25.0,"key":"Dota2Spire:HealingSalve"},{"floor":33.0,"key":"Fire Potion"},{"floor":37,"key":"Swift Potion"}],"is_trial":false,"path_per_floor":["M","M","M","?","M","E","?","E","T","E","R","?","M","E","R","B",null,"M","?","M","M","?","E","M","E","T","?","E","M","E","M","R","B",null,"M","$","M","M","?","E","M","M","T","E","R","M","?","E","R","B","B",null,null,"$","R","E","B",null],"character_chosen":"THE_SPIRIT","items_purchased":["hexamod:TimeWarp","MostiFishMod:PerfectForm","Dota2Spire:PowerTreads","Oddly Smooth Stone","Dota2Spire:EchoSabre","hexamod:BolsterEngine","hexamod:RecyclingMachine","CultistPotion"],"campfire_rested":0,"item_purchase_floors":[17,34,36,36,54,54,54,54],"current_hp_per_floor":[51,51,45,45,42,30,30,37,37,43,43,43,43,44,44,44,55,51,36,32,69,69,69,74,74,81,81,81,81,81,81,81,81,69,56,56,56,44,44,44,44,44,44,44,44,34,34,34,34,34,34,34,60,60,60,60,60],"gold":71,"neow_bonus":"BOSS_RELIC","is_daily":false,"chose_seed":false,"campfire_upgraded":3,"win_rate":0.0,"timestamp":1609508174,"path_taken":["M","M","M","?","M","E","?","E","T","E","R","?","M","E","R","BOSS","M","?","M","M","?","E","?","E","T","?","E","M","E","?","R","BOSS","M","$","M","M","?","E","M","M","T","E","R","M","?","E","R","BOSS","BOSS","$","R","E","BOSS"],"items_purchased_type":["Card","Card","Relic","Relic","Relic","Relic","Relic","Potion"],"build_version":"2020-12-22","purchased_purges":2,"victory":true,"max_hp_per_floor":[63,63,63,63,63,63,63,63,63,63,63,63,63,63,63,63,59,59,59,59,69,69,69,74,74,81,81,81,81,81,81,81,81,69,69,69,69,69,69,69,69,69,69,69,69,69,69,69,69,69,69,69,69,69,69,69,69],"card_choices":[{"not_picked":[],"picked":"ChaosCard","floor":0.0},{"not_picked":["hexamod:NightmareGuise","hexamod:PhantomCloak","hexamod:AdvancingGuard"],"picked":"SKIP","floor":1.0},{"not_picked":["hexamod:FastForward","hexamod:SwordOfDarkness"],"picked":"hexamod:Hexaguard","floor":2.0},{"not_picked":["hexamod:GhostOfSpirePast","hexamod:ThermalTransfer"],"picked":"hexamod:FifthSeal","floor":3.0},{"not_picked":["hexamod:FirstSeal","hexamod:FourthSeal"],"picked":"hexamod:SixthSeal","floor":5.0},{"not_picked":["hexamod:FastForward","hexamod:AdvancingGuard","hexamod:HauntingEcho"],"picked":"SKIP","floor":5.0},{"not_picked":["hexamod:TimeOfNeed","hexamod:SoulSteal"],"picked":"hexamod:FirstSeal","floor":6.0},{"not_picked":["hexamod:FourthSeal","hexamod:SecondSeal"],"picked":"hexamod:ThirdSeal","floor":8.0},{"not_picked":["hexamod:ThirdSeal","hexamod:RecurringNightmare","hexamod:NightmareStrike"],"picked":"SKIP","floor":8.0},{"not_picked":["hexamod:FirstSeal","hexamod:FourthSeal"],"picked":"hexamod:SecondSeal","floor":10.0},{"not_picked":["hexamod:RainOfEmbers","hexamod:NightmareGuise"],"picked":"hexamod:WildfireWeapon","floor":10.0},{"not_picked":["hexamod:ExtraCrispy","hexamod:UnleashSpirits"],"picked":"hexamod:Rewind","floor":10.0},{"not_picked":["hexamod:SecondSeal","hexamod:SixthSeal"],"picked":"hexamod:FourthSeal","floor":13.0},{"not_picked":["hexamod:FourthSeal","hexamod:SpectralAdrenaline"],"picked":"hexamod:GhostOfSpirePast","floor":13.0},{"not_picked":["hexamod:ThermalTransfer","hexamod:Firestarter","hexamod:BacktrackSmack"],"picked":"SKIP","floor":13.0},{"not_picked":["hexamod:FirstSeal","hexamod:SixthSeal","hexamod:ThirdSeal"],"picked":"SKIP","floor":14.0},{"not_picked":["hexamod:HeatMetal","hexamod:RetreatToShadows","hexamod:DynamicBlow"],"picked":"SKIP","floor":14.0},{"not_picked":["hexamod:Toasty","hexamod:EmpoweringStance"],"picked":"hexamod:TimeOfNeed","floor":16.0},{"not_picked":["hexamod:NightmareGuise"],"picked":"SKIP","floor":18.0},{"not_picked":["hexamod:Firestarter"],"picked":"SKIP","floor":18.0},{"not_picked":["hexamod:FourthSeal"],"picked":"SKIP","floor":20.0},{"not_picked":["hexamod:ExtraCrispy"],"picked":"SKIP","floor":20.0},{"not_picked":["hexamod:NightmareGuise"],"picked":"SKIP","floor":21.0},{"not_picked":["hexamod:FastForward"],"picked":"SKIP","floor":21.0},{"not_picked":["hexamod:HauntingEcho"],"picked":"SKIP","floor":23.0},{"not_picked":["hexamod:EtherealExpedition"],"picked":"SKIP","floor":24.0},{"not_picked":["hexamod:TimeOfNeed"],"picked":"SKIP","floor":25.0},{"not_picked":["hexamod:HeatMetal"],"picked":"SKIP","floor":28.0},{"not_picked":["hexamod:AdvancingGuard"],"picked":"SKIP","floor":29.0},{"not_picked":["hexamod:BurningTouch"],"picked":"SKIP","floor":30.0},{"not_picked":["hexamod:NightmareStrike"],"picked":"SKIP","floor":31.0},{"not_picked":["hexamod:SuperheatedStrike"],"picked":"SKIP","floor":35},{"not_picked":["hexamod:HauntingEcho+1"],"picked":"SKIP","floor":37},{"not_picked":["hexamod:HauntingEcho"],"picked":"SKIP","floor":40},{"not_picked":["hexamod:FlamesFromBeyond+1"],"picked":"SKIP","floor":41},{"not_picked":["hexamod:RainOfEmbers"],"picked":"SKIP","floor":42},{"not_picked":["hexamod:HeatShield"],"picked":"SKIP","floor":44},{"not_picked":[],"picked":"hexamod:HeatShield","floor":44},{"not_picked":["hexamod:DynamicBlow"],"picked":"SKIP","floor":46},{"not_picked":["hexamod:PhantomFireball+1"],"picked":"SKIP","floor":48},{"not_picked":["hexamod:Firestarter"],"picked":"SKIP","floor":56}],"player_experience":1216570,"relics_obtained":[{"floor":1.0,"key":"LetterFromLob"},{"floor":6.0,"key":"hexamod:MatchstickCase"},{"floor":8.0,"key":"Dota2Spire:BlackKingBar"},{"floor":10.0,"key":"Letter Opener"},{"floor":14.0,"key":"GodSword3"},{"floor":23.0,"key":"Art of War"},{"floor":25.0,"key":"Boot"},{"floor":26.0,"key":"Strawberry"},{"floor":28.0,"key":"hexamod:SoulConsumer"},{"floor":30.0,"key":"Old Coin"},{"floor":40,"key":"testmod-TurbochargingSystem"},{"floor":43,"key":"ZombieArmy"},{"floor":44,"key":"Vajra"},{"floor":48,"key":"Nunchaku"},{"floor":56,"key":"testmod-OneHitWonder"}],"event_choices":[{"damage_healed":0,"gold_gain":0,"player_choice":"Memory 1","damage_taken":0,"max_hp_gain":0,"max_hp_loss":0,"event_name":"SensoryStone","floor":39,"gold_loss":0},{"damage_healed":0,"gold_gain":0,"player_choice":"Ignored","damage_taken":0,"max_hp_gain":0,"max_hp_loss":0,"event_name":"The Moai Head","floor":47,"gold_loss":0}],"is_beta":false,"boss_relics":[{"not_picked":["testmod-NegativeEmotionEnhancer","Calling Bell"],"picked":"Busted Crown"},{"not_picked":[]},{"not_picked":["testmod-BatchProcessingSystem","Tiny House"],"picked":"ShadowXiaoBlade"},{"not_picked":[]}],"items_purged_floors":[34,36],"is_endless":false,"potions_floor_spawned":[2,3,13,23,24,25,30,33,35,37,41,44,56],"ascension_level":20}}