{"host":"9tzam4717zt8ei1o","time":1609532204,"event":{"mods":["BaseMod","Colored Map","Keyboard Shortcuts","Minty Spire (QoL Compilation)","Quick Restart","StSLib","SuperFastMode"],"gold_per_floor":[118,35,35,47,47,47,75,88,88,13,46,64,77,110,110,110,110],"floor_reached":16,"playtime":255,"items_purged":[],"score":340,"play_id":"b75eb5f3-06a1-4353-b61b-5c907608eae4","local_time":"20210102051644","is_ascension_mode":true,"campfire_choices":[{"data":"Fire Breathing","floor":6,"key":"SMITH"},{"data":"Shockwave","floor":15,"key":"SMITH"}],"circlet_count":0,"master_deck":["AscendersBane","Strike_R+1","Strike_R","Strike_R","Defend_R","Defend_R","Defend_R","Defend_R","Bash","Twin Strike","Fire Breathing+1","Shrug It Off","Cleave+1","Shockwave+1","Evolve","Evolve"],"relics":["Burning Blood","NeowsBlessing","Unceasing Top","PreservedInsect","Incense Burner","Pear","Whetstone"],"acts_visited":["Exordium"],"potions_floor_usage":[11,16],"damage_taken":[{"damage":0,"enemies":"Jaw Worm","floor":1,"turns":1},{"damage":0,"enemies":"Cultist","floor":4,"turns":1},{"damage":0,"enemies":"Gremlin Nob","floor":7,"turns":1},{"damage":7,"enemies":"Small Slimes","floor":8,"turns":4},{"damage":22,"enemies":"Lagavulin","floor":11,"turns":7},{"damage":3,"enemies":"Blue Slaver","floor":12,"turns":5},{"damage":11,"enemies":"Looter","floor":13,"turns":4},{"damage":0,"enemies":"3 Sentries","floor":14,"turns":3},{"damage":62,"enemies":"Hexaghost","floor":16,"turns":10}],"seed_played":"1605611600210423198","potions_obtained":[{"floor":7,"key":"SkillPotion"},{"floor":8,"key":"PowerPotion"},{"floor":13,"key":"SteroidPotion"}],"is_trial":false,"path_per_floor":["M","$","?","M","?","R","E","M","T","?","E","M","M","E","R","B"],"character_chosen":"IRONCLAD","items_purchased":["Fire Breathing"],"campfire_rested":0,"item_purchase_floors":[2],"current_hp_per_floor":[74,74,74,75,57,57,63,62,62,62,56,59,54,60,60,0,0],"gold":110,"neow_bonus":"THREE_ENEMY_KILL","is_daily":false,"chose_seed":false,"campfire_upgraded":2,"win_rate":0.0,"timestamp":1609532204,"path_taken":["M","$","?","?","?","R","E","M","T","?","E","M","M","E","R","BOSS"],"items_purchased_type":["Card"],"build_version":"2020-12-22","purchased_purges":0,"victory":false,"max_hp_per_floor":[75,75,75,75,75,75,75,75,75,75,85,85,85,85,85,85,85],"card_choices":[{"not_picked":["Headbutt","Flex"],"picked":"Twin Strike","floor":1},{"not_picked":["Thunderclap","Armaments","Sword Boomerang"],"picked":"SKIP","floor":4},{"not_picked":["Searing Blow","Intimidate"],"picked":"Shrug It Off","floor":7},{"not_picked":["True Grit","Infernal Blade"],"picked":"Cleave","floor":8},{"not_picked":["Pommel Strike","True Grit"],"picked":"Shockwave","floor":11},{"not_picked":["Pommel Strike","Feed"],"picked":"Evolve","floor":12},{"not_picked":["Entrench","Iron Wave","Armaments"],"picked":"SKIP","floor":13},{"not_picked":["Hemokinesis","Thunderclap"],"picked":"Evolve","floor":14}],"player_experience":141250,"relics_obtained":[{"floor":7,"key":"PreservedInsect"},{"floor":9,"key":"Incense Burner"},{"floor":11,"key":"Pear"},{"floor":14,"key":"Whetstone"}],"event_choices":[{"cards_removed":["Strike_R"],"damage_healed":0,"gold_gain":0,"player_choice":"Purged","damage_taken":0,"max_hp_gain":0,"max_hp_loss":0,"event_name":"Purifier","floor":3,"gold_loss":0},{"damage_healed":0,"gold_gain":0,"player_choice":"Success","damage_taken":18,"relics_obtained":["Unceasing Top"],"max_hp_gain":0,"max_hp_loss":0,"event_name":"Scrap Ooze","floor":5,"gold_loss":0},{"cards_removed":["Strike_R"],"damage_healed":0,"gold_gain":0,"player_choice":"Card Removal","damage_taken":0,"max_hp_gain":0,"max_hp_loss":0,"event_name":"The Cleric","floor":10,"gold_loss":75}],"is_beta":false,"boss_relics":[],"items_purged_floors":[],"is_endless":false,"potions_floor_spawned":[7,8,13],"killed_by":"Hexaghost","ascension_level":20}}