{"host":"ff0k6g9g9j8o52vm","time":1609490666,"event":{"mods":["AchievementEnabler","Aspiration","Astrologer","BaseMod","Beaked The Cultist","Better Altar","Better Note","Better Sensory Stone","Better Skull","Better Third Choice","Colored Map","Colored Powertips","Curses Come First","Downfall","Energized Spire","GifTheSpireLib","Gremlin Mod","Hermit","Highlight Path","Hubris","Infinite Spire","Jorbs\u0027s Wanderer Trilogy","Koishi","Marisa????????","Minty Spire (QoL Compilation)","Quick Restart","Random Character Button","Replay The Spire","Robot Space Explorer","Shade Mod","Somnambulant","StSLib","The Bug Knight","The Clintock","The Construct","The Cursed","The Disciple","The Dragon Tamer","The Forsaken","The Gatherer","The Hayseed","The Hierophant","The Jungle","The Marked","The Mystic","The Necromancer","The Poker Player","The Runesmith","The Sage","The Saiyan","The Senshi","The Servant 0.9.4","The Wild Card","TheArtist","Wandering Minibosses","Yuri Mod","vexMod"],"gold_per_floor":[113,127,144,144,144,177,177,505,532,532,532,138,158,172,172,269,269,286,302,302,77,92,92,102,102,102,102,2,18,31,43,43,143,143,159,173,61,80,80,80,80,80],"floor_reached":41,"playtime":2296,"items_purged":["stsjorbsmod:Strike_Wanderer","stsjorbsmod:Strike_Wanderer"],"score":580,"play_id":"678e31fc-40f2-4823-a1db-85932a38b11f","local_time":"20210101004426","is_ascension_mode":false,"campfire_choices":[{"floor":7,"key":"REST"},{"floor":10,"key":"REST"},{"data":"stsjorbsmod:FindFamiliar","floor":15,"key":"SMITH"},{"floor":23,"key":"REST"},{"data":"stsjorbsmod:MagicMissiles","floor":25,"key":"SMITH"},{"floor":32,"key":"REST"},{"floor":40,"key":"REST"}],"circlet_count":0,"master_deck":["stsjorbsmod:ForbiddenGrimoire+1","stsjorbsmod:Strike_Wanderer","stsjorbsmod:Defend_Wanderer+1","stsjorbsmod:Defend_Wanderer","stsjorbsmod:Defend_Wanderer","stsjorbsmod:FreshAdventure","stsjorbsmod:EyeOfTheStorm","stsjorbsmod:FindFamiliar+1","stsjorbsmod:Introspection","stsjorbsmod:TrueStrike+1","stsjorbsmod:MistyStep+1","stsjorbsmod:Firebolt","stsjorbsmod:ArcaneForm+1","stsjorbsmod:Fireball+1","stsjorbsmod:ColorSpray","stsjorbsmod:Index","stsjorbsmod:ParryingBlow","stsjorbsmod:SiphonEnergy","Injury","stsjorbsmod:Exhale","stsjorbsmod:Rediscovery","Deep Breath","infinitespire:NeuralNetwork","stsjorbsmod:WanderingMind","stsjorbsmod:ArcaneWeapon","stsjorbsmod:Fireball+1","stsjorbsmod:HoldMonster","stsjorbsmod:MagicMissiles+1","stsjorbsmod:Materialize","stsjorbsmod:BurningFlask+1","stsjorbsmod:RayOfFrost+1","stsjorbsmod:Pyromancy","stsjorbsmod:ChainLightning+1","stsjorbsmod:UnseenServant+1","stsjorbsmod:FaerieFire","stsjorbsmod:TrueStrike+1"],"relics":["stsjorbsmod:GrimoireRelic","Peace Pipe","Anchor","Old Coin","Orichalcum","vexMod:PaidLearning","ReplayTheSpireMod:SealedPack","Mirror","hubris:HollowSoul"],"acts_visited":["Exordium","TheCity","TheBeyond"],"potions_floor_usage":[8,24,30,30,33,41,41],"damage_taken":[{"damage":2,"enemies":"2 Louse","floor":1,"turns":3},{"damage":0,"enemies":"Small Slimes","floor":2,"turns":4},{"damage":11,"enemies":"Jaw Worm","floor":3,"turns":4},{"damage":34,"enemies":"3 Sentries","floor":6,"turns":7},{"damage":24,"enemies":"Lagavulin","floor":8,"turns":4},{"damage":0,"enemies":"Blue Slaver","floor":13,"turns":3},{"damage":10,"enemies":"Exordium Thugs","floor":14,"turns":3},{"damage":17,"enemies":"Slime Boss","floor":16,"turns":6},{"damage":20,"enemies":"2 Thieves","floor":18,"turns":3},{"damage":34,"enemies":"Shell Parasite","floor":19,"turns":5},{"damage":1,"enemies":"Centurion and Healer","floor":22,"turns":4},{"damage":16,"enemies":"Cultist and Chosen","floor":24,"turns":5},{"damage":26,"enemies":"Snake Plant","floor":29,"turns":3},{"damage":17,"enemies":"Centurion and Healer","floor":30,"turns":4},{"damage":4,"enemies":"Chosen and Byrds","floor":31,"turns":4},{"damage":24,"enemies":"Pondfish","floor":33,"turns":12},{"damage":41,"enemies":"3 Darklings","floor":35,"turns":4},{"damage":3,"enemies":"Orb Walker","floor":36,"turns":6},{"damage":37,"enemies":"Sphere and 2 Shapes","floor":38,"turns":4},{"damage":16,"enemies":"Maw","floor":41,"turns":6}],"seed_played":"-722322161906375353","potions_obtained":[{"floor":2,"key":"SteroidPotion"},{"floor":3,"key":"DistilledChaos"},{"floor":18,"key":"ColorlessPotion"},{"floor":19,"key":"stsjorbsmod:BurningPotion"},{"floor":29,"key":"SkillPotion"},{"floor":33,"key":"BlessingOfTheForge"},{"floor":36,"key":"Elixir"}],"is_trial":false,"path_per_floor":["M","M","M","?","?","E","R","E","T","R","?","$","M","M","R","B",null,"M","M","?","$","M","R","M","R","T","?","$","M","M","M","R","B",null,"M","M","$","M","?","R","M"],"character_chosen":"WANDERER","items_purchased":["vexMod:PaidLearning","stsjorbsmod:Fireball+1","stsjorbsmod:ColorSpray","stsjorbsmod:Index","stsjorbsmod:HoldMonster","stsjorbsmod:FaerieFire","ColorlessPotion"],"campfire_rested":5,"item_purchase_floors":[12,12,12,12,21,37,37],"current_hp_per_floor":[74,78,69,57,57,24,47,26,26,49,75,75,78,69,69,55,78,61,31,31,31,32,55,42,42,42,42,42,18,5,4,27,3,78,44,46,46,14,14,38,0,0],"gold":80,"neow_bonus":"TEN_PERCENT_HP_BONUS","is_daily":false,"chose_seed":false,"campfire_upgraded":2,"win_rate":0.0,"timestamp":1609490666,"path_taken":["M","M","M","?","?","E","R","E","T","R","?","$","M","M","R","BOSS","M","M","?","?","M","R","M","R","T","?","$","M","M","?","R","BOSS","M","M","$","M","?","R","M"],"items_purchased_type":["Relic","Card","Card","Card","Card","Card","Potion"],"build_version":"2020-12-22","purchased_purges":2,"victory":false,"max_hp_per_floor":[74,78,78,78,78,78,78,78,78,78,78,78,78,78,78,78,78,78,78,78,78,78,78,78,78,78,78,78,78,78,78,78,78,78,80,80,80,80,80,80,80,80],"card_choices":[{"not_picked":["stsjorbsmod:Prestidigitation","stsjorbsmod:Firebolt"],"picked":"stsjorbsmod:FindFamiliar","floor":1},{"not_picked":["stsjorbsmod:DoubleCheck","stsjorbsmod:BurningFlask"],"picked":"stsjorbsmod:Introspection","floor":2},{"not_picked":["stsjorbsmod:Hurt","stsjorbsmod:RayOfFrost"],"picked":"stsjorbsmod:TrueStrike","floor":3},{"not_picked":["stsjorbsmod:ParryingBlow","stsjorbsmod:Prestidigitation"],"picked":"stsjorbsmod:Firebolt","floor":6},{"not_picked":["stsjorbsmod:ArcaneWeapon","stsjorbsmod:Inferno"],"picked":"stsjorbsmod:ArcaneForm","floor":8},{"not_picked":["stsjorbsmod:Will","stsjorbsmod:Hurt","stsjorbsmod:BlackTentacles"],"picked":"SKIP","floor":13},{"not_picked":["stsjorbsmod:BurningFlask","stsjorbsmod:ChatteringStrike"],"picked":"stsjorbsmod:ParryingBlow","floor":14},{"not_picked":["stsjorbsmod:ArcaneForm","stsjorbsmod:Trauma"],"picked":"stsjorbsmod:SiphonEnergy","floor":16},{"not_picked":["MasterSpark","Zap"],"picked":"stsjorbsmod:Exhale","floor":17},{"not_picked":["stsjorbsmod:IvoryTower","stsjorbsmod:DeathThroes"],"picked":"stsjorbsmod:Rediscovery","floor":17},{"not_picked":["Replay:SS_forest_2","expansioncontent:SlimeTackle"],"picked":"Deep Breath","floor":17},{"not_picked":["ReplayTheSpireMod:Haul","ReplayTheSpireMod:Chaos Vortex"],"picked":"infinitespire:NeuralNetwork","floor":17},{"not_picked":["stsjorbsmod:Mindworm","stsjorbsmod:Hurt"],"picked":"stsjorbsmod:WanderingMind","floor":18},{"not_picked":["stsjorbsmod:Index","stsjorbsmod:Firebolt"],"picked":"stsjorbsmod:ArcaneWeapon","floor":19},{"not_picked":["stsjorbsmod:RefuseToForget","stsjorbsmod:Rest","stsjorbsmod:Fear"],"picked":"SKIP","floor":22},{"not_picked":["stsjorbsmod:Channel+1","stsjorbsmod:Aid+1"],"picked":"stsjorbsmod:MagicMissiles","floor":24},{"not_picked":["stsjorbsmod:Hibernate+1","stsjorbsmod:Firebolt","stsjorbsmod:ChainLightning"],"picked":"SKIP","floor":29},{"not_picked":["stsjorbsmod:ChainLightning+1","stsjorbsmod:Hurt"],"picked":"stsjorbsmod:BurningFlask+1","floor":30},{"not_picked":["stsjorbsmod:Firebolt","stsjorbsmod:Hibernate"],"picked":"stsjorbsmod:RayOfFrost+1","floor":31},{"not_picked":["stsjorbsmod:Fear","stsjorbsmod:Withdraw"],"picked":"stsjorbsmod:Pyromancy","floor":33},{"not_picked":["stsjorbsmod:DoubleCheck","stsjorbsmod:Mending"],"picked":"stsjorbsmod:ChainLightning+1","floor":35},{"not_picked":["stsjorbsmod:Prestidigitation","stsjorbsmod:Message"],"picked":"stsjorbsmod:UnseenServant+1","floor":36},{"not_picked":["stsjorbsmod:Prepare+1","stsjorbsmod:Will+1"],"picked":"stsjorbsmod:TrueStrike+1","floor":38}],"player_experience":950523,"relics_obtained":[{"floor":6,"key":"Anchor"},{"floor":8,"key":"Old Coin"},{"floor":9,"key":"Orichalcum"},{"floor":26,"key":"Mirror"}],"event_choices":[{"damage_healed":0,"gold_gain":0,"player_choice":"Relic ","damage_taken":12,"max_hp_gain":0,"max_hp_loss":0,"event_name":"betterThird:BetterScrap","floor":4,"gold_loss":0,"cards_obtained":["DeusExMachina"]},{"damage_healed":26,"gold_gain":0,"player_choice":"Banana","damage_taken":0,"max_hp_gain":0,"max_hp_loss":0,"event_name":"Big Fish","floor":11,"gold_loss":0},{"damage_healed":0,"gold_gain":0,"player_choice":"Copied","damage_taken":0,"max_hp_gain":0,"max_hp_loss":0,"event_name":"Duplicator","floor":20,"gold_loss":0,"cards_obtained":["stsjorbsmod:Fireball"]},{"damage_healed":0,"gold_gain":0,"cards_transformed":["stsjorbsmod:Strike_Wanderer"],"player_choice":"Transformed","damage_taken":0,"max_hp_gain":0,"max_hp_loss":0,"event_name":"Transmorgrifier","floor":27,"gold_loss":0,"cards_obtained":["stsjorbsmod:Materialize"]},{"cards_removed":["stsjorbsmod:FaerieFire"],"damage_healed":0,"gold_gain":0,"player_choice":"Removed Skill","damage_taken":0,"max_hp_gain":0,"max_hp_loss":0,"event_name":"Falling","floor":39,"gold_loss":0}],"is_beta":false,"boss_relics":[{"not_picked":["hubris:TerracottaHorce","hubris:Backtick"],"picked":"ReplayTheSpireMod:SealedPack"},{"not_picked":["infinitespire:Cupcake","aspiration:ServantSkillbook"],"picked":"hubris:HollowSoul"}],"items_purged_floors":[21,28],"is_endless":false,"potions_floor_spawned":[2,3,18,19,22,29,33,36],"killed_by":"Maw","ascension_level":0}}