{"host":"vmo6qas4tfa0p776","time":1609528062,"event":{"mods":["AchievementEnabler","BaseMod","Bestiary","Better Altar","Better Match","Better Note","Better Sensory Stone","Better Skull","Better Third Choice","Colored Map","Downfall","Minty Spire (QoL Compilation)","Relic Stats","Robot Space Explorer","Spicy Shops","StSLib","The Marked"],"gold_per_floor":[114,126,142,142,153,153,182,198,222,222,13,29,59,118,118,118,118],"floor_reached":16,"playtime":915,"items_purged":[],"score":118,"play_id":"e8cfd7e8-a9bd-4fe2-942d-278e1927b8e7","local_time":"20210101140742","is_ascension_mode":true,"campfire_choices":[{"data":"Eruption","floor":6,"key":"SMITH"},{"floor":10,"key":"REST"},{"floor":15,"key":"REST"}],"circlet_count":0,"master_deck":["Strike_P","Strike_P","Strike_P","Strike_P","Defend_P","Defend_P","Defend_P","Defend_P","Eruption+1","Vigilance","EmptyMind","FollowUp","BowlingBash","Prostrate","SandsOfTime","Prostrate","Normality","Conclude","PathToVictory","MentalFortress","Brilliance"],"relics":["PureWater","Regal Pillow","Orichalcum","Potion Belt","Toy Ornithopter","Bottled Flame","Boot"],"acts_visited":["Exordium"],"potions_floor_usage":[7,13,16],"damage_taken":[{"damage":2,"enemies":"2 Louse","floor":1,"turns":4},{"damage":7,"enemies":"Cultist","floor":2,"turns":3},{"damage":0,"enemies":"Jaw Worm","floor":3,"turns":1},{"damage":0,"enemies":"Looter","floor":5,"turns":3},{"damage":26,"enemies":"3 Sentries","floor":7,"turns":6},{"damage":20,"enemies":"Large Slime","floor":8,"turns":5},{"damage":6,"enemies":"Exordium Wildlife","floor":12,"turns":3},{"damage":21,"enemies":"Lagavulin","floor":13,"turns":6},{"damage":79,"enemies":"Hexaghost","floor":16,"turns":2}],"seed_played":"2009871534172000840","potions_obtained":[{"floor":1,"key":"Strength Potion"},{"floor":2,"key":"Block Potion"},{"floor":8,"key":"Weak Potion"},{"floor":13,"key":"DuplicationPotion"}],"is_trial":false,"path_per_floor":["M","M","M","?","M","R","E","M","T","R","$","M","E","?","R","B"],"character_chosen":"WATCHER","items_purchased":["Bottled Flame","Conclude","PathToVictory"],"campfire_rested":2,"item_purchase_floors":[11,11,11],"current_hp_per_floor":[70,63,63,63,63,63,37,17,17,53,53,47,31,31,67,0,0],"gold":118,"neow_bonus":"RANDOM_COMMON_RELIC","is_daily":false,"chose_seed":false,"campfire_upgraded":1,"win_rate":0.0,"timestamp":1609528062,"path_taken":["M","M","M","?","?","R","E","M","T","R","$","M","E","?","R","BOSS"],"items_purchased_type":["Relic","Card","Card"],"build_version":"2020-12-22","purchased_purges":0,"victory":false,"max_hp_per_floor":[72,72,72,72,72,72,72,72,72,72,72,72,72,72,72,72,72],"relic_stats":{"Regal Pillow":30,"counters":[9,33],"Orichalcum":[18],"Boot":[0],"obtain_stats":[{"Potion Belt":7,"Regal Pillow":0,"Bottled Flame":11,"PureWater":0,"Orichalcum":4,"Boot":13,"Toy Ornithopter":9},{"Potion Belt":5,"Regal Pillow":0,"Bottled Flame":6,"PureWater":0,"Orichalcum":3,"Boot":8,"Toy Ornithopter":6},{"Potion Belt":17,"Regal Pillow":0,"Bottled Flame":22,"PureWater":0,"Orichalcum":8,"Boot":31,"Toy Ornithopter":22}],"Toy Ornithopter":10},"card_choices":[{"not_picked":["JustLucky","MentalFortress"],"picked":"EmptyMind","floor":1},{"not_picked":["Consecrate","WaveOfTheHand"],"picked":"FollowUp","floor":2},{"not_picked":["EmptyBody","WheelKick"],"picked":"BowlingBash","floor":3},{"not_picked":["FollowUp","MentalFortress"],"picked":"Prostrate","floor":5},{"not_picked":["Crescendo","InnerPeace"],"picked":"SandsOfTime","floor":7},{"not_picked":["CutThroughFate","Evaluate"],"picked":"Prostrate","floor":8},{"not_picked":["Protect","FlyingSleeves"],"picked":"MentalFortress","floor":12},{"not_picked":["FlurryOfBlows","Protect"],"picked":"Brilliance","floor":13}],"player_experience":234517,"relics_obtained":[{"floor":7,"key":"Potion Belt"},{"floor":9,"key":"Toy Ornithopter"},{"floor":13,"key":"Boot"}],"event_choices":[{"damage_healed":0,"gold_gain":0,"player_choice":"Gave Potion","damage_taken":0,"relics_obtained":["Orichalcum"],"max_hp_gain":0,"max_hp_loss":0,"event_name":"WeMeetAgain","floor":4,"gold_loss":0},{"damage_healed":0,"gold_gain":59,"player_choice":"Gained Gold","damage_taken":0,"max_hp_gain":0,"max_hp_loss":0,"event_name":"Golden Wing","floor":14,"gold_loss":0}],"is_beta":false,"boss_relics":[],"items_purged_floors":[],"is_endless":false,"potions_floor_spawned":[1,2,8,13],"killed_by":"Hexaghost","ascension_level":1}}