{"host":"1ltt377nc7aury4n","time":1609473639,"event":{"mods":["AchievementEnabler","BaseMod","Best Route Mod","Colored Powertips","Minty Spire (QoL Compilation)","StSLib"],"gold_per_floor":[109,109,128,128,128,159,159,159,186,202,47,107,10,26,26,128,128,141,141,66,66,78,78,88,88,136,155,155,171,181,216,216,318,318,336,336,346,365,181,181,35,48,127,154,174,190,190,190],"floor_reached":47,"playtime":4012,"items_purged":["Regret"],"score":525,"play_id":"f362faf4-8c5c-4cc6-a1c9-50c38d4507e0","local_time":"20201231230039","is_ascension_mode":true,"campfire_choices":[{"data":"Meditate","floor":7.0,"key":"SMITH"},{"floor":15.0,"key":"REST"},{"floor":23.0,"key":"REST"},{"data":"Establishment","floor":25.0,"key":"SMITH"},{"floor":32.0,"key":"REST"},{"floor":40,"key":"REST"}],"circlet_count":0,"master_deck":["Eruption+1","Vigilance","Meditate+1","Consecrate","EmptyFist","ClearTheMind+1","FlurryOfBlows","CutThroughFate","Establishment+1","CutThroughFate","Crescendo","Evaluate","LikeWater","CarveReality","CutThroughFate","Study","SashWhip","ThirdEye","Fasting2","FlyingSleeves+1","The Bomb+1","DeusExMachina"],"relics":["Philosopher\u0027s Stone","Lizard Tail","Regal Pillow","Orichalcum","Bag of Marbles","Lee\u0027s Waffle","CaptainsWheel","Busted Crown","Enchiridion","Pen Nib","Pocketwatch","Pandora\u0027s Box","War Paint","Letter Opener","Strawberry"],"acts_visited":["Exordium","TheCity","TheBeyond"],"potions_floor_usage":[37,44,46,46,47],"damage_taken":[{"damage":0.0,"enemies":"Small Slimes","floor":1.0,"turns":2.0},{"damage":0.0,"enemies":"Cultist","floor":3.0,"turns":4.0},{"damage":29.0,"enemies":"Lagavulin","floor":6.0,"turns":6.0},{"damage":0.0,"enemies":"2 Louse","floor":10.0,"turns":1.0},{"damage":38.0,"enemies":"Lagavulin Event","floor":12.0,"turns":6.0},{"damage":0.0,"enemies":"2 Fungi Beasts","floor":14.0,"turns":2.0},{"damage":50.0,"enemies":"Hexaghost","floor":16.0,"turns":6.0},{"damage":26.0,"enemies":"2 Thieves","floor":18.0,"turns":3.0},{"damage":1.0,"enemies":"Chosen","floor":22.0,"turns":4.0},{"damage":21.0,"enemies":"Snake Plant","floor":24.0,"turns":3.0},{"damage":7.0,"enemies":"Snecko","floor":27.0,"turns":5.0},{"damage":19.0,"enemies":"Colosseum Slavers","floor":28.0,"turns":2.0},{"damage":6.0,"enemies":"3 Cultists","floor":29.0,"turns":4.0},{"damage":11.0,"enemies":"Centurion and Healer","floor":30.0,"turns":2.0},{"damage":26.0,"enemies":"Gremlin Leader","floor":31.0,"turns":4.0},{"damage":54.0,"enemies":"Automaton","floor":33.0,"turns":8.0},{"damage":16,"enemies":"3 Darklings","floor":35,"turns":3},{"damage":26,"enemies":"3 Shapes","floor":37,"turns":3},{"damage":17,"enemies":"Maw","floor":38,"turns":5},{"damage":21,"enemies":"4 Shapes","floor":42,"turns":3},{"damage":10,"enemies":"Nemesis","floor":44,"turns":3},{"damage":4,"enemies":"Spire Growth","floor":45,"turns":4},{"damage":36,"enemies":"Sphere and 2 Shapes","floor":46,"turns":5},{"damage":10,"enemies":"3 Darklings","floor":47,"turns":2}],"seed_played":"7080568126527361729","potions_obtained":[{"floor":1.0,"key":"DistilledChaos"},{"floor":14.0,"key":"Strength Potion"},{"floor":16.0,"key":"LiquidMemories"},{"floor":24.0,"key":"Swift Potion"},{"floor":27.0,"key":"Ambrosia"},{"floor":30.0,"key":"Swift Potion"},{"floor":31.0,"key":"Ancient Potion"},{"floor":33.0,"key":"Regen Potion"},{"floor":38,"key":"EssenceOfSteel"},{"floor":44,"key":"BlessingOfTheForge"},{"floor":45,"key":"DuplicationPotion"},{"floor":46,"key":"AttackPotion"}],"is_trial":false,"path_per_floor":["M","?","M","?","?","E","R","?","T","M","$","?","$","M","R","B",null,"M","?","?","?","M","R","M","R","T","M","?","M","M","E","R","B",null,"M","?","M","M","$","R","$","M","T","E","M","M","M"],"character_chosen":"WATCHER","items_purchased":["Lee\u0027s Waffle","FlurryOfBlows","The Bomb","War Paint"],"campfire_rested":4,"item_purchase_floors":[11,13,39,41],"current_hp_per_floor":[72,72,72,72,72,43,43,25,25,25,79,41,41,41,79,29,79,53,37,37,37,36,74,53,53,53,46,27,21,10,25,63,9,79,63,63,46,29,29,66,66,45,45,42,38,2,0,0],"gold":190,"neow_bonus":"BOSS_RELIC","is_daily":false,"chose_seed":false,"campfire_upgraded":2,"win_rate":0.0,"timestamp":1609473639,"path_taken":["M","?","?","?","?","E","R","?","T","M","$","?","$","M","R","BOSS","M","?","?","?","M","R","?","R","T","?","?","M","M","E","R","BOSS","M","?","M","M","$","R","$","M","T","E","M","M","M"],"items_purchased_type":["Relic","Card","Card","Relic"],"build_version":"2020-12-22","purchased_purges":1,"victory":false,"max_hp_per_floor":[72,72,72,72,72,72,72,72,72,72,79,79,79,79,79,79,79,79,79,79,79,79,79,79,79,79,79,79,79,79,79,79,79,79,79,75,75,75,75,75,75,75,75,82,82,82,82,82],"card_choices":[{"not_picked":["Pray","FollowUp"],"picked":"Meditate","floor":1.0},{"not_picked":["FlurryOfBlows","CutThroughFate"],"picked":"Consecrate","floor":3.0},{"not_picked":["Worship","ClearTheMind"],"picked":"EmptyFist","floor":6.0},{"not_picked":["Collect","Consecrate","FlurryOfBlows"],"picked":"SKIP","floor":10.0},{"not_picked":["ThirdEye","InnerPeace"],"picked":"ClearTheMind","floor":12.0},{"not_picked":["Evaluate","WreathOfFlame"],"picked":"CutThroughFate","floor":14.0},{"not_picked":["Alpha","MasterReality"],"picked":"Establishment","floor":16.0},{"not_picked":[],"picked":"CutThroughFate","floor":18.0},{"not_picked":[],"picked":"Crescendo","floor":22.0},{"not_picked":["Conclude+1"],"picked":"SKIP","floor":24.0},{"not_picked":["Meditate"],"picked":"SKIP","floor":27.0},{"not_picked":[],"picked":"Evaluate","floor":29.0},{"not_picked":["EmptyBody"],"picked":"SKIP","floor":30.0},{"not_picked":["FlurryOfBlows"],"picked":"SKIP","floor":31.0},{"not_picked":["Indignation"],"picked":"SKIP","floor":35},{"not_picked":["CutThroughFate+1"],"picked":"SKIP","floor":37},{"not_picked":[],"picked":"FlyingSleeves+1","floor":38},{"not_picked":["EmptyBody"],"picked":"SKIP","floor":42},{"not_picked":[],"picked":"DeusExMachina","floor":44},{"not_picked":["Fasting2+1"],"picked":"SKIP","floor":45},{"not_picked":["Worship+1"],"picked":"SKIP","floor":46}],"player_experience":259995,"relics_obtained":[{"floor":6.0,"key":"Regal Pillow"},{"floor":9.0,"key":"Bag of Marbles"},{"floor":12.0,"key":"CaptainsWheel"},{"floor":19.0,"key":"Enchiridion"},{"floor":26.0,"key":"Pen Nib"},{"floor":31.0,"key":"Pocketwatch"},{"floor":43,"key":"Letter Opener"},{"floor":44,"key":"Strawberry"}],"event_choices":[{"damage_healed":0.0,"max_hp_gain":0.0,"max_hp_loss":0.0,"gold_gain":0.0,"event_name":"Upgrade Shrine","player_choice":"Upgraded","floor":2.0,"gold_loss":0.0,"damage_taken":0.0,"cards_upgraded":["Eruption"]},{"damage_healed":0.0,"max_hp_gain":0.0,"max_hp_loss":0.0,"gold_gain":0.0,"event_name":"Big Fish","player_choice":"Box","floor":4.0,"gold_loss":0.0,"damage_taken":0.0,"relics_obtained":["Lizard Tail"],"cards_obtained":["Regret"]},{"damage_healed":0.0,"max_hp_gain":0.0,"max_hp_loss":0.0,"gold_gain":0.0,"event_name":"Liars Game","player_choice":"Ignored","floor":5.0,"gold_loss":0.0,"damage_taken":0.0},{"damage_healed":0.0,"max_hp_gain":0.0,"max_hp_loss":0.0,"gold_gain":0.0,"event_name":"Scrap Ooze","player_choice":"Success","floor":8.0,"gold_loss":0.0,"damage_taken":18.0,"relics_obtained":["Orichalcum"]},{"damage_healed":0.0,"max_hp_gain":0.0,"max_hp_loss":0.0,"gold_gain":0.0,"event_name":"Dead Adventurer","player_choice":"Searched \u00271\u0027 times","floor":12.0,"gold_loss":0.0,"damage_taken":0.0},{"damage_healed":0.0,"max_hp_gain":0.0,"max_hp_loss":0.0,"gold_gain":0.0,"event_name":"Cursed Tome","player_choice":"Obtained Book","floor":19.0,"gold_loss":0.0,"damage_taken":16.0},{"cards_removed":["Strike_P"],"damage_healed":0.0,"max_hp_gain":0.0,"max_hp_loss":0.0,"gold_gain":0.0,"event_name":"Beggar","player_choice":"Gave Gold","floor":20.0,"gold_loss":75.0,"damage_taken":0.0},{"damage_healed":0.0,"max_hp_gain":0.0,"max_hp_loss":0.0,"gold_gain":0.0,"event_name":"The Mausoleum","player_choice":"Ignored","floor":21.0,"gold_loss":0.0,"damage_taken":0.0},{"damage_healed":0.0,"max_hp_gain":0.0,"max_hp_loss":0.0,"gold_gain":0.0,"event_name":"Colosseum","player_choice":"Fight","floor":28.0,"gold_loss":0.0,"damage_taken":0.0},{"damage_healed":0.0,"max_hp_gain":0.0,"max_hp_loss":0.0,"gold_gain":0.0,"event_name":"Colosseum","player_choice":"Fled From Nobs","floor":28.0,"gold_loss":0.0,"damage_taken":0.0},{"damage_healed":0,"gold_gain":0,"player_choice":"Max HP","damage_taken":0,"max_hp_gain":0,"max_hp_loss":4,"event_name":"Winding Halls","floor":36,"gold_loss":0}],"is_beta":false,"boss_relics":[{"not_picked":["Runic Pyramid","Runic Dome"],"picked":"Busted Crown"},{"not_picked":["Cursed Key","Empty Cage"],"picked":"Pandora\u0027s Box"}],"items_purged_floors":[13],"is_endless":false,"potions_floor_spawned":[1,14,16,24,27,30,31,33,38,44,45,46],"killed_by":"3 Darklings","ascension_level":2}}