{"host":"p4zclu0beiy6gkiq","time":1609519941,"event":{"mods":["AchievementEnabler","BaseMod","Bestiary","Colored Map","Colored Powertips","DeckTracker","Minty Spire (QoL Compilation)","Quick Restart","Slay-I","StSLib","SuperFastMode","The Cursed"],"gold_per_floor":[11,11,11,11,32,72,72,108,108,108,149,174,194,229,229,359,359,373,143,143,159,174,209,209,209,209,109,130,130,163,163,163,294,294,319,332,357,372,391,435,435,469,469,490,490,490,526,102,102,102,102,102,4,39,39],"floor_reached":56,"playtime":10125,"items_purged":["Strike_R","Regret","Strike_R"],"score":1406,"play_id":"16e4115f-e2a7-406b-a1cc-6d5153ef3668","local_time":"20210102015221","is_ascension_mode":true,"campfire_choices":[{"data":"Armaments","floor":7,"key":"SMITH"},{"data":"Thunderclap","floor":10,"key":"SMITH"},{"data":"Pommel Strike","floor":15,"key":"SMITH"},{"data":"Feed","floor":25,"key":"SMITH"},{"floor":29,"key":"RECALL"},{"data":"Bloodletting","floor":32,"key":"SMITH"},{"data":"Offering","floor":41,"key":"SMITH"},{"data":"Limit Break","floor":49,"key":"SMITH"},{"data":"Pommel Strike","floor":52,"key":"SMITH"}],"circlet_count":0,"master_deck":["Defend_R","Defend_R","Defend_R","Bash","Anger","Armaments+1","Pommel Strike+1","Thunderclap+1","Inflame+1","Metallicize+1","Dropkick","Pommel Strike+1","Juggernaut+1","True Grit","Feed+1","Bloodletting+1","Warcry","Sword Boomerang+1","Shrug It Off+1","Berserk+1","Offering+1","Iron Wave","Clothesline+1","Corruption+1","Pommel Strike+1","Hemokinesis+1","Limit Break+1","Madness","Madness","Warcry+1","Feel No Pain+1","Dark Embrace+1","Body Slam","Sword Boomerang+1"],"relics":["Burning Blood","Golden Idol","Mummified Hand","Kunai","Eternal Feather","Frozen Egg 2","Pen Nib","Mango","Cursed Key","Enchiridion","Mercury Hourglass","Girya","Coffee Dripper","Bag of Preparation","Nunchaku","Bottled Flame","Centennial Puzzle","Oddly Smooth Stone"],"acts_visited":["Exordium","TheCity","TheBeyond","TheEnding"],"potions_floor_usage":[8,23,30,39,40,50,55,55],"damage_taken":[{"damage":6,"enemies":"2 Louse","floor":1,"turns":3},{"damage":0,"enemies":"Small Slimes","floor":5,"turns":3},{"damage":28,"enemies":"Gremlin Nob","floor":6,"turns":5},{"damage":5,"enemies":"Lagavulin","floor":8,"turns":6},{"damage":10,"enemies":"Gremlin Nob","floor":11,"turns":4},{"damage":0,"enemies":"Cultist","floor":12,"turns":3},{"damage":5,"enemies":"2 Fungi Beasts","floor":13,"turns":3},{"damage":2,"enemies":"Lagavulin","floor":14,"turns":6},{"damage":25,"enemies":"Slime Boss","floor":16,"turns":8},{"damage":0,"enemies":"Spheric Guardian","floor":18,"turns":3},{"damage":0,"enemies":"3 Byrds","floor":21,"turns":3},{"damage":3,"enemies":"Sentry and Sphere","floor":22,"turns":4},{"damage":45,"enemies":"Slavers","floor":23,"turns":4},{"damage":12,"enemies":"Shelled Parasite and Fungi","floor":28,"turns":4},{"damage":11,"enemies":"Gremlin Leader","floor":30,"turns":5},{"damage":4,"enemies":"Champ","floor":33,"turns":8},{"damage":0,"enemies":"Orb Walker","floor":35,"turns":2},{"damage":9,"enemies":"3 Shapes","floor":36,"turns":3},{"damage":19,"enemies":"Jaw Worm Horde","floor":37,"turns":3},{"damage":10,"enemies":"Writhing Mass","floor":38,"turns":3},{"damage":36,"enemies":"4 Shapes","floor":39,"turns":2},{"damage":34,"enemies":"Reptomancer","floor":40,"turns":8},{"damage":6,"enemies":"Nemesis","floor":42,"turns":5},{"damage":8,"enemies":"Sphere and 2 Shapes","floor":44,"turns":4},{"damage":0,"enemies":"Reptomancer","floor":47,"turns":4},{"damage":30,"enemies":"Awakened One","floor":50,"turns":5},{"damage":3,"enemies":"Shield and Spear","floor":54,"turns":3},{"damage":68,"enemies":"The Heart","floor":55,"turns":8}],"seed_played":"5965188587612179960","potions_obtained":[{"floor":5,"key":"Dexterity Potion"},{"floor":13,"key":"SneckoOil"},{"floor":14,"key":"BloodPotion"},{"floor":21,"key":"Weak Potion"},{"floor":22,"key":"AttackPotion"},{"floor":30,"key":"Block Potion"},{"floor":33,"key":"BlessingOfTheForge"},{"floor":37,"key":"SpeedPotion"},{"floor":39,"key":"Weak Potion"},{"floor":40,"key":"EssenceOfSteel"},{"floor":54,"key":"Weak Potion"}],"is_trial":false,"path_per_floor":["M","?","?","?","M","E","R","E","T","R","E","M","M","E","R","B",null,"M","$","?","M","M","E","?","R","T","$","M","R","E","T","R","B",null,"M","M","M","M","M","E","R","E","T","M","?","?","E","$","R","B",null,"R","$","E","B",null],"character_chosen":"IRONCLAD","items_purchased":["Feed","Ancient Potion","Feel No Pain+1","Centennial Puzzle","Dark Embrace+1","Body Slam"],"campfire_rested":0,"item_purchase_floors":[19,48,48,48,53,53],"current_hp_per_floor":[80,60,57,57,63,41,41,42,42,48,44,50,51,69,78,59,94,94,94,78,87,90,54,54,66,66,66,64,76,71,71,83,85,104,104,105,92,88,84,56,71,71,71,73,58,58,64,64,82,58,116,116,116,116,54],"gold":39,"neow_bonus":"REMOVE_TWO","is_daily":false,"chose_seed":false,"campfire_upgraded":8,"win_rate":0.0,"timestamp":1609519941,"path_taken":["M","?","?","?","M","E","R","E","T","R","E","M","M","E","R","BOSS","M","?","?","M","M","E","?","R","T","$","M","R","E","?","R","BOSS","M","M","M","M","M","E","R","E","T","M","?","?","E","$","R","BOSS","R","$","E","BOSS"],"items_purchased_type":["Card","Potion","Card","Relic","Card","Card"],"build_version":"2020-12-22","purchased_purges":3,"victory":true,"max_hp_per_floor":[80,80,80,80,80,80,80,80,80,80,80,80,80,94,94,94,94,94,94,94,97,97,100,100,100,100,100,104,104,104,104,104,104,104,104,108,108,108,112,112,112,112,112,116,116,116,116,116,116,116,116,116,116,116,116],"card_choices":[{"not_picked":["Flex","Rupture"],"picked":"Anger","floor":1},{"not_picked":["Twin Strike","Blood for Blood"],"picked":"Armaments","floor":5},{"not_picked":["Body Slam","Anger"],"picked":"Pommel Strike","floor":6},{"not_picked":["Body Slam","Twin Strike"],"picked":"Thunderclap","floor":8},{"not_picked":["Ghostly Armor","Corruption+1"],"picked":"Inflame+1","floor":11},{"not_picked":["Battle Trance","Heavy Blade"],"picked":"Metallicize+1","floor":12},{"not_picked":["Disarm","Iron Wave"],"picked":"Dropkick","floor":13},{"not_picked":["Clash","Disarm"],"picked":"Pommel Strike","floor":14},{"not_picked":["Demon Form+1","Double Tap"],"picked":"Juggernaut+1","floor":16},{"not_picked":["Reckless Charge","Cleave"],"picked":"True Grit","floor":18},{"not_picked":["Shockwave","Twin Strike"],"picked":"Bloodletting","floor":21},{"not_picked":["Heavy Blade","Thunderclap"],"picked":"Warcry","floor":22},{"not_picked":["Pommel Strike+1","Fire Breathing+1"],"picked":"Sword Boomerang+1","floor":23},{"not_picked":["True Grit","Rupture+1"],"picked":"Shrug It Off+1","floor":28},{"not_picked":["Fire Breathing+1","Flex+1"],"picked":"Berserk+1","floor":30},{"not_picked":["Brutality+1","Fiend Fire"],"picked":"Offering","floor":33},{"not_picked":["Rampage+1","Anger"],"picked":"Iron Wave","floor":35},{"not_picked":["Heavy Blade+1","Infernal Blade"],"picked":"Clothesline+1","floor":36},{"not_picked":["Iron Wave","Clothesline+1"],"picked":"Corruption+1","floor":37},{"not_picked":["Reckless Charge","Clothesline","True Grit"],"picked":"SKIP","floor":38},{"not_picked":["Cleave","Sever Soul","Thunderclap"],"picked":"SKIP","floor":39},{"not_picked":["Anger","Armaments+1"],"picked":"Pommel Strike+1","floor":40},{"not_picked":["Cleave+1","Thunderclap+1"],"picked":"Hemokinesis+1","floor":42},{"not_picked":["Feel No Pain+1","Seeing Red+1"],"picked":"Limit Break","floor":44},{"not_picked":["Seeing Red","Perfected Strike"],"picked":"Warcry+1","floor":47},{"not_picked":["Clash+1","Whirlwind"],"picked":"Sword Boomerang+1","floor":54}],"player_experience":64328,"relics_obtained":[{"floor":6,"key":"Kunai"},{"floor":8,"key":"Eternal Feather"},{"floor":9,"key":"Frozen Egg 2"},{"floor":11,"key":"Pen Nib"},{"floor":14,"key":"Mango"},{"floor":20,"key":"Enchiridion"},{"floor":23,"key":"Mercury Hourglass"},{"floor":30,"key":"Girya"},{"floor":40,"key":"Bag of Preparation"},{"floor":42,"key":"Nunchaku"},{"floor":47,"key":"Bottled Flame"},{"floor":54,"key":"Oddly Smooth Stone"}],"event_choices":[{"damage_healed":0,"gold_gain":0,"player_choice":"Take Damage","damage_taken":20,"relics_obtained":["Golden Idol"],"max_hp_gain":0,"max_hp_loss":0,"event_name":"Golden Idol","floor":2,"gold_loss":0},{"damage_healed":0,"gold_gain":0,"player_choice":"Success","damage_taken":3,"relics_obtained":["Mummified Hand"],"max_hp_gain":0,"max_hp_loss":0,"event_name":"Scrap Ooze","floor":3,"gold_loss":0},{"cards_removed":["Strike_R"],"damage_healed":0,"gold_gain":0,"player_choice":"Offered Basic","damage_taken":0,"max_hp_gain":0,"max_hp_loss":0,"event_name":"Bonfire Elementals","floor":4,"gold_loss":0},{"damage_healed":0,"gold_gain":0,"player_choice":"Obtained Book","damage_taken":16,"max_hp_gain":0,"max_hp_loss":0,"event_name":"Cursed Tome","floor":20,"gold_loss":0},{"damage_healed":0,"gold_gain":0,"player_choice":"Ignored","damage_taken":0,"max_hp_gain":0,"max_hp_loss":0,"event_name":"Vampires","floor":24,"gold_loss":0},{"damage_healed":0,"gold_gain":0,"player_choice":"Embrace Madness","damage_taken":15,"max_hp_gain":0,"max_hp_loss":0,"event_name":"Winding Halls","floor":45,"gold_loss":0,"cards_obtained":["Madness","Madness"]},{"cards_removed":["Defend_R"],"damage_healed":0,"gold_gain":0,"player_choice":"Removed Skill","damage_taken":0,"max_hp_gain":0,"max_hp_loss":0,"event_name":"Falling","floor":46,"gold_loss":0}],"is_beta":false,"boss_relics":[{"not_picked":["Busted Crown","Black Star"],"picked":"Cursed Key"},{"not_picked":["Astrolabe","Fusion Hammer"],"picked":"Coffee Dripper"}],"items_purged_floors":[19,27,48],"is_endless":false,"potions_floor_spawned":[5,13,14,21,22,30,33,37,39,40,47,54],"ascension_level":1}}