{"host":"lix655q3qm1o3wym","time":1609490041,"event":{"mods":["Act Like it!","BaseMod","Colored Powertips","Downfall","Minty Spire (QoL Compilation)","StSLib"],"gold_per_floor":[99,99,99,99,124,155,182,182,182,21,21,35,35,58,72,169,169,94,112,127,127,127,127,152,170,170,203,215,235,152,177,194,296,296,296,306,406,406,416,449,520,553,403,416,429,448,448,477,504,516,528,565,34,34,34],"floor_reached":56,"playtime":4991,"items_purged":["champ:Strike"],"score":1503,"play_id":"42d01c7c-a838-420c-99df-331c62a77f50","local_time":"20210101013401","is_ascension_mode":true,"campfire_choices":[{"data":"champ:Taunt","floor":1.0,"key":"SMITH"},{"data":"champ:Devastate","floor":11.0,"key":"SMITH"},{"floor":13.0,"key":"RECALL"},{"data":"champ:GladiatorStyle","floor":18.0,"key":"SMITH"},{"data":"champ:Duel","floor":23.0,"key":"SMITH"},{"data":"champ:PerfectForm","floor":26.0,"key":"SMITH"},{"data":"champ:SwordSigil","floor":35,"key":"SMITH"},{"data":"champ:ShieldSigil","floor":43,"key":"SMITH"},{"data":"champ:SteelEdge","floor":47,"key":"SMITH"},{"data":"champ:FaceSlap","floor":54,"key":"SMITH"}],"circlet_count":0,"master_deck":["champ:Strike","champ:Strike","champ:Strike","champ:Defend","champ:Defend","champ:Defend","champ:Defend+1","champ:Execute","champ:Taunt+1","champ:GladiatorStyle+1","champ:PreciseThrust","champ:FanOfKnives","champ:FaceSlap+1","champ:GladiatorsShout","champ:BringItOn","champ:Devastate+1","champ:Duel+1","champ:StanceDance+1","champ:Haymaker","champ:SteelEdge+1","champ:RageSigil+1","Shame","RitualDagger+1","champ:PerfectForm+1","champ:ShieldSigil+1","champ:SwordSigil+1","Good Instincts+1","champ:IgnorePain+1","champ:ShieldSigil+1","champ:CrownThrow","champ:Aggression+1","champ:Duel+1","champ:StanceDance+1"],"relics":["champ:ChampionCrown","downfall:HeartsMalice","champ:LiftRelic","Lantern","Ancient Tea Set","Oddly Smooth Stone","Orrery","Orichalcum","Philosopher\u0027s Stone","downfall:HeartBlessingRed","Juzu Bracelet","Akabeko","Calipers","Toxic Egg 2","PreservedInsect","SlaversCollar","Guardian:PocketSentry","Art of War","downfall:HeartBlessingGreen","downfall:HeartBlessingBlue","MawBank","Blue Candle","Mummified Hand","War Paint","Frozen Eye"],"acts_visited":["Exordium","TheCity","TheBeyond","TheEnding"],"potions_floor_usage":[33,33,50,52,55],"damage_taken":[{"damage":0.0,"enemies":"Jaw Worm","floor":3.0,"turns":1.0},{"damage":0.0,"enemies":"Lagavulin","floor":6.0,"turns":1.0},{"damage":0.0,"enemies":"2 Louse","floor":8.0,"turns":1.0},{"damage":0.0,"enemies":"Cultist","floor":9.0,"turns":1.0},{"damage":13.0,"enemies":"downfall:FleeingMerchant","floor":10.0,"turns":4.0},{"damage":5.0,"enemies":"Large Slime","floor":12.0,"turns":5.0},{"damage":0.0,"enemies":"2 Fungi Beasts","floor":15.0,"turns":1.0},{"damage":83.0,"enemies":"downfall:Defect","floor":16.0,"turns":9.0},{"damage":2.0,"enemies":"Spheric Guardian","floor":19.0,"turns":3.0},{"damage":0.0,"enemies":"Chosen","floor":20.0,"turns":2.0},{"damage":8.0,"enemies":"Snake Plant","floor":25.0,"turns":2.0},{"damage":26.0,"enemies":"Gremlin Leader","floor":27.0,"turns":4.0},{"damage":22.0,"enemies":"Sentry and Sphere","floor":28.0,"turns":4.0},{"damage":15.0,"enemies":"Centurion and Healer","floor":29.0,"turns":5.0},{"damage":23.0,"enemies":"downfall:FleeingMerchant","floor":30.0,"turns":4.0},{"damage":17.0,"enemies":"Slavers","floor":31.0,"turns":4.0},{"damage":0.0,"enemies":"Snecko","floor":32.0,"turns":1.0},{"damage":32,"enemies":"downfall:Silent","floor":33,"turns":6},{"damage":50,"enemies":"3 Darklings","floor":36,"turns":6},{"damage":30,"enemies":"Orb Walker","floor":39,"turns":3},{"damage":12,"enemies":"Reptomancer","floor":40,"turns":2},{"damage":46,"enemies":"Nemesis","floor":42,"turns":4},{"damage":43,"enemies":"Maw","floor":44,"turns":4},{"damage":27,"enemies":"Transient","floor":45,"turns":5},{"damage":21,"enemies":"4 Shapes","floor":46,"turns":3},{"damage":18,"enemies":"Giant Head","floor":48,"turns":5},{"damage":27,"enemies":"Spire Growth","floor":49,"turns":2},{"damage":10,"enemies":"downfall:Watcher","floor":50,"turns":5},{"damage":75,"enemies":"downfall:CharBossMerchant","floor":52,"turns":4},{"damage":112,"enemies":"downfall:NeowBoss","floor":55,"turns":27}],"seed_played":"5768216970394206844","potions_obtained":[{"floor":6.0,"key":"champ:TechniquePotion"},{"floor":12.0,"key":"SpeedPotion"},{"floor":16.0,"key":"Guardian:BlockOnCardUsePotion"},{"floor":20.0,"key":"Weak Potion"},{"floor":22.0,"key":"CultistPotion"},{"floor":25.0,"key":"SkillPotion"},{"floor":28.0,"key":"Energy Potion"},{"floor":31.0,"key":"champ:CounterPotion"},{"floor":36,"key":"BlessingOfTheForge"},{"floor":45,"key":"SneckoOil"},{"floor":46,"key":"Strength Potion"}],"is_trial":false,"path_per_floor":["R","?","M","?","T","E","T","M","M","$","R","M","R","T","M","B",null,"R","M","M","?","?","R","T","M","R","E","M","M","$","E","M","B",null,"R","M","?","?","M","E","T","E","R","M","M","M","R","E","M","B",null,"E","$","R","B",null],"character_chosen":"THE_CHAMP","items_purchased":["Orrery","Toxic Egg 2","Good Instincts+1","Mummified Hand","War Paint","Frozen Eye"],"campfire_rested":0,"item_purchase_floors":[10,30,30,53,53,53],"current_hp_per_floor":[90,90,90,90,90,90,90,90,90,90,90,90,90,90,90,7,90,90,88,88,88,88,88,88,80,80,71,55,40,31,25,25,9,90,90,61,61,100,90,90,90,62,72,72,72,72,72,72,72,72,110,103,103,103,65],"gold":34,"neow_bonus":"THREE_ENEMY_KILL","is_daily":false,"chose_seed":false,"campfire_upgraded":9,"win_rate":0.0,"timestamp":1609490041,"path_taken":["R","?","M","?","?","E","T","M","M","$","R","M","R","?","M","BOSS","R","M","M","?","?","R","T","M","R","E","M","M","$","E","M","BOSS","R","M","?","?","M","E","T","E","R","M","M","M","R","E","M","BOSS","E","$","R","BOSS"],"items_purchased_type":["Relic","Relic","Card","Relic","Relic","Relic"],"build_version":"2020-12-22","purchased_purges":1,"victory":true,"max_hp_per_floor":[90,90,90,90,90,90,90,90,90,90,90,90,90,90,90,90,90,90,90,90,90,90,90,90,90,90,90,90,90,90,90,90,90,90,90,90,90,100,100,100,100,100,110,110,110,110,110,110,110,110,110,110,110,110,110],"card_choices":[{"not_picked":["champ:Shatter","champ:GutPunch"],"picked":"champ:GladiatorStyle","floor":3.0},{"not_picked":["champ:RapidStrikes","champ:GladiatorsShout"],"picked":"champ:LastStand","floor":6.0},{"not_picked":["champ:DefensiveShout","champ:ShieldSigil"],"picked":"champ:PreciseThrust","floor":8.0},{"not_picked":["champ:Backstep","champ:Shatter"],"picked":"champ:FanOfKnives","floor":9.0},{"not_picked":["champ:TornadoPunch","champ:StrikeOfGenius"],"picked":"champ:FaceSlap","floor":10.0},{"not_picked":["champ:StanceDance","champ:RageSigil"],"picked":"champ:GladiatorsShout","floor":10.0},{"not_picked":["champ:RecklessLeap","champ:PreciseThrust"],"picked":"champ:BringItOn","floor":10.0},{"not_picked":["champ:BringItOn","champ:DefensiveShout"],"picked":"champ:Devastate","floor":10.0},{"not_picked":["champ:Backstep","champ:Circumvent"],"picked":"champ:Duel","floor":10.0},{"not_picked":["champ:Circumvent","champ:BerserkersShout"],"picked":"champ:StanceDance","floor":12.0},{"not_picked":["champ:TornadoPunch","champ:GutPunch"],"picked":"champ:Haymaker","floor":15.0},{"not_picked":["champ:Devastate","champ:StrikeOfGenius"],"picked":"champ:SteelEdge","floor":16.0},{"not_picked":["champ:BringItOn","champ:ShieldWall"],"picked":"champ:RageSigil+1","floor":19.0},{"not_picked":["champ:StanceDance","champ:IronFortress","champ:RageSigil"],"picked":"SKIP","floor":20.0},{"not_picked":["champ:FalseCounter","champ:TornadoPunch"],"picked":"champ:PerfectForm","floor":25.0},{"not_picked":["champ:AdrenalArmor","champ:FalseCounter"],"picked":"champ:ShieldSigil","floor":27.0},{"not_picked":["champ:Duel","champ:BerserkerStyle","champ:PerfectedStrike+1"],"picked":"SKIP","floor":28.0},{"not_picked":["champ:Circumvent","champ:FanOfKnives","champ:ShieldWall+1"],"picked":"SKIP","floor":29.0},{"not_picked":["champ:BerserkersShout","champ:BerserkerStyle"],"picked":"champ:SwordSigil","floor":30.0},{"not_picked":["champ:Backstep+1","champ:CrookedStrike"],"picked":"champ:IgnorePain+1","floor":31.0},{"not_picked":["champ:RageSigil+1","champ:FlashCut"],"picked":"champ:ShieldSigil+1","floor":32.0},{"not_picked":["champ:StrikeOfGenius","champ:SwordThrow"],"picked":"champ:CrownThrow","floor":33},{"not_picked":["champ:FlashCut+1","champ:PerfectedStrike","champ:FanOfKnives+1"],"picked":"SKIP","floor":36},{"not_picked":["champ:DeathBlow+1","champ:FlashCut+1","champ:GutPunch"],"picked":"SKIP","floor":39},{"not_picked":["champ:GladiatorStyle+1","champ:FaceSlap+1"],"picked":"champ:Aggression+1","floor":40},{"not_picked":["champ:VampiricStrike","champ:HeartStrike+1","champ:DefensiveShout+1"],"picked":"SKIP","floor":42},{"not_picked":["champ:GutPunch+1","champ:EnGarde+1","champ:FanOfKnives+1"],"picked":"SKIP","floor":44},{"not_picked":["champ:PreciseThrust+1","champ:RageSigil+1"],"picked":"champ:Duel+1","floor":45},{"not_picked":["champ:DefensiveShout+1","champ:BerserkersShout+1","champ:ShieldWall+1"],"picked":"SKIP","floor":46},{"not_picked":["champ:GutPunch+1","champ:BerserkerStyle"],"picked":"champ:StanceDance+1","floor":48},{"not_picked":["champ:BerserkersShout+1","champ:DefensiveShout+1","champ:TornadoPunch"],"picked":"SKIP","floor":49},{"not_picked":["champ:Riposte+1","champ:RageSigil+1","champ:Haymaker"],"picked":"SKIP","floor":52}],"player_experience":585920,"relics_obtained":[{"floor":5.0,"key":"Lantern"},{"floor":6.0,"key":"Ancient Tea Set"},{"floor":7.0,"key":"Oddly Smooth Stone"},{"floor":14.0,"key":"Orichalcum"},{"floor":24.0,"key":"Akabeko"},{"floor":27.0,"key":"Calipers"},{"floor":31.0,"key":"PreservedInsect"},{"floor":40,"key":"Guardian:PocketSentry"},{"floor":42,"key":"Art of War"},{"floor":48,"key":"MawBank"},{"floor":52,"key":"Blue Candle"}],"event_choices":[{"damage_healed":0.0,"max_hp_gain":0.0,"max_hp_loss":0.0,"gold_gain":0.0,"event_name":"Addict","player_choice":"Stole Relic","floor":21.0,"gold_loss":0.0,"damage_taken":0.0,"relics_obtained":["Juzu Bracelet"],"cards_obtained":["Shame"]},{"cards_removed":["champ:LastStand"],"damage_healed":29,"gold_gain":0,"player_choice":"Offered Rare","damage_taken":0,"max_hp_gain":10,"max_hp_loss":0,"event_name":"Bonfire Elementals","floor":38,"gold_loss":0}],"is_beta":false,"boss_relics":[{"not_picked":["Tiny House","Black Star"],"picked":"Philosopher\u0027s Stone"},{"not_picked":["SacredBark","Pandora\u0027s Box"],"picked":"SlaversCollar"}],"items_purged_floors":[30],"is_endless":false,"potions_floor_spawned":[6,12,16,20,25,28,31,36,45,46],"ascension_level":1}}