{"host":"jydwu1shxxemady1","time":1609521113,"event":{"mods":["BaseMod","Colored Powertips","Conspire","Downfall","Hermit","Highlight Path","Marisa£®ÏF”Í°°ƒß¿Ì…≥£©","Minty Spire (QoL Compilation)","READ ME - Guardian Mod","Replay The Spire","Shop Mod","StSLib","TestMod","The Bladedancer","The Cursed","The Servant 0.9.4"],"gold_per_floor":[118,118,118,118,135,135,175,175,250,293,323,347,358,358,358,446,446,466,483,483,483],"floor_reached":20,"playtime":745,"items_purged":[],"score":454,"play_id":"3e2d4bbd-e2fc-4ef1-9f8c-59a9c1436d21","local_time":"20210102011153","is_ascension_mode":true,"campfire_choices":[{"floor":6.0,"key":"RECALL"},{"data":"Noxious Fumes","floor":8.0,"key":"SMITH"},{"floor":15,"key":"REST"}],"circlet_count":0,"master_deck":["AscendersBane","conspire:GhostlyStrike","conspire:GhostlyStrike","conspire:GhostlyStrike","conspire:GhostlyStrike","conspire:GhostlyStrike","conspire:GhostlyDefend","conspire:GhostlyDefend","conspire:GhostlyDefend","conspire:GhostlyDefend","Survivor","Neutralize","Bane","Poisoned Stab","Noxious Fumes+1","Dodge and Roll+1","Quick Slash","Noxious Fumes","Bouncing Flask+1","testmod-HeadAttack+1","Phantasmal Killer+1","Cloak And Dagger+1","Concentrate+1"],"relics":["Ring of the Snake","testmod-TestBox","testmod-Charity","NeowsBlessing","Golden Idol","The Courier","Toxic Egg 2","conspire:BottledYoYo","Odd Mushroom","SlaversCollar"],"acts_visited":["Exordium","TheCity"],"potions_floor_usage":[13,18],"damage_taken":[{"damage":0.0,"enemies":"Small Slimes","floor":1.0,"turns":1.0},{"damage":0.0,"enemies":"Jaw Worm","floor":5.0,"turns":1.0},{"damage":0.0,"enemies":"Lagavulin","floor":7.0,"turns":1.0},{"damage":16.0,"enemies":"3 Sentries","floor":10.0,"turns":7.0},{"damage":32,"enemies":"The Mushroom Lair","floor":11,"turns":5},{"damage":2,"enemies":"2 Louse","floor":12,"turns":3},{"damage":4,"enemies":"Looter","floor":13,"turns":3},{"damage":25,"enemies":"Slime Boss","floor":16,"turns":9},{"damage":12,"enemies":"Chosen","floor":18,"turns":5},{"damage":33,"enemies":"Spheric Guardian","floor":19,"turns":4},{"damage":18,"enemies":"3 Cultists","floor":20,"turns":2}],"seed_played":"8496974066468800160","potions_obtained":[{"floor":7.0,"key":"EntropicBrew"},{"floor":12,"key":"Fire Potion"},{"floor":13,"key":"SpeedPotion"}],"is_trial":false,"path_per_floor":["M","?","?","?","M","R","E","R","T","E","?","M","M","?","R","B",null,"M","M","M"],"character_chosen":"THE_SILENT","items_purchased":[],"campfire_rested":1,"item_purchase_floors":[],"current_hp_per_floor":[60,60,60,60,61,61,62,62,63,48,17,16,14,14,36,12,60,49,17,0,0],"gold":483,"neow_bonus":"THREE_ENEMY_KILL","is_daily":false,"chose_seed":false,"campfire_upgraded":1,"win_rate":0.0,"timestamp":1609521113,"path_taken":["M","?","?","?","?","R","E","R","T","E","?","M","M","?","R","BOSS","M","M","?"],"items_purchased_type":[],"build_version":"2020-12-22","purchased_purges":0,"victory":false,"max_hp_per_floor":[67,67,67,67,68,68,69,69,70,71,72,73,75,75,75,76,76,77,78,78,78],"card_choices":[{"not_picked":["Underhanded Strike","Outmaneuver"],"picked":"Bane","floor":1.0},{"not_picked":["Dodge and Roll","Underhanded Strike"],"picked":"Poisoned Stab","floor":5.0},{"not_picked":["Expertise","Sucker Punch"],"picked":"Noxious Fumes","floor":7.0},{"not_picked":["Fluid Movement","Sucker Punch"],"picked":"Dodge and Roll+1","floor":10.0},{"not_picked":["Finisher","Outmaneuver+1"],"picked":"Quick Slash","floor":11},{"not_picked":["conspire:DoublingDagger+1","Slice"],"picked":"Noxious Fumes","floor":12},{"not_picked":["Sucker Punch","Poisoned Stab"],"picked":"Bouncing Flask+1","floor":13},{"not_picked":["Unload","Night Terror+1"],"picked":"Phantasmal Killer+1","floor":16},{"not_picked":["ReplayTheSpireMod:Scrap Shanks","Backflip+1"],"picked":"Cloak And Dagger+1","floor":18},{"not_picked":["Hidden Blade+1","Dodge and Roll+1"],"picked":"Concentrate+1","floor":19}],"player_experience":613432,"relics_obtained":[{"floor":7.0,"key":"The Courier"},{"floor":9.0,"key":"Toxic Egg 2"},{"floor":10.0,"key":"conspire:BottledYoYo"},{"floor":11,"key":"Odd Mushroom"}],"event_choices":[{"damage_healed":0.0,"max_hp_gain":0.0,"max_hp_loss":0.0,"gold_gain":0.0,"event_name":"Golden Idol","player_choice":"Take Wound","floor":2.0,"gold_loss":0.0,"damage_taken":0.0,"relics_obtained":["Golden Idol"],"cards_obtained":["Injury"]},{"damage_healed":0.0,"max_hp_gain":0.0,"max_hp_loss":0.0,"gold_gain":0.0,"event_name":"conspire:LoneGhost","player_choice":"Agree","floor":3.0,"gold_loss":0.0,"damage_taken":0.0},{"cards_removed":["Injury"],"damage_healed":0.0,"max_hp_gain":0.0,"max_hp_loss":0.0,"gold_gain":0.0,"event_name":"Living Wall","player_choice":"Forget","floor":4.0,"gold_loss":0.0,"damage_taken":0.0},{"damage_healed":0,"gold_gain":0,"player_choice":"Fought Mushrooms","damage_taken":0,"max_hp_gain":0,"max_hp_loss":0,"event_name":"Mushrooms","floor":11,"gold_loss":0},{"damage_healed":0,"gold_gain":0,"cards_transformed":["conspire:GhostlyDefend"],"player_choice":"Transformed","damage_taken":0,"max_hp_gain":0,"max_hp_loss":0,"event_name":"Transmorgrifier","floor":14,"gold_loss":0,"cards_obtained":["testmod-HeadAttack"]}],"is_beta":false,"boss_relics":[{"not_picked":["Runic Dome","testmod-Recursion"],"picked":"SlaversCollar"}],"items_purged_floors":[],"is_endless":false,"potions_floor_spawned":[7,12,13],"killed_by":"3 Cultists","ascension_level":19}}