{"host":"9n6i2vl93jt4o42q","time":1609538036,"event":{"mods":["BaseMod","Minty Spire (QoL Compilation)","Relic Stats"],"gold_per_floor":[119,119,144,144,294,294,335,17,41,41,71,21,37,51,51,51,51],"floor_reached":16,"playtime":489,"items_purged":[],"score":191,"play_id":"fc91c586-2af8-4169-b998-4f776a5be31c","local_time":"20210101225356","is_ascension_mode":true,"campfire_choices":[{"data":"Perfected Strike","floor":6.0,"key":"SMITH"},{"floor":10.0,"key":"REST"},{"floor":15,"key":"REST"}],"circlet_count":0,"master_deck":["AscendersBane","Strike_R","Strike_R","Strike_R","Strike_R","Strike_R+1","Defend_R","Defend_R","Defend_R","Defend_R","Bash+1","Perfected Strike+1","Twin Strike+1","Doubt","Seeing Red","Whirlwind","Shrug It Off","Thunderclap","Shockwave","Battle Trance"],"relics":["Burning Blood","Golden Idol","Ginger","TungstenRod","Dream Catcher","Odd Mushroom"],"acts_visited":["Exordium"],"potions_floor_usage":[],"damage_taken":[{"damage":7.0,"enemies":"Jaw Worm","floor":1.0,"turns":3.0},{"damage":1.0,"enemies":"2 Louse","floor":3.0,"turns":3.0},{"damage":20.0,"enemies":"Lagavulin","floor":7.0,"turns":3.0},{"damage":11,"enemies":"The Mushroom Lair","floor":11,"turns":4},{"damage":5,"enemies":"Small Slimes","floor":13,"turns":3},{"damage":17,"enemies":"3 Louse","floor":14,"turns":3},{"damage":39,"enemies":"The Guardian","floor":16,"turns":6}],"seed_played":"1385741559745259034","potions_obtained":[{"floor":1.0,"key":"Strength Potion"},{"floor":11,"key":"Ancient Potion"}],"is_trial":false,"path_per_floor":["M","?","M","?","?","R","E","$","T","R","?","?","M","M","R","B"],"character_chosen":"IRONCLAD","items_purchased":["TungstenRod"],"campfire_rested":2,"item_purchase_floors":[8],"current_hp_per_floor":[67,41,46,23,23,23,9,9,9,31,26,26,27,16,38,0,0],"gold":51,"neow_bonus":"UPGRADE_CARD","is_daily":false,"chose_seed":false,"campfire_upgraded":1,"win_rate":0.0,"timestamp":1609538036,"path_taken":["M","?","M","?","?","R","E","$","T","R","?","?","M","M","R","BOSS"],"items_purchased_type":["Relic"],"build_version":"2020-12-22","purchased_purges":0,"victory":false,"max_hp_per_floor":[75,75,75,75,75,75,75,75,75,75,75,75,75,75,75,75,75],"relic_stats":{"Dream Catcher":2,"counters":[7,25],"Golden Idol":25,"Ginger":[5],"obtain_stats":[{"Dream Catcher":9,"Golden Idol":2,"Ginger":7,"Odd Mushroom":11,"Burning Blood":0,"TungstenRod":8},{"Dream Catcher":3,"Golden Idol":1,"Ginger":3,"Odd Mushroom":4,"Burning Blood":0,"TungstenRod":3},{"Dream Catcher":9,"Golden Idol":3,"Ginger":9,"Odd Mushroom":13,"Burning Blood":0,"TungstenRod":9}],"Burning Blood":36,"TungstenRod":14},"card_choices":[{"not_picked":["Seeing Red","Twin Strike"],"picked":"Perfected Strike","floor":1.0},{"not_picked":["Evolve","Armaments"],"picked":"Twin Strike","floor":3.0},{"not_picked":["Clash","Sword Boomerang"],"picked":"Seeing Red","floor":7.0},{"not_picked":["Rampage","Seeing Red"],"picked":"Whirlwind","floor":10.0},{"not_picked":["Disarm","Twin Strike"],"picked":"Shrug It Off","floor":11},{"not_picked":["Havoc","Iron Wave"],"picked":"Thunderclap","floor":13},{"not_picked":["Wild Strike","Sever Soul"],"picked":"Shockwave","floor":14},{"not_picked":["Clothesline","Sever Soul"],"picked":"Battle Trance","floor":15}],"player_experience":2038851,"relics_obtained":[{"floor":7.0,"key":"Ginger"},{"floor":9.0,"key":"Dream Catcher"},{"floor":11,"key":"Odd Mushroom"}],"event_choices":[{"damage_healed":0.0,"max_hp_gain":0.0,"max_hp_loss":0.0,"gold_gain":0.0,"event_name":"Golden Idol","player_choice":"Take Damage","floor":2.0,"gold_loss":0.0,"damage_taken":26.0,"relics_obtained":["Golden Idol"]},{"damage_healed":0.0,"max_hp_gain":0.0,"max_hp_loss":0.0,"gold_gain":0.0,"event_name":"Shining Light","player_choice":"Entered Light","floor":4.0,"gold_loss":0.0,"damage_taken":23.0,"cards_upgraded":["Strike_R","Twin Strike"]},{"damage_healed":0.0,"max_hp_gain":0.0,"max_hp_loss":0.0,"gold_gain":150.0,"event_name":"Liars Game","player_choice":"AGREE","floor":5.0,"gold_loss":0.0,"damage_taken":0.0,"cards_obtained":["Doubt"]},{"damage_healed":0,"gold_gain":0,"player_choice":"Fought Mushrooms","damage_taken":0,"max_hp_gain":0,"max_hp_loss":0,"event_name":"Mushrooms","floor":11,"gold_loss":0},{"damage_healed":0,"gold_gain":0,"player_choice":"Left Gold","damage_taken":0,"max_hp_gain":0,"max_hp_loss":0,"event_name":"World of Goop","floor":12,"gold_loss":50}],"is_beta":false,"boss_relics":[],"items_purged_floors":[],"is_endless":false,"potions_floor_spawned":[1,11],"killed_by":"The Guardian","ascension_level":19}}