{"host":"sabve5zmqufxyc5o","time":1609496389,"event":{"mods":["2.2 Compatiblity","AchievementEnabler","Act Like it!","BaseMod","Block Reminder","Colored Map","Colored Powertips","DeckTracker","KOR Keyword Fix","Keyboard Shortcuts","Minty Spire (QoL Compilation)","Quick Restart","Rare Cards Sparkle","Relic Stats","StSLib","SuperFastMode"],"gold_per_floor":[109,184,201,166,30,60,77,88,88,100,125,125,67,86,86,161,161,180,180,190,190,190],"floor_reached":21,"playtime":344,"items_purged":[],"score":432,"play_id":"9cffb302-a17c-47cc-a90e-72213c9e1af1","local_time":"20210101191949","is_ascension_mode":true,"campfire_choices":[{"floor":15,"key":"REST"}],"circlet_count":0,"master_deck":["AscendersBane","Strike_B","Strike_B","Strike_B","Strike_B","Defend_B","Defend_B","Defend_B+1","Defend_B","Zap","Dualcast","Compile Driver","Genetic Algorithm","Ball Lightning","Sunder","Darkness+1","Coolheaded+1","Glacier","BootSequence","Stack","Compile Driver","Capacitor","Core Surge","Stack","Rebound"],"relics":["Cracked Core","NeowsBlessing","War Paint","Blood Vial","Kunai","Philosopher\u0027s Stone"],"acts_visited":["Exordium","TheCity"],"potions_floor_usage":[20],"damage_taken":[{"damage":0.0,"enemies":"2 Louse","floor":1.0,"turns":1.0},{"damage":0.0,"enemies":"Jaw Worm","floor":3.0,"turns":1.0},{"damage":0.0,"enemies":"Gremlin Nob","floor":6.0,"turns":1.0},{"damage":7,"enemies":"Small Slimes","floor":7,"turns":3},{"damage":7,"enemies":"Looter","floor":8,"turns":4},{"damage":10,"enemies":"3 Louse","floor":10,"turns":3},{"damage":20,"enemies":"Lagavulin","floor":11,"turns":5},{"damage":0,"enemies":"Blue Slaver","floor":14,"turns":2},{"damage":14,"enemies":"Slime Boss","floor":16,"turns":9},{"damage":24,"enemies":"Chosen","floor":18,"turns":6},{"damage":21,"enemies":"Spheric Guardian","floor":20,"turns":6},{"damage":35,"enemies":"Chosen and Byrds","floor":21,"turns":7}],"seed_played":"5258755331936493438","potions_obtained":[{"floor":10,"key":"SpeedPotion"},{"floor":11,"key":"Strength Potion"},{"floor":16,"key":"Regen Potion"},{"floor":20,"key":"PowerPotion"}],"is_trial":false,"path_per_floor":["M","?","M","?","$","E","M","M","T","M","E","?","$","M","R","B",null,"M","?","M","M"],"character_chosen":"DEFECT","items_purchased":["Ball Lightning","Sunder","Compile Driver"],"campfire_rested":1,"item_purchase_floors":[5,5,13],"current_hp_per_floor":[64,53,53,70,70,70,63,56,56,48,30,30,30,32,53,41,64,42,42,38,5,5],"gold":190,"neow_bonus":"THREE_ENEMY_KILL","is_daily":false,"chose_seed":false,"campfire_upgraded":0,"win_rate":0.0,"timestamp":1609496389,"path_taken":["M","?","M","?","$","E","M","M","T","M","E","?","$","M","R","BOSS","M","?","M","M"],"items_purchased_type":["Card","Card","Card"],"build_version":"2020-12-22","purchased_purges":0,"victory":false,"max_hp_per_floor":[71,71,71,71,71,71,71,71,71,71,71,71,71,71,71,71,71,71,71,71,71,71],"relic_stats":{"Blood Vial":14,"counters":[12,48],"Kunai":[5],"War Paint":["Darkness","Defend_B"],"obtain_stats":[{"Blood Vial":9,"NeowsBlessing":0,"Philosopher\u0027s Stone":17,"Kunai":11,"War Paint":6,"Cracked Core":0},{"Blood Vial":5,"NeowsBlessing":0,"Philosopher\u0027s Stone":9,"Kunai":7,"War Paint":3,"Cracked Core":0},{"Blood Vial":10,"NeowsBlessing":0,"Philosopher\u0027s Stone":29,"Kunai":18,"War Paint":3,"Cracked Core":0}]},"card_choices":[{"not_picked":["Steam","Hologram"],"picked":"Compile Driver","floor":1.0},{"not_picked":["Rebound","Sunder"],"picked":"Genetic Algorithm","floor":3.0},{"not_picked":["Genetic Algorithm","Hyperbeam"],"picked":"Darkness","floor":6},{"not_picked":["Genetic Algorithm","Darkness"],"picked":"Coolheaded","floor":7},{"not_picked":["Chaos","Barrage"],"picked":"Glacier","floor":8},{"not_picked":["White Noise","Streamline"],"picked":"BootSequence","floor":10},{"not_picked":["Hello World","Ball Lightning"],"picked":"Stack","floor":11},{"not_picked":["Sweeping Beam","Rebound"],"picked":"Capacitor","floor":14},{"not_picked":["Reboot","Machine Learning"],"picked":"Core Surge","floor":16},{"not_picked":["Auto Shields","Coolheaded"],"picked":"Stack","floor":18},{"not_picked":["Ball Lightning","Leap"],"picked":"Rebound","floor":20}],"player_experience":815883,"relics_obtained":[{"floor":6,"key":"War Paint"},{"floor":9,"key":"Blood Vial"},{"floor":11,"key":"Kunai"}],"event_choices":[{"damage_healed":0.0,"max_hp_gain":0.0,"max_hp_loss":0.0,"gold_gain":75.0,"event_name":"World of Goop","player_choice":"Gather Gold","floor":2.0,"gold_loss":0.0,"damage_taken":11.0},{"damage_healed":17.0,"max_hp_gain":0.0,"max_hp_loss":0.0,"gold_gain":0.0,"event_name":"The Cleric","player_choice":"Healed","floor":4.0,"gold_loss":35.0,"damage_taken":0.0},{"damage_healed":0,"gold_gain":0,"player_choice":"Grow","damage_taken":0,"max_hp_gain":0,"max_hp_loss":0,"event_name":"Living Wall","floor":12,"gold_loss":0,"cards_upgraded":["Coolheaded"]},{"damage_healed":0,"gold_gain":0,"player_choice":"Ignored","damage_taken":0,"max_hp_gain":0,"max_hp_loss":0,"event_name":"The Mausoleum","floor":19,"gold_loss":0}],"is_beta":false,"boss_relics":[{"not_picked":["Snecko Eye","Inserter"],"picked":"Philosopher\u0027s Stone"}],"items_purged_floors":[],"is_endless":false,"potions_floor_spawned":[10,11,14,16,18,20],"killed_by":"Chosen and Byrds","ascension_level":20}}