{"host":"pvafbce70weqvzks","time":1609544691,"event":{"mods":["BaseMod","Gremlin Mod","Hermit","Minty Spire (QoL Compilation)","StSLib","themimic"],"gold_per_floor":[116,45,45,45,45,45,70,70,70,70,84,102,116,116,116,219,219,239,251,262,108,124,124,142,142,223,223,303,331,342,342,342],"floor_reached":31,"playtime":1176,"items_purged":[],"score":280,"play_id":"d03e7382-0793-46ba-8718-891a19080115","local_time":"20210101204451","is_ascension_mode":false,"campfire_choices":[{"data":"PiercingWail","floor":6,"key":"SMITH"},{"data":"Bouncing Flask","floor":8,"key":"SMITH"},{"data":"Dagger Throw","floor":10,"key":"SMITH"},{"data":"Catalyst","floor":15,"key":"SMITH"},{"floor":23,"key":"REST"},{"floor":25,"key":"REST"}],"circlet_count":0,"master_deck":["Strike_G+1","Strike_G+1","Strike_G+1","Strike_G+1","Strike_G+1","Defend_G+1","Defend_G+1","Defend_G+1","Defend_G+1","Defend_G+1","Survivor","Neutralize","PiercingWail+1","Blade Dance","Dagger Throw+1","Bouncing Flask+1","Deflect","Blur","Catalyst+1","Phantasmal Killer","Bane+1","Dash","Slice+1","Backstab","Slice","Noxious Fumes","Dodge and Roll+1","Terror","Underhanded Strike","Deflect"],"relics":["Ring of the Snake","NeowsBlessing","Kunai","White Beast Statue","SacredBark","Letter Opener","Matryoshka","WingedGreaves"],"acts_visited":["Exordium","TheCity"],"potions_floor_usage":[12,16,16,16,18,20,22,24,24,30,30,31],"damage_taken":[{"damage":0,"enemies":"Small Slimes","floor":1,"turns":1},{"damage":0,"enemies":"3 Sentries","floor":7,"turns":1},{"damage":0,"enemies":"2 Louse","floor":11,"turns":1},{"damage":0,"enemies":"Cultist","floor":12,"turns":3},{"damage":1,"enemies":"Exordium Thugs","floor":13,"turns":6},{"damage":10,"enemies":"The Guardian","floor":16,"turns":11},{"damage":23,"enemies":"3 Byrds","floor":18,"turns":7},{"damage":0,"enemies":"Spheric Guardian","floor":19,"turns":3},{"damage":18,"enemies":"Snake Plant","floor":20,"turns":4},{"damage":16,"enemies":"3 Cultists","floor":22,"turns":6},{"damage":0,"enemies":"Centurion and Healer","floor":24,"turns":6},{"damage":35,"enemies":"Book of Stabbing","floor":29,"turns":6},{"damage":9,"enemies":"Snake Plant","floor":30,"turns":4},{"damage":17,"enemies":"3 Cultists","floor":31,"turns":5}],"seed_played":"-4751326537105808680","potions_obtained":[{"floor":1,"key":"Dexterity Potion"},{"floor":11,"key":"PowerPotion"},{"floor":12,"key":"LiquidBronze"},{"floor":13,"key":"LiquidBronze"},{"floor":16,"key":"Poison Potion"},{"floor":18,"key":"SneckoOil"},{"floor":19,"key":"Ancient Potion"},{"floor":20,"key":"Fire Potion"},{"floor":22,"key":"ColorlessPotion"},{"floor":24,"key":"SteroidPotion"},{"floor":29,"key":"LiquidBronze"},{"floor":30,"key":"ColorlessPotion"}],"is_trial":false,"path_per_floor":["M","$","?","?","$","R","E","R","T","R","M","M","M","?","R","B",null,"M","M","M","$","M","R","M","R","T","?","T","E","M","M"],"character_chosen":"THE_SILENT","items_purchased":["Blade Dance","Dagger Throw","Backstab","Slice","Noxious Fumes"],"campfire_rested":2,"item_purchase_floors":[2,2,21,21,21],"current_hp_per_floor":[70,70,70,70,70,70,70,70,70,70,70,70,69,69,69,59,70,47,47,29,29,13,34,34,55,55,55,55,20,11,0,0],"gold":342,"neow_bonus":"THREE_ENEMY_KILL","is_daily":false,"chose_seed":false,"campfire_upgraded":4,"win_rate":0.0,"timestamp":1609544691,"path_taken":["M","$","?","?","$","R","E","R","T","R","M","M","M","?","R","BOSS","M","?","M","$","M","R","M","R","T","?","?","E","M","M"],"items_purchased_type":["Card","Card","Card","Card","Card"],"build_version":"2020-12-22","purchased_purges":0,"victory":false,"max_hp_per_floor":[70,70,70,70,70,70,70,70,70,70,70,70,70,70,70,70,70,70,70,70,70,70,70,70,70,70,70,70,70,70,70,70],"card_choices":[{"not_picked":["Finisher","Dagger Throw"],"picked":"PiercingWail","floor":1},{"not_picked":["Unload","Crippling Poison"],"picked":"Bouncing Flask","floor":7},{"not_picked":["Footwork","Backflip"],"picked":"Deflect","floor":11},{"not_picked":["Blade Dance","Quick Slash"],"picked":"Blur","floor":12},{"not_picked":["Poisoned Stab","Deflect"],"picked":"Catalyst","floor":13},{"not_picked":["Unload","Night Terror"],"picked":"Phantasmal Killer","floor":16},{"not_picked":["Blade Dance+1","Backflip"],"picked":"Bane+1","floor":18},{"not_picked":["Reflex+1","Well Laid Plans+1"],"picked":"Dash","floor":19},{"not_picked":["Bane","Dagger Throw"],"picked":"Slice+1","floor":20},{"not_picked":["Acrobatics+1","Bane"],"picked":"Dodge and Roll+1","floor":22},{"not_picked":["Glass Knife","Quick Slash"],"picked":"Terror","floor":24},{"not_picked":["Dagger Throw","Bane"],"picked":"Underhanded Strike","floor":29},{"not_picked":["Heel Hook","Bane"],"picked":"Deflect","floor":30}],"player_experience":13658,"relics_obtained":[{"floor":7,"key":"Kunai"},{"floor":9,"key":"White Beast Statue"},{"floor":26,"key":"Letter Opener"},{"floor":28,"key":"Matryoshka"},{"floor":29,"key":"WingedGreaves"}],"event_choices":[{"damage_healed":0,"gold_gain":0,"player_choice":"Leave","damage_taken":0,"max_hp_gain":0,"max_hp_loss":0,"event_name":"The Cleric","floor":3,"gold_loss":0},{"damage_healed":0,"gold_gain":0,"player_choice":"Ignored","damage_taken":0,"max_hp_gain":0,"max_hp_loss":0,"event_name":"Golden Wing","floor":4,"gold_loss":0},{"damage_healed":0,"gold_gain":0,"player_choice":"Ignored","damage_taken":0,"max_hp_gain":0,"max_hp_loss":0,"event_name":"NoteForYourself","floor":14,"gold_loss":0},{"damage_healed":0,"gold_gain":0,"player_choice":"Simplicity","damage_taken":0,"max_hp_gain":0,"max_hp_loss":0,"event_name":"Back to Basics","floor":27,"gold_loss":0,"cards_upgraded":["Strike_G","Strike_G","Strike_G","Strike_G","Strike_G","Defend_G","Defend_G","Defend_G","Defend_G","Defend_G"]}],"is_beta":false,"boss_relics":[{"not_picked":["Coffee Dripper","Astrolabe"],"picked":"SacredBark"}],"items_purged_floors":[],"is_endless":false,"potions_floor_spawned":[1,11,12,13,16,18,19,20,22,24,29,30],"killed_by":"3 Cultists","ascension_level":0}}