{"host":"voggrb23g0exkywg","time":1609460649,"event":{"mods":["AchievementEnabler","BaseMod","Colored Map","Highlight Path","Minty Spire (QoL Compilation)","Quick Restart"],"gold_per_floor":[11700,10882,10882,10900,9741,9741,9771,9771,9771,9771,9786,9814,9814,9814,9814,9913,9913,9928,9948,9948,9962,9978,9978,9992,8996,8996,7885,7897,7915,7292,7392,7392,7494,7494,7506,6573,6593,6608,6620,6647,6647,6679,6679,6679,6679,6729,6729,5810,5810,5810,5810,5810,5187,5216,5216,5216],"floor_reached":55,"playtime":6515,"items_purged":["Defend_P","Strike_P","Strike_P","Strike_P","Defend_P","Defend_P","Defend_P"],"score":783,"play_id":"325fd350-20d4-45ba-97f7-54313e6e6cfc","local_time":"20210101002409","is_ascension_mode":false,"campfire_choices":[{"floor":6,"key":"RECALL"},{"data":"Eruption","floor":8,"key":"SMITH"},{"data":"WheelKick","floor":10,"key":"SMITH"},{"floor":15,"key":"REST"},{"data":"Collect","floor":23,"key":"SMITH"},{"data":"Judgement","floor":32,"key":"SMITH"},{"data":"Ragnarok","floor":41,"key":"SMITH"},{"data":"Perseverance","floor":44,"key":"SMITH"},{"data":"Vault","floor":49,"key":"SMITH"},{"data":"Tantrum","floor":52,"key":"SMITH"}],"circlet_count":0,"master_deck":["Eruption+1","Vigilance","WheelKick+1","FlurryOfBlows","CutThroughFate","Adaptation","Halt+1","FlyingSleeves+1","Nirvana+1","WaveOfTheHand","LessonLearned","FlyingSleeves","DeceiveReality","Tantrum+1","WindmillStrike+1","Perseverance+1","Judgement+1","EmptyBody+1","Evaluate","BattleHymn+1","ReachHeaven","Judgement","MasterReality+1","Ragnarok+1","Vault+1","FollowUp","DeusExMachina","SandsOfTime+1","DevaForm+1","Adaptation+1","The Bomb+1","Indignation+1","Violence"],"relics":["HolyWater","NeowsBlessing","PreservedInsect","Matryoshka","Frozen Egg 2","Omamori","HandDrill","Meat on the Bone","Bronze Scales","Dream Catcher","Strawberry","Cursed Key","Nloth\u0027s Gift","Question Card","StoneCalendar","Toolbox","Boot","Mercury Hourglass","Pen Nib","Letter Opener","TheAbacus","Kunai","Lantern","Prayer Wheel","Sundial","Juzu Bracelet","Potion Belt","DollysMirror","Singing Bowl","Damaru","Peace Pipe","Unceasing Top","Ornamental Fan","Thread and Needle","Frozen Eye","Toy Ornithopter","War Paint","Membership Card","Oddly Smooth Stone"],"acts_visited":["Exordium","TheCity","TheBeyond","TheEnding"],"potions_floor_usage":[27,50,50],"damage_taken":[{"damage":0,"enemies":"Small Slimes","floor":1,"turns":1},{"damage":0,"enemies":"Cultist","floor":4,"turns":1},{"damage":0,"enemies":"Gremlin Nob","floor":7,"turns":1},{"damage":5,"enemies":"2 Louse","floor":11,"turns":2},{"damage":6,"enemies":"3 Sentries","floor":12,"turns":2},{"damage":18,"enemies":"Slime Boss","floor":16,"turns":4},{"damage":20,"enemies":"2 Thieves","floor":18,"turns":2},{"damage":10,"enemies":"Chosen","floor":19,"turns":3},{"damage":0,"enemies":"Sentry and Sphere","floor":21,"turns":2},{"damage":2,"enemies":"Cultist and Chosen","floor":22,"turns":4},{"damage":23,"enemies":"Chosen and Byrds","floor":24,"turns":5},{"damage":3,"enemies":"Centurion and Healer","floor":28,"turns":3},{"damage":6,"enemies":"Snecko","floor":29,"turns":4},{"damage":4,"enemies":"Colosseum Slavers","floor":31,"turns":2},{"damage":0,"enemies":"Colosseum Nobs","floor":31,"turns":2},{"damage":67,"enemies":"Automaton","floor":33,"turns":7},{"damage":0,"enemies":"3 Darklings","floor":35,"turns":3},{"damage":27,"enemies":"3 Shapes","floor":37,"turns":3},{"damage":0,"enemies":"Transient","floor":38,"turns":5},{"damage":25,"enemies":"Writhing Mass","floor":39,"turns":4},{"damage":41,"enemies":"Nemesis","floor":40,"turns":4},{"damage":27,"enemies":"Reptomancer","floor":42,"turns":4},{"damage":64,"enemies":"Mind Bloom Boss Battle","floor":46,"turns":4},{"damage":119,"enemies":"Awakened One","floor":50,"turns":7},{"damage":12,"enemies":"Shield and Spear","floor":54,"turns":2},{"damage":181,"enemies":"The Heart","floor":55,"turns":3}],"seed_played":"-2102172732572315651","potions_obtained":[{"floor":22,"key":"SteroidPotion"}],"is_trial":false,"path_per_floor":["M","$","?","M","$","R","E","R","T","R","M","E","?","?","R","B",null,"M","M","?","M","M","R","M","$","T","$","M","M","$","?","R","B",null,"M","$","M","M","M","E","R","E","T","R","?","?","?","$","R","B",null,"R","$","E","B"],"character_chosen":"WATCHER","items_purchased":["PreservedInsect","Matryoshka","Chemical X","FlurryOfBlows","CutThroughFate","Adaptation","Halt","Frozen Egg 2","Omamori","HandDrill","DuplicationPotion","LiquidMemories","Nirvana+1","WaveOfTheHand","LessonLearned","FlyingSleeves","Question Card","StoneCalendar","Toolbox","Judgement","Pen Nib","Letter Opener","TheAbacus","Fruit Juice","Regen Potion","MasterReality+1","Ragnarok","Kunai","Lantern","FollowUp","Juzu Bracelet","Potion Belt","DollysMirror","SpeedPotion","SpeedPotion","The Bomb","Ornamental Fan","Thread and Needle","Frozen Eye","Toy Ornithopter","War Paint","Membership Card","LiquidBronze","FearPotion","BlessingOfTheForge","Violence"],"campfire_rested":1,"item_purchase_floors":[2,2,2,2,2,2,2,5,5,5,5,5,5,5,5,5,25,25,25,25,27,27,27,27,27,27,27,30,30,30,36,36,36,36,36,36,48,48,48,53,53,53,53,53,53,53],"current_hp_per_floor":[72,72,72,72,72,72,72,72,72,72,67,61,65,65,79,61,79,59,49,49,49,47,47,79,79,79,84,81,84,84,80,80,53,84,84,84,57,84,83,76,76,86,86,86,86,88,88,88,88,88,88,88,88,90,0,0],"gold":5216,"neow_bonus":"THREE_ENEMY_KILL","is_daily":false,"chose_seed":false,"campfire_upgraded":8,"win_rate":0.0,"timestamp":1609460649,"path_taken":["M","$","?","?","$","R","E","R","T","R","M","E","?","?","R","BOSS","M","M","?","M","M","R","M","$","T","$","?","M","?","?","R","BOSS","M","$","M","M","M","E","R","E","T","R","?","?","?","$","R","BOSS","R","$","E","BOSS"],"items_purchased_type":["Relic","Relic","Relic","Card","Card","Card","Card","Relic","Relic","Relic","Potion","Potion","Card","Card","Card","Card","Relic","Relic","Relic","Card","Relic","Relic","Relic","Potion","Potion","Card","Card","Relic","Relic","Card","Relic","Relic","Relic","Potion","Potion","Card","Relic","Relic","Relic","Relic","Relic","Relic","Potion","Potion","Potion","Card"],"build_version":"2020-12-22","purchased_purges":7,"victory":false,"max_hp_per_floor":[72,72,72,72,72,72,72,72,72,72,72,72,79,79,79,79,79,79,79,79,79,79,79,79,79,79,84,84,84,84,84,84,84,84,84,84,84,84,84,84,84,86,86,86,86,88,88,88,88,88,88,88,88,90,90,90],"card_choices":[{"not_picked":["Halt","BowlingBash"],"picked":"WheelKick","floor":1},{"not_picked":["CutThroughFate","BowlingBash"],"picked":"FlyingSleeves","floor":4},{"not_picked":["LessonLearned","Halt"],"picked":"DeceiveReality","floor":7},{"not_picked":["EmptyFist","Study+1"],"picked":"Tantrum","floor":11},{"not_picked":["Study+1","CrushJoints"],"picked":"WindmillStrike","floor":12},{"not_picked":["CutThroughFate","Consecrate"],"picked":"Perseverance","floor":15},{"not_picked":["Ragnarok","DevaForm+1"],"picked":"Judgement","floor":16},{"not_picked":["Halt","Conclude"],"picked":"EmptyBody+1","floor":18},{"not_picked":["JustLucky","FlurryOfBlows+1"],"picked":"Evaluate","floor":19},{"not_picked":["SashWhip","CrushJoints+1"],"picked":"BattleHymn+1","floor":21},{"not_picked":["PathToVictory+1","FlurryOfBlows"],"picked":"Collect","floor":22},{"not_picked":["ThirdEye","WheelKick"],"picked":"ReachHeaven","floor":24},{"not_picked":["Perseverance","Halt+1","Meditate"],"picked":"Vault","floor":28},{"not_picked":["Halt","Crescendo+1","JustLucky","Pray+1"],"picked":"SKIP","floor":29},{"not_picked":["LessonLearned","Scrawl","Establishment+1"],"picked":"DeusExMachina","floor":33},{"not_picked":["Weave","BowlingBash+1","Indignation"],"picked":"SandsOfTime+1","floor":35},{"not_picked":["WindmillStrike+1","SandsOfTime","Indignation"],"picked":"DevaForm+1","floor":35},{"not_picked":["Evaluate","JustLucky+1","FlurryOfBlows"],"picked":"Indignation+1","floor":37},{"not_picked":["Perseverance+1","ClearTheMind","Adaptation+1","WaveOfTheHand+1"],"picked":"SKIP","floor":37},{"not_picked":["Crescendo","CarveReality+1","SashWhip","EmptyFist+1"],"picked":"SKIP","floor":38},{"not_picked":["Protect","JustLucky","ClearTheMind","Consecrate+1"],"picked":"SKIP","floor":38},{"not_picked":["FlurryOfBlows","EmptyBody+1","Evaluate","EmptyMind+1"],"picked":"SKIP","floor":39},{"not_picked":["CrushJoints","DeusExMachina","Conclude+1","JustLucky"],"picked":"SKIP","floor":39},{"not_picked":["PathToVictory","FlurryOfBlows+1","DeceiveReality+1","Nirvana+1"],"picked":"SKIP","floor":40},{"not_picked":["Sanctity","WheelKick","Weave+1","FlyingSleeves"],"picked":"Singing Bowl","floor":42},{"not_picked":["ConjureBlade","SignatureMove","FlurryOfBlows","Ragnarok"],"picked":"Singing Bowl","floor":46},{"not_picked":["PathToVictory","EmptyBody+1","LessonLearned","Ragnarok"],"picked":"Singing Bowl","floor":54}],"player_experience":125646,"relics_obtained":[{"floor":7,"key":"Meat on the Bone"},{"floor":9,"key":"Bronze Scales"},{"floor":12,"key":"Dream Catcher"},{"floor":26,"key":"Boot"},{"floor":26,"key":"Mercury Hourglass"},{"floor":31,"key":"Prayer Wheel"},{"floor":31,"key":"Sundial"},{"floor":40,"key":"Singing Bowl"},{"floor":42,"key":"Damaru"},{"floor":43,"key":"Peace Pipe"},{"floor":46,"key":"Unceasing Top"},{"floor":54,"key":"Oddly Smooth Stone"}],"event_choices":[{"cards_removed":["Strike_P"],"damage_healed":0,"gold_gain":0,"player_choice":"Offered Basic","damage_taken":0,"max_hp_gain":0,"max_hp_loss":0,"event_name":"Bonfire Elementals","floor":3,"gold_loss":0},{"damage_healed":0,"gold_gain":0,"player_choice":"Success","damage_taken":3,"relics_obtained":["Strawberry"],"max_hp_gain":0,"max_hp_loss":0,"event_name":"Scrap Ooze","floor":13,"gold_loss":0},{"damage_healed":0,"gold_gain":0,"player_choice":"Grow","damage_taken":0,"max_hp_gain":0,"max_hp_loss":0,"event_name":"Living Wall","floor":14,"gold_loss":0,"cards_upgraded":["WindmillStrike"]},{"damage_healed":0,"gold_gain":0,"player_choice":"Traded Relic","damage_taken":0,"relics_obtained":["Nloth\u0027s Gift"],"max_hp_gain":0,"max_hp_loss":0,"event_name":"N\u0027loth","floor":20,"relics_lost":["Chemical X"],"gold_loss":0},{"damage_healed":0,"gold_gain":0,"player_choice":"Fight","damage_taken":0,"max_hp_gain":0,"max_hp_loss":0,"event_name":"Colosseum","floor":31,"gold_loss":0},{"damage_healed":0,"gold_gain":0,"player_choice":"Fought Nobs","damage_taken":0,"max_hp_gain":0,"max_hp_loss":0,"event_name":"Colosseum","floor":31,"gold_loss":0},{"damage_healed":0,"gold_gain":0,"player_choice":"Ignored","damage_taken":0,"max_hp_gain":0,"max_hp_loss":0,"event_name":"SecretPortal","floor":45,"gold_loss":0},{"damage_healed":0,"gold_gain":0,"player_choice":"Fight","damage_taken":0,"max_hp_gain":0,"max_hp_loss":0,"event_name":"MindBloom","floor":46,"gold_loss":0},{"cards_removed":["Collect"],"damage_healed":0,"gold_gain":0,"player_choice":"Removed Skill","damage_taken":0,"max_hp_gain":0,"max_hp_loss":0,"event_name":"Falling","floor":47,"gold_loss":0}],"is_beta":false,"boss_relics":[{"not_picked":["Busted Crown","SacredBark"],"picked":"Cursed Key"},{"not_picked":["Snecko Eye","Philosopher\u0027s Stone"],"picked":"HolyWater"}],"items_purged_floors":[2,5,25,27,30,36,48],"is_endless":false,"potions_floor_spawned":[7,22,29,31,31,33,42,46,54],"killed_by":"The Heart","ascension_level":0}}