{"host":"7k2a2omxz3voj5ax","time":1609517264,"event":{"mods":["BaseMod","Marisa£¨ìFÓê¡¡Ä§ÀíÉ³£©","Minty Spire (QoL Compilation)","Quick Restart","Spicy Shops","StSLib","Starting Relic: Pandora\u0027s Box","óô»ðÖ¸ÄÏ"],"gold_per_floor":[118,284,300,315,48,48,75,75,75,75,75,100,116,127,127,201,201,219,239,439,459,469,498,498,530,530,530,530,530,543,239,239,318,318,335,335,352,370,386,419,419,454,477,477,491,12,42,54,54,54,54],"floor_reached":52,"playtime":3065,"items_purged":["Bash","Uppercut","Shrug It Off","Sword Boomerang"],"score":2559,"play_id":"e06cf924-816d-44e3-a2ac-df3fc31137bf","local_time":"20210102010744","is_ascension_mode":true,"campfire_choices":[{"data":"Armaments","floor":6.0,"key":"SMITH"},{"data":"Body Slam","floor":8.0,"key":"SMITH"},{"data":"Entrench","floor":15.0,"key":"SMITH"},{"data":"Pommel Strike","floor":24.0,"key":"SMITH"},{"data":"Burning Pact","floor":27.0,"key":"SMITH"},{"data":"Power Through","floor":29.0,"key":"SMITH"},{"data":"Rupture","floor":32.0,"key":"SMITH"},{"data":"Impervious","floor":41.0,"key":"SMITH"},{"data":"Juggernaut","floor":44.0,"key":"SMITH"},{"data":"Seeing Red","floor":49,"key":"SMITH"}],"circlet_count":0,"master_deck":["AscendersBane","Pommel Strike+1","Inflame","Body Slam+1","Armaments+1","Feel No Pain+1","Flame Barrier+1","Inflame+1","Impervious+1","Feed","Reaper","Decay","Entrench+1","Burning Pact+1","Berserk","Exhume","Power Through+1","Rupture+1","Fiend Fire","Seeing Red+1","Power Through+1","Juggernaut+1","Parasite","Brutality","Master of Strategy"],"relics":["Astrolabe","Lizard Tail","Calipers","Medical Kit","Charon\u0027s Ashes","Blue Candle","Eternal Feather","Runic Pyramid","Meat on the Bone","InkBottle","CaptainsWheel","Membership Card","Vajra","Runic Cube","Art of War","StrikeDummy","PreservedInsect","Smiling Mask","Sundial","Gambling Chip"],"acts_visited":["Exordium","TheCity","TheBeyond"],"potions_floor_usage":[50],"damage_taken":[{"damage":3.0,"enemies":"Cultist","floor":1.0,"turns":5.0},{"damage":7.0,"enemies":"Jaw Worm","floor":3.0,"turns":5.0},{"damage":0.0,"enemies":"2 Louse","floor":4.0,"turns":2.0},{"damage":0.0,"enemies":"Lagavulin","floor":7.0,"turns":5.0},{"damage":1.0,"enemies":"Gremlin Nob","floor":12.0,"turns":3.0},{"damage":6.0,"enemies":"Gremlin Gang","floor":13.0,"turns":4.0},{"damage":1.0,"enemies":"Blue Slaver","floor":14.0,"turns":5.0},{"damage":1.0,"enemies":"Slime Boss","floor":16.0,"turns":5.0},{"damage":0.0,"enemies":"Chosen","floor":18.0,"turns":5.0},{"damage":0.0,"enemies":"3 Byrds","floor":19.0,"turns":3.0},{"damage":0.0,"enemies":"Sentry and Sphere","floor":21.0,"turns":4.0},{"damage":1.0,"enemies":"Snecko","floor":22.0,"turns":9.0},{"damage":25.0,"enemies":"Slavers","floor":23.0,"turns":5.0},{"damage":14.0,"enemies":"Gremlin Leader","floor":25.0,"turns":6.0},{"damage":36.0,"enemies":"Shelled Parasite and Fungi","floor":30.0,"turns":5.0},{"damage":1.0,"enemies":"Champ","floor":33.0,"turns":5.0},{"damage":52.0,"enemies":"3 Darklings","floor":35.0,"turns":4.0},{"damage":0.0,"enemies":"3 Shapes","floor":37.0,"turns":4.0},{"damage":11.0,"enemies":"3 Darklings","floor":38.0,"turns":5.0},{"damage":0.0,"enemies":"4 Shapes","floor":39.0,"turns":4.0},{"damage":1.0,"enemies":"Giant Head","floor":40.0,"turns":6.0},{"damage":29.0,"enemies":"Reptomancer","floor":42.0,"turns":4.0},{"damage":1.0,"enemies":"Writhing Mass","floor":45.0,"turns":5.0},{"damage":7.0,"enemies":"Giant Head","floor":47.0,"turns":3.0},{"damage":5.0,"enemies":"Maw","floor":48.0,"turns":4.0},{"damage":7,"enemies":"Time Eater","floor":50,"turns":5},{"damage":3,"enemies":"Donu and Deca","floor":51,"turns":4}],"seed_played":"-7507618963707129451","potions_obtained":[{"floor":1.0,"key":"DuplicationPotion"},{"floor":7.0,"key":"Strength Potion"},{"floor":35.0,"key":"SteroidPotion"},{"floor":37.0,"key":"SkillPotion"}],"is_trial":false,"path_per_floor":["M","$","M","M","$","R","E","R","T","$","?","E","M","M","R","B",null,"M","M","?","M","M","E","R","E","T","R","?","R","M","$","R","B",null,"M","?","M","M","M","E","R","E","T","R","M","R","E","M","R","B","B",null],"character_chosen":"IRONCLAD","items_purchased":["Lizard Tail","Calipers","Impervious","Feed","Medical Kit","Membership Card","Vajra","Rupture","Smiling Mask","Master of Strategy","Sundial"],"campfire_rested":0,"item_purchase_floors":[2,2,2,2,5,31,31,31,46,46,46],"current_hp_per_floor":[65,65,62,65,65,65,69,69,69,69,69,68,85,87,92,91,92,96,99,99,103,107,100,109,99,99,108,72,81,71,71,80,86,119,97,97,114,133,139,143,143,114,114,126,132,147,140,143,150,151,152],"gold":54,"neow_bonus":"BOSS_RELIC","is_daily":false,"chose_seed":false,"campfire_upgraded":10,"win_rate":0.0,"timestamp":1609517264,"path_taken":["M","?","?","M","$","R","E","R","T","$","?","E","M","?","R","BOSS","M","?","?","?","M","E","R","E","T","R","?","R","M","?","R","BOSS","M","?","M","M","M","E","R","E","T","R","M","R","E","M","R","BOSS","BOSS"],"items_purchased_type":["Relic","Relic","Card","Card","Relic","Relic","Relic","Card","Relic","Card","Relic"],"build_version":"2020-12-22","purchased_purges":4,"victory":true,"max_hp_per_floor":[75,75,79,82,82,82,86,86,86,86,86,86,89,92,92,92,92,96,99,99,103,107,114,114,118,118,118,123,123,127,127,127,130,130,130,130,133,133,139,143,143,143,143,143,147,147,147,150,150,153,157],"card_choices":[{"not_picked":["Feel No Pain","Wild Strike","Havoc"],"picked":"SKIP","floor":1.0},{"not_picked":["Heavy Blade","True Grit","Anger"],"picked":"SKIP","floor":3.0},{"not_picked":["Armaments","Cleave"],"picked":"Reaper","floor":4.0},{"not_picked":["Uppercut","Combust"],"picked":"Sword Boomerang","floor":7.0},{"not_picked":["Havoc","Hemokinesis"],"picked":"Entrench","floor":12.0},{"not_picked":["Evolve","Body Slam"],"picked":"Burning Pact","floor":13.0},{"not_picked":["Uppercut","Armaments","Twin Strike"],"picked":"SKIP","floor":14.0},{"not_picked":["Juggernaut","Immolate"],"picked":"Berserk","floor":16.0},{"not_picked":["True Grit","Disarm","Ghostly Armor"],"picked":"SKIP","floor":18.0},{"not_picked":["Dropkick","Hemokinesis","Twin Strike+1"],"picked":"SKIP","floor":19.0},{"not_picked":["Cleave","Sentinel","Warcry+1"],"picked":"SKIP","floor":21.0},{"not_picked":["Anger","Body Slam"],"picked":"Exhume","floor":22.0},{"not_picked":["Armaments","Sever Soul","Perfected Strike"],"picked":"SKIP","floor":23.0},{"not_picked":["Flame Barrier","Dropkick"],"picked":"Power Through","floor":25.0},{"not_picked":["Wild Strike","Evolve","Clash"],"picked":"SKIP","floor":30.0},{"not_picked":["Demon Form","Juggernaut"],"picked":"Fiend Fire","floor":33.0},{"not_picked":["Thunderclap","Rage"],"picked":"Seeing Red","floor":35.0},{"not_picked":["Heavy Blade","Anger+1","Clothesline"],"picked":"SKIP","floor":37.0},{"not_picked":["Shrug It Off","Perfected Strike+1","Inflame"],"picked":"SKIP","floor":38.0},{"not_picked":["Thunderclap+1","Clothesline"],"picked":"Power Through+1","floor":39.0},{"not_picked":["Wild Strike","True Grit","Sentinel"],"picked":"SKIP","floor":40.0},{"not_picked":["Heavy Blade","Flex"],"picked":"Juggernaut","floor":42.0},{"not_picked":["Heavy Blade","Pummel"],"picked":"Brutality","floor":45.0},{"not_picked":["Armaments+1","Rupture","Combust"],"picked":"SKIP","floor":47.0},{"not_picked":["Wild Strike","Body Slam","Cleave"],"picked":"SKIP","floor":48.0}],"player_experience":400041,"relics_obtained":[{"floor":7.0,"key":"Charon\u0027s Ashes"},{"floor":9.0,"key":"Blue Candle"},{"floor":12.0,"key":"Eternal Feather"},{"floor":23.0,"key":"Meat on the Bone"},{"floor":25.0,"key":"InkBottle"},{"floor":26.0,"key":"CaptainsWheel"},{"floor":40.0,"key":"Art of War"},{"floor":42.0,"key":"StrikeDummy"},{"floor":43.0,"key":"PreservedInsect"},{"floor":47.0,"key":"Gambling Chip"}],"event_choices":[{"damage_healed":0.0,"max_hp_gain":0.0,"max_hp_loss":0.0,"gold_gain":0.0,"event_name":"Wheel of Change","player_choice":"Cursed","floor":11.0,"gold_loss":0.0,"damage_taken":0.0,"cards_obtained":["Decay"]},{"damage_healed":0.0,"max_hp_gain":0.0,"max_hp_loss":0.0,"gold_gain":250.0,"event_name":"The Joust","player_choice":"Bet on Owner","floor":20.0,"gold_loss":50.0,"damage_taken":0.0},{"damage_healed":0.0,"max_hp_gain":5.0,"max_hp_loss":0.0,"gold_gain":0.0,"event_name":"Forgotten Altar","player_choice":"Shed Blood","floor":28.0,"gold_loss":0.0,"damage_taken":41.0},{"damage_healed":0.0,"max_hp_gain":0.0,"max_hp_loss":0.0,"gold_gain":0.0,"event_name":"SensoryStone","player_choice":"Memory 1","floor":36.0,"gold_loss":0.0,"damage_taken":0.0}],"is_beta":false,"boss_relics":[{"not_picked":["Tiny House","Runic Dome"],"picked":"Runic Pyramid"},{"not_picked":["Empty Cage","Snecko Eye"],"picked":"Runic Cube"}],"items_purged_floors":[2,5,31,46],"is_endless":false,"potions_floor_spawned":[1,7,14,21,22,25,35,37,39,47],"ascension_level":20}}