{"host":"tg03ipq50zwyd5lj","time":1609471171,"event":{"mods":["2.2 Compatiblity","Act Like it!","BaseMod","Better Third Choice","BetterRewards","Block Reminder","Conspire","Defuse TimeMaze Blight","Downfall","Ekko","Evolution","Gold Saver","Hubris","Kratos Character Expansion","Minty Spire (QoL Compilation)","Relic Stats","Replay The Spire","Robot Space Explorer","Shedinja","StSLib","The Alterego","The Construct","The Exalted","The Marked","TheSwordswoman","WarShipGirlsR/????R mod","vexMod"],"gold_per_floor":[109,129,145,165,175,175,195,206,231,249,39,59,76,90,90,201,201,218,228,253,263,277,277,288,75,75,75,90,102,118,132,217,328,328,345,362,380,392,392,392,87,103,128,141,154,172,184,194,194,194,194],"floor_reached":50,"playtime":1397,"items_purged":[],"score":662,"play_id":"06dd086b-f3b7-44d5-a803-de5fcda7a8a3","local_time":"20210101131931","daily_mods":["Vintage","Heirloom","Time Dilation","Flight","downfall:Lament"],"is_ascension_mode":false,"campfire_choices":[{"data":"Bash","floor":6,"key":"SMITH"},{"data":"Dropkick","floor":15,"key":"SMITH"},{"data":"hubris:DuctTapeCard","floor":23,"key":"SMITH"},{"data":"Blood for Blood","floor":27,"key":"SMITH"},{"data":"Demon Form","floor":40,"key":"SMITH"},{"floor":49,"key":"DIG"}],"circlet_count":0,"master_deck":["Strike_R+1","Strike_R","Strike_R+1","Strike_R","Defend_R","Defend_R","Defend_R+1","Defend_R+1","Bash+1","Dropkick+1","hubris:DuctTapeCard+2","Blood for Blood+1","Demon Form+1"],"relics":["Burning Blood","EVO:Axolotl","NeowsBlessing","vexMod:PlasmaPancake","Bromod:ArcaneUltimatum","hexamod:BolsterEngine","hubris:BundleOfHerbs","Replay:PocketPolymizer","War Paint","CeramicFish","Mummified Hand","PreservedInsect","Replay:Bottled Flurry","Bromod:ArcaneTempo","ReplayTheSpireMod:Lightbulb","Gremlin Horn","Gremlin Food","SacredBark","hubris:ChampionShield","hubris:SlimyHat","hubris:DuctTape","Akabeko","Question Card","Bag of Marbles","OrangePellets","Toy Ornithopter","Omamori","Bronze Scales","construct:FoamFinger","Red Skull","Smiling Mask","Blood Vial","Kunai","Guardian:PocketSentry","Bromod:ArcaneMomentum","Nunchaku","Potion Belt","HornCleat","sneckomod:BlankCard","conspire:DeflatedDodgeball","Replay:Rubber Ducky","Whetstone","vexMod:HeadHunter"],"acts_visited":["Exordium","TheCity","TheBeyond"],"potions_floor_usage":[16,16,16,16,16,16,20,21,29,29,33,50,50,50],"damage_taken":[{"damage":0,"enemies":"Jaw Worm","floor":1,"turns":1},{"damage":0,"enemies":"Cultist","floor":2,"turns":1},{"damage":0,"enemies":"conspire:RoseBush","floor":3,"turns":1},{"damage":0,"enemies":"Gremlin Gang","floor":4,"turns":3},{"damage":0,"enemies":"Lots of Slimes","floor":5,"turns":1},{"damage":0,"enemies":"3 Louse","floor":7,"turns":1},{"damage":17,"enemies":"conspire:2 RoseBushes","floor":8,"turns":4},{"damage":0,"enemies":"Exordium Wildlife","floor":10,"turns":2},{"damage":0,"enemies":"Exordium Thugs","floor":12,"turns":4},{"damage":0,"enemies":"Blue Slaver","floor":13,"turns":2},{"damage":10,"enemies":"Looter","floor":14,"turns":2},{"damage":12,"enemies":"Hexaghost","floor":16,"turns":6},{"damage":5,"enemies":"Shell Parasite","floor":18,"turns":3},{"damage":35,"enemies":"Spheric Guardian","floor":19,"turns":8},{"damage":24,"enemies":"Snake Plant","floor":20,"turns":4},{"damage":0,"enemies":"Shelled Parasite and Fungi","floor":21,"turns":1},{"damage":12,"enemies":"conspire:HollyBat","floor":22,"turns":5},{"damage":7,"enemies":"Centurion and Healer","floor":24,"turns":4},{"damage":6,"enemies":"Snake Plant","floor":28,"turns":3},{"damage":0,"enemies":"conspire:HollyBat","floor":29,"turns":3},{"damage":0,"enemies":"3 Cultists","floor":30,"turns":3},{"damage":0,"enemies":"Centurion and Healer","floor":31,"turns":1},{"damage":21,"enemies":"Pondfish","floor":33,"turns":9},{"damage":5,"enemies":"3 Shapes","floor":35,"turns":2},{"damage":0,"enemies":"3 Darklings","floor":36,"turns":3},{"damage":2,"enemies":"Jaw Worm Horde","floor":37,"turns":4},{"damage":22,"enemies":"Transient","floor":38,"turns":5},{"damage":24,"enemies":"Writhing Mass","floor":42,"turns":3},{"damage":7,"enemies":"Jaw Worm Horde","floor":44,"turns":2},{"damage":0,"enemies":"4 Shapes","floor":45,"turns":1},{"damage":0,"enemies":"3 Darklings","floor":46,"turns":1},{"damage":0,"enemies":"Jaw Worm Horde","floor":47,"turns":2},{"damage":0,"enemies":"Sphere and 2 Shapes","floor":48,"turns":3},{"damage":98,"enemies":"conspire:OrnateMirror","floor":50,"turns":1}],"seed_played":"-1551168320177264805","potions_obtained":[{"floor":3,"key":"EntropicBrew"},{"floor":5,"key":"Weak Potion"},{"floor":7,"key":"Energy Potion"},{"floor":12,"key":"Fire Potion"},{"floor":16,"key":"Explosive Potion"},{"floor":19,"key":"conspire:TimeTravelPotion"},{"floor":21,"key":"Fire Potion"},{"floor":22,"key":"PowerPotion"},{"floor":28,"key":"AttackPotion"},{"floor":35,"key":"PowerPotion"},{"floor":37,"key":"BloodPotion"},{"floor":38,"key":"DuplicationPotion"},{"floor":47,"key":"SteroidPotion"}],"is_trial":true,"path_per_floor":["M","M","M","M","M","R","M","M","T","M","$","M","M","M","R","B",null,"M","M","M","M","M","R","M","$","T","R","M","M","M","M","R","B",null,"M","M","M","M","$","R","$","M","T","M","M","M","M","M","R","B"],"character_chosen":"IRONCLAD","items_purchased":["Bromod:ArcaneTempo","Dropkick","Blood for Blood","OrangePellets","Guardian:PocketSentry","Bromod:ArcaneMomentum"],"campfire_rested":0,"item_purchase_floors":[11,11,25,25,41,41],"current_hp_per_floor":[86,86,86,86,86,86,86,75,75,81,81,86,86,82,82,76,86,86,57,63,69,63,63,62,62,62,62,62,78,84,86,86,71,86,86,86,86,70,70,70,70,54,54,55,63,71,79,86,86,0,0],"gold":194,"neow_bonus":"","is_daily":false,"chose_seed":false,"campfire_upgraded":5,"win_rate":0.0,"timestamp":1609471171,"path_taken":["M","M","M","M","M","R","M","M","T","M","$","M","M","M","R","BOSS","M","M","M","M","M","R","M","$","T","R","M","M","M","M","R","BOSS","M","M","M","M","$","R","$","M","T","M","M","M","M","M","R","BOSS"],"items_purchased_type":["Relic","Card","Card","Relic","Relic","Relic"],"build_version":"2020-12-22","purchased_purges":0,"victory":false,"max_hp_per_floor":[86,86,86,86,86,86,86,86,86,86,86,86,86,86,86,86,86,86,86,86,86,86,86,86,86,86,86,86,86,86,86,86,86,86,86,86,86,86,86,86,86,86,86,86,86,86,86,86,86,86,86],"relic_stats":{"Gremlin Horn":[24,24],"counters":[34,98],"CeramicFish":45,"PreservedInsect":0,"Whetstone":["Strike_R","Strike_R"],"War Paint":["Defend_R","Defend_R"],"Question Card":1,"Smiling Mask":0,"Burning Blood":138,"Blood Vial":12,"OrangePellets":[13],"Nunchaku":[3],"Mummified Hand":[43],"Bronze Scales":[124],"Kunai":[9],"obtain_stats":[{"Bromod:ArcaneUltimatum":1,"vexMod:PlasmaPancake":0,"Replay:PocketPolymizer":4,"construct:FoamFinger":31,"Gremlin Horn":13,"CeramicFish":7,"SacredBark":17,"sneckomod:BlankCard":45,"hubris:SlimyHat":19,"EVO:Axolotl":0,"Whetstone":48,"Smiling Mask":36,"Burning Blood":0,"Replay:Rubber Ducky":47,"Blood Vial":37,"Nunchaku":42,"HornCleat":44,"Mummified Hand":8,"Bromod:ArcaneTempo":11,"Replay:Bottled Flurry":10,"Kunai":38,"hubris:ChampionShield":18,"Red Skull":35,"Gremlin Food":14,"Potion Belt":43,"NeowsBlessing":0,"hubris:DuctTape":20,"PreservedInsect":9,"Omamori":28,"Guardian:PocketSentry":41,"War Paint":5,"Question Card":22,"Akabeko":21,"Bromod:ArcaneMomentum":41,"OrangePellets":25,"Bronze Scales":29,"vexMod:HeadHunter":49,"hubris:BundleOfHerbs":3,"Bag of Marbles":24,"hexamod:BolsterEngine":2,"conspire:DeflatedDodgeball":46,"ReplayTheSpireMod:Lightbulb":12,"Toy Ornithopter":26},{"Bromod:ArcaneUltimatum":1,"vexMod:PlasmaPancake":0,"Replay:PocketPolymizer":4,"construct:FoamFinger":22,"Gremlin Horn":10,"CeramicFish":6,"SacredBark":12,"sneckomod:BlankCard":30,"hubris:SlimyHat":14,"EVO:Axolotl":0,"Whetstone":33,"Smiling Mask":25,"Burning Blood":0,"Replay:Rubber Ducky":32,"Blood Vial":26,"Nunchaku":28,"HornCleat":29,"Mummified Hand":7,"Bromod:ArcaneTempo":8,"Replay:Bottled Flurry":8,"Kunai":27,"hubris:ChampionShield":13,"Red Skull":24,"Gremlin Food":11,"Potion Belt":28,"NeowsBlessing":0,"hubris:DuctTape":15,"PreservedInsect":7,"Omamori":19,"Guardian:PocketSentry":27,"War Paint":5,"Question Card":17,"Akabeko":16,"Bromod:ArcaneMomentum":27,"OrangePellets":18,"Bronze Scales":20,"vexMod:HeadHunter":33,"hubris:BundleOfHerbs":3,"Bag of Marbles":18,"hexamod:BolsterEngine":2,"conspire:DeflatedDodgeball":31,"ReplayTheSpireMod:Lightbulb":9,"Toy Ornithopter":18},{"Bromod:ArcaneUltimatum":1,"vexMod:PlasmaPancake":0,"Replay:PocketPolymizer":6,"construct:FoamFinger":63,"Gremlin Horn":20,"CeramicFish":8,"SacredBark":28,"sneckomod:BlankCard":92,"hubris:SlimyHat":39,"EVO:Axolotl":0,"Whetstone":97,"Smiling Mask":77,"Burning Blood":0,"Replay:Rubber Ducky":95,"Blood Vial":81,"Nunchaku":89,"HornCleat":91,"Mummified Hand":12,"Bromod:ArcaneTempo":14,"Replay:Bottled Flurry":14,"Kunai":86,"hubris:ChampionShield":31,"Red Skull":74,"Gremlin Food":22,"Potion Belt":89,"NeowsBlessing":0,"hubris:DuctTape":43,"PreservedInsect":12,"Omamori":56,"Guardian:PocketSentry":86,"War Paint":7,"Question Card":49,"Akabeko":44,"Bromod:ArcaneMomentum":86,"OrangePellets":53,"Bronze Scales":59,"vexMod:HeadHunter":97,"hubris:BundleOfHerbs":3,"Bag of Marbles":53,"hexamod:BolsterEngine":2,"conspire:DeflatedDodgeball":93,"ReplayTheSpireMod:Lightbulb":18,"Toy Ornithopter":53}],"Toy Ornithopter":10},"card_choices":[{"not_picked":["Demonic Infusion","Replay:Many Hands"],"picked":"Berserk","floor":16},{"not_picked":["Feed","hubris:StunningStrike","Demonic Infusion"],"picked":"Demon Form","floor":33}],"player_experience":416991,"relics_obtained":[{"floor":1,"key":"Bromod:ArcaneUltimatum"},{"floor":2,"key":"hexamod:BolsterEngine"},{"floor":3,"key":"hubris:BundleOfHerbs"},{"floor":4,"key":"Replay:PocketPolymizer"},{"floor":5,"key":"War Paint"},{"floor":7,"key":"CeramicFish"},{"floor":8,"key":"Mummified Hand"},{"floor":9,"key":"PreservedInsect"},{"floor":10,"key":"Replay:Bottled Flurry"},{"floor":12,"key":"ReplayTheSpireMod:Lightbulb"},{"floor":13,"key":"Gremlin Horn"},{"floor":14,"key":"Gremlin Food"},{"floor":18,"key":"hubris:ChampionShield"},{"floor":19,"key":"hubris:SlimyHat"},{"floor":20,"key":"hubris:DuctTape"},{"floor":21,"key":"Akabeko"},{"floor":22,"key":"Question Card"},{"floor":24,"key":"Bag of Marbles"},{"floor":26,"key":"Toy Ornithopter"},{"floor":28,"key":"Omamori"},{"floor":29,"key":"Bronze Scales"},{"floor":31,"key":"construct:FoamFinger"},{"floor":35,"key":"Red Skull"},{"floor":36,"key":"Smiling Mask"},{"floor":37,"key":"Blood Vial"},{"floor":38,"key":"Kunai"},{"floor":42,"key":"Nunchaku"},{"floor":43,"key":"Potion Belt"},{"floor":44,"key":"HornCleat"},{"floor":45,"key":"sneckomod:BlankCard"},{"floor":46,"key":"conspire:DeflatedDodgeball"},{"floor":47,"key":"Replay:Rubber Ducky"},{"floor":48,"key":"Whetstone"},{"floor":49,"key":"vexMod:HeadHunter"}],"event_choices":[],"is_beta":false,"boss_relics":[{"not_picked":["vexMod:NewClearReactor","Coffee Dripper"],"picked":"SacredBark"},{"not_picked":["Cursed Key","hubris:BlackHole","Ring of Chaos"]}],"items_purged_floors":[],"is_endless":true,"potions_floor_spawned":[3,5,7,10,12,13,16,19,21,22,28,29,35,37,38,47],"killed_by":"conspire:OrnateMirror","ascension_level":0}}