{"host":"474oh00kq6ni8dn3","time":1609462293,"event":{"mods":["AchievementEnabler","Aspiration","Bartender","BaseMod","Bestiary","Clockwork Mod","Colored Map","Colored Powertips","Conspire","Custom Start","Defuse TimeMaze Blight","Downfall","GifTheSpireLib","Googly Eyes","GungeonMod","Halation","Hubris","Infinite Spire","Jedi Mod","Lobotomy","LobotomyExtend","Minty Spire (QoL Compilation)","Permanent Neow","Quick Restart","Random Character Button","Replay The Spire","Shop Mod","StSLib","Stuff the Spire","The Construct","The Factory","The Jungle","Trackpad","Unceasing Turn Reminder","thorton","vexMod"],"gold_per_floor":[109,119,139,152,166,166,196,196,246,246,277,277,297,317,317,412,412,430,430,444,221,221,255,271,271,319,339,339,339,339,366,366,461,461,479,495,495,510,524,524,538,538,538,265,265,265,278,293,293,293],"floor_reached":51,"playtime":2416,"items_purged":["Strike_G","Defend_G"],"score":726,"play_id":"b5d9449e-0ad2-4a13-8b5a-f03001fa7dd3","local_time":"20210101005133","is_ascension_mode":false,"campfire_choices":[{"data":"Neutralize","floor":6.0,"key":"SMITH"},{"data":"Quick Slash","floor":10.0,"key":"SMITH"},{"floor":15.0,"key":"REST"},{"floor":25,"key":"REST"},{"data":"infinitespire:Neurotoxin","floor":30,"key":"SMITH"},{"data":"Blade Dance","floor":32,"key":"SMITH"},{"floor":40,"key":"REST"},{"data":"After Image","floor":42,"key":"SMITH"},{"floor":45,"key":"REST"},{"floor":49,"key":"REST"}],"circlet_count":0,"master_deck":["Strike_G","Strike_G","Strike_G+1","Strike_G","Defend_G","Defend_G","Defend_G","Defend_G","Survivor","Neutralize+1","Quick Slash+1","Acrobatics","Dagger Throw","Dagger Spray+1","Tactician","Predator","StuffTheSpire:Harmony","Blade Dance+1","infinitespire:Neurotoxin+1","Riddle With Holes","Dagger Throw","After Image+1","Draining Mist+1","Blade Dance+1","expansioncontent:QuickStudy"],"relics":["Busted Crown","LetterFromLob","Mercury Hourglass","hubris:SphereOfDissonance","conspire:SlowCooker","hubris:Icosahedron","halation:LostSnail","StuffTheSpire:Gunfinga","trackpad:WritersBlock","jedi:gremlinknob","Painkiller Herb","halation:PinkSoulGem","jedi:angrymask","Snack Pack"],"acts_visited":["Exordium","TheCity","TheCity"],"potions_floor_usage":[23,31,50],"damage_taken":[{"damage":0.0,"enemies":"Cultist","floor":1.0,"turns":5.0},{"damage":18.0,"enemies":"infinitespire:Voidling","floor":2.0,"turns":6.0},{"damage":1.0,"enemies":"Small Slimes","floor":3.0,"turns":3.0},{"damage":0.0,"enemies":"3 Louse","floor":4.0,"turns":4.0},{"damage":0.0,"enemies":"Blue Slaver","floor":5.0,"turns":4.0},{"damage":22.0,"enemies":"Gremlin Nob","floor":7.0,"turns":4.0},{"damage":0.0,"enemies":"3 Sentries","floor":11.0,"turns":5.0},{"damage":1.0,"enemies":"Exordium Wildlife","floor":13.0,"turns":2.0},{"damage":0.0,"enemies":"2 Fungi Beasts","floor":14.0,"turns":1.0},{"damage":41.0,"enemies":"Hexaghost","floor":16.0,"turns":6.0},{"damage":10.0,"enemies":"Shell Parasite","floor":18.0,"turns":4.0},{"damage":8,"enemies":"conspire:FuzzyDice","floor":20,"turns":5},{"damage":27,"enemies":"Slavers","floor":23,"turns":5},{"damage":8,"enemies":"conspire:HollyBat","floor":24,"turns":7},{"damage":9,"enemies":"Shelled Parasite and Fungi","floor":27,"turns":3},{"damage":19,"enemies":"Nightmare","floor":31,"turns":5},{"damage":10,"enemies":"Collector","floor":33,"turns":6},{"damage":11,"enemies":"theFactory:4_Mini-Bots","floor":35,"turns":4},{"damage":13,"enemies":"theFactory:2_Experiment_Personnel","floor":36,"turns":4},{"damage":17,"enemies":"theFactory:6_Mini-Bots","floor":38,"turns":3},{"damage":12,"enemies":"theFactory:Orbs_and_Orb_Walker","floor":39,"turns":3},{"damage":18,"enemies":"theFactory:Big_Bot_Bundle","floor":41,"turns":4},{"damage":12,"enemies":"theFactory:Personnel_and_Big_Bot","floor":47,"turns":3},{"damage":14,"enemies":"theFactory:DefectiveSentry","floor":48,"turns":3},{"damage":12,"enemies":"theFactory:SPIDER","floor":50,"turns":5}],"seed_played":"8239861040823939808","potions_obtained":[{"floor":4.0,"key":"Swift Potion"},{"floor":7.0,"key":"FearPotion"},{"floor":13.0,"key":"sneckomod:MuddlingPotion"},{"floor":16.0,"key":"jedi:holywater"},{"floor":27,"key":"Regen Potion"},{"floor":39,"key":"BlessingOfTheForge"},{"floor":48,"key":"Weak Potion"}],"is_trial":false,"path_per_floor":["M","M","M","M","M","R","E","?","T","R","E","?","M","M","R_BF","B",null,"M","?","M","$","?","E","M","R","T","M","?","?","R","NM","R","B",null,"?","?","?","?","?","T","?","T","T","T","T","T","?","?","T","B",null],"character_chosen":"THE_SILENT","items_purchased":["halation:LostSnail","Riddle With Holes","expansioncontent:QuickStudy"],"campfire_rested":5,"item_purchase_floors":[21,21,44],"current_hp_per_floor":[70,62,61,61,61,61,39,39,39,39,39,39,40,40,61,23,70,61,61,56,56,56,32,27,48,48,42,42,42,42,43,43,36,70,59,49,49,35,26,47,32,32,32,32,53,53,52,49,70,70],"gold":293,"neow_bonus":"BOSS_RELIC","is_daily":false,"chose_seed":false,"campfire_upgraded":5,"win_rate":0.0,"timestamp":1609462293,"path_taken":["M","M","?","M","?","R","E","?","T","R","E","?","M","M","R_BF","BOSS","M","?","M","$","?","E","M","R","T","?","?","?","R","NM","R","BOSS","?","?","?","?","?","T","?","T","T","T","T","?","?","?","T","BOSS"],"items_purchased_type":["Relic","Card","Card"],"build_version":"2020-12-22","purchased_purges":2,"victory":true,"max_hp_per_floor":[70,70,70,70,70,70,70,70,70,70,70,70,70,70,70,70,70,70,70,70,70,70,70,70,70,70,70,70,70,70,70,70,70,70,70,70,70,70,70,70,70,70,70,70,70,70,70,70,70,70],"card_choices":[{"not_picked":[],"picked":"Quick Slash","floor":1.0},{"not_picked":[],"picked":"Acrobatics","floor":2.0},{"not_picked":["Outmaneuver"],"picked":"SKIP","floor":3.0},{"not_picked":["Outmaneuver"],"picked":"SKIP","floor":3.0},{"not_picked":[],"picked":"Dagger Throw","floor":4.0},{"not_picked":[],"picked":"Dagger Spray","floor":5.0},{"not_picked":["Tactician"],"picked":"SKIP","floor":7.0},{"not_picked":["Tactician"],"picked":"SKIP","floor":7.0},{"not_picked":[],"picked":"Tactician","floor":7.0},{"not_picked":[],"picked":"Predator","floor":11.0},{"not_picked":["StuffTheSpire:Brawn","StuffTheSpire:Rapture"],"picked":"StuffTheSpire:Harmony","floor":12.0},{"not_picked":[],"picked":"Blade Dance","floor":13.0},{"not_picked":["jedi:poisonivy"],"picked":"SKIP","floor":14.0},{"not_picked":[],"picked":"infinitespire:Neurotoxin","floor":16.0},{"not_picked":["jedi:pocketpoison"],"picked":"SKIP","floor":18.0},{"not_picked":["Slice"],"picked":"SKIP","floor":20},{"not_picked":[],"picked":"Dagger Throw","floor":23},{"not_picked":["Heel Hook"],"picked":"SKIP","floor":24},{"not_picked":["Outmaneuver"],"picked":"SKIP","floor":27},{"not_picked":["StuffTheSpire:Shiver"],"picked":"SKIP","floor":31},{"not_picked":[],"picked":"After Image","floor":33},{"not_picked":["Bouncing Flask+1"],"picked":"SKIP","floor":35},{"not_picked":[],"picked":"Draining Mist+1","floor":36},{"not_picked":["hubris:SlightOfHand"],"picked":"SKIP","floor":38},{"not_picked":["Underhanded Strike+1"],"picked":"SKIP","floor":39},{"not_picked":[],"picked":"Blade Dance+1","floor":41},{"not_picked":["StuffTheSpire:ClusterCrunch"],"picked":"SKIP","floor":47},{"not_picked":["Outmaneuver"],"picked":"SKIP","floor":48}],"player_experience":55524,"relics_obtained":[{"floor":1.0,"key":"LetterFromLob"},{"floor":7.0,"key":"Mercury Hourglass"},{"floor":9.0,"key":"Whetstone"},{"floor":11.0,"key":"hubris:SphereOfDissonance"},{"floor":23,"key":"StuffTheSpire:Gunfinga"},{"floor":26,"key":"trackpad:WritersBlock"},{"floor":31,"key":"jedi:gremlinknob"},{"floor":43,"key":"jedi:angrymask"},{"floor":46,"key":"Snack Pack"}],"event_choices":[{"damage_healed":0,"gold_gain":0,"player_choice":"Leave","damage_taken":0,"max_hp_gain":0,"max_hp_loss":0,"event_name":"conspire:Investor","floor":22,"gold_loss":0},{"damage_healed":0,"gold_gain":0,"player_choice":"Bought 0 Potions","damage_taken":0,"max_hp_gain":0,"max_hp_loss":0,"event_name":"The Woman in Blue","floor":29,"gold_loss":0}],"is_beta":false,"boss_relics":[{"not_picked":["hubris:CrackedHourglass","halation:ForbiddenBikini"],"picked":"conspire:SlowCooker"},{"not_picked":["hubris:BlackHole","Black Star"],"picked":"Painkiller Herb"}],"items_purged_floors":[21,44],"is_endless":false,"potions_floor_spawned":[4,7,13,16,20,27,39,47,48],"ascension_level":0}}