{"host":"kdt6w7ix8lwe69i9","time":1609491954,"event":{"mods":["Bartender","BaseMod","ChefMod","Downfall","Fiend Mod","Jorbs\u0027s Wanderer Trilogy","Minty Spire (QoL Compilation)","Reimu（博丽灵梦）","Robot Space Explorer","StSLib","The Cursed","The Disciple","The Dragon Tamer","The Druid","The Elementalist","The Forsaken","The Gatherer","The Judge","The Marked","TheBandit"],"gold_per_floor":[115,115,133,233,251,282,302,317,317,337,337,337,72,101,101,196,196,208,208,32,82,94,128,128,218,218,2,30,46,60,71,71,176,176,195,135,152,167,185,213,225,255,267,291,314,351,363,45,45,45,45],"floor_reached":50,"playtime":12468,"items_purged":[],"score":706,"play_id":"7e8e2d72-be69-4970-84b4-2529129ea7ab","local_time":"20210101040554","is_ascension_mode":false,"campfire_choices":[{"floor":12,"key":"REST"},{"floor":15,"key":"REST"},{"floor":24,"key":"RECALL"},{"floor":32,"key":"REST"},{"floor":41,"key":"REST"},{"floor":49,"key":"REST"}],"circlet_count":0,"master_deck":["RobotSpaceExplorer:Scan","RobotSpaceExplorer:MiniLasers","RobotSpaceExplorer:SelfCleaning","RobotSpaceExplorer:FrostMissile","RobotSpaceExplorer:LuckyStrike","RobotSpaceExplorer:ScrapMissile","RobotSpaceExplorer:DoubleFind+1","RobotSpaceExplorer:Jetpack","RobotSpaceExplorer:FrostMissile","Apotheosis+1","RobotSpaceExplorer:ExhaustFan","RobotSpaceExplorer:PowerGlove","RobotSpaceExplorer:ShockMissile","RobotSpaceExplorer:Counterblock+1","RobotSpaceExplorer:Blitz+1","RobotSpaceExplorer:StunGrenade+1","RobotSpaceExplorer:StarDust","RobotSpaceExplorer:ScrapMissile","RobotSpaceExplorer:ScrapToss","RobotSpaceExplorer:GearShield","RobotSpaceExplorer:SurgingStrike","expansioncontent:DecasProtection","RobotSpaceExplorer:FreezeRay","RobotSpaceExplorer:ScrapMissile","RobotSpaceExplorer:ScrapShield","RobotSpaceExplorer:SelfCleaning+1","RobotSpaceExplorer:JunkDive+1","RobotSpaceExplorer:ScrapMissile","RobotSpaceExplorer:Accelerator","RobotSpaceExplorer:Fix+1","RobotSpaceExplorer:Wormhole","RobotSpaceExplorer:Asteroid","RobotSpaceExplorer:Pulsar+1","RobotSpaceExplorer:DoubleFind+1","RobotSpaceExplorer:Reload","RobotSpaceExplorer:MiniBoosters","RobotSpaceExplorer:Discharger+1","RobotSpaceExplorer:Ammunition+1","RobotSpaceExplorer:MiniDrones","RobotSpaceExplorer:StarLightning+1","expansioncontent:CaCaw","RobotSpaceExplorer:PowerCollector","RobotSpaceExplorer:StarLightning","RobotSpaceExplorer:Blitz","RobotSpaceExplorer:GlueShot"],"relics":["Sozu","Choco_Feather","CrazyTorch:ReiMu","Mercury Hourglass","Astrolabe","Matryoshka","Protect_Vest","Ginger","theForsaken:ScaryMask","Empty Cage","MawBank","Cleaning_Rag","Regal Pillow","HornCleat"],"acts_visited":["Exordium","TheCity","TheBeyond"],"potions_floor_usage":[],"damage_taken":[{"damage":0,"enemies":"Jaw Worm","floor":1,"turns":4},{"damage":0,"enemies":"Small Slimes","floor":3,"turns":3},{"damage":0,"enemies":"Cultist","floor":5,"turns":4},{"damage":42,"enemies":"Gremlin Nob","floor":6,"turns":6},{"damage":17,"enemies":"Gremlin Gang","floor":7,"turns":6},{"damage":0,"enemies":"Blue Slaver","floor":8,"turns":1},{"damage":0,"enemies":"Exordium Wildlife","floor":10,"turns":3},{"damage":15,"enemies":"3 Sentries","floor":14,"turns":7},{"damage":8,"enemies":"Hexaghost","floor":16,"turns":11},{"damage":0,"enemies":"3 Byrds","floor":18,"turns":4},{"damage":17,"enemies":"Spheric Guardian","floor":22,"turns":4},{"damage":0,"enemies":"Book of Stabbing","floor":23,"turns":4},{"damage":0,"enemies":"Gremlin Leader","floor":28,"turns":4},{"damage":5,"enemies":"Shelled Parasite and Fungi","floor":29,"turns":3},{"damage":0,"enemies":"Snecko","floor":30,"turns":5},{"damage":0,"enemies":"Centurion and Healer","floor":31,"turns":4},{"damage":31,"enemies":"Automaton","floor":33,"turns":7},{"damage":0,"enemies":"3 Shapes","floor":35,"turns":3},{"damage":0,"enemies":"3 Darklings","floor":37,"turns":5},{"damage":11,"enemies":"4 Shapes","floor":38,"turns":5},{"damage":44,"enemies":"Transient","floor":39,"turns":5},{"damage":0,"enemies":"Reptomancer","floor":40,"turns":7},{"damage":13,"enemies":"Sphere and 2 Shapes","floor":42,"turns":5},{"damage":11,"enemies":"Writhing Mass","floor":44,"turns":5},{"damage":0,"enemies":"Spire Growth","floor":45,"turns":4},{"damage":13,"enemies":"Giant Head","floor":46,"turns":6},{"damage":60,"enemies":"Awakened One","floor":50,"turns":4}],"seed_played":"-5495183390683323058","potions_obtained":[],"is_trial":false,"path_per_floor":["M","?","M","?","M","E","M","M","T","M","?","R","$","E","R","B",null,"M","?","$","?","M","E","R","?","T","$","E","M","M","M","R","B",null,"M","?","M","M","M","E","R","M","T","M","M","E","?","$","R","B"],"character_chosen":"RobotSpaceExplorer","items_purchased":["Apotheosis","RobotSpaceExplorer:ExhaustFan","RobotSpaceExplorer:StarDust","RobotSpaceExplorer:ScrapMissile","RobotSpaceExplorer:ScrapToss","expansioncontent:DecasProtection","RobotSpaceExplorer:FreezeRay","RobotSpaceExplorer:ScrapMissile","expansioncontent:CaCaw","RobotSpaceExplorer:PowerCollector","RobotSpaceExplorer:StarLightning","RobotSpaceExplorer:Blitz","RobotSpaceExplorer:GlueShot"],"campfire_rested":5,"item_purchase_floors":[13,13,20,20,20,27,27,27,48,48,48,48,48],"current_hp_per_floor":[75,75,75,75,75,33,16,16,16,16,16,38,38,23,45,37,75,75,75,75,75,58,58,58,46,46,46,46,41,41,41,63,32,75,75,75,75,64,26,26,48,41,41,30,30,23,23,23,60,0,0],"gold":45,"neow_bonus":"BOSS_RELIC","is_daily":false,"chose_seed":false,"campfire_upgraded":0,"win_rate":0.0,"timestamp":1609491954,"path_taken":["M","?","M","?","M","E","M","?","T","?","?","R","?","E","R","BOSS","M","?","?","?","M","E","R","?","T","$","E","M","M","?","R","BOSS","M","?","M","M","M","E","R","?","T","M","M","E","?","?","R","BOSS"],"items_purchased_type":["Card","Card","Card","Card","Card","Card","Card","Card","Card","Card","Card","Card","Card"],"build_version":"2020-12-22","purchased_purges":0,"victory":false,"max_hp_per_floor":[75,75,75,75,75,75,75,75,75,75,75,75,75,75,75,75,75,75,75,75,75,75,75,75,75,75,75,75,75,75,75,75,75,75,75,75,75,75,75,75,75,75,75,75,75,75,75,75,75,75,75],"card_choices":[{"not_picked":["RobotSpaceExplorer:ScrapShield","RobotSpaceExplorer:MetalStrike"],"picked":"RobotSpaceExplorer:SelfCleaning","floor":1},{"not_picked":["RobotSpaceExplorer:StunGrenade","RobotSpaceExplorer:Calculate"],"picked":"RobotSpaceExplorer:FrostMissile","floor":3},{"not_picked":["RobotSpaceExplorer:LaserBurst","RobotSpaceExplorer:MakeshiftVolley"],"picked":"RobotSpaceExplorer:LuckyStrike","floor":5},{"not_picked":["RobotSpaceExplorer:SelfCleaning","RobotSpaceExplorer:Counterblock"],"picked":"RobotSpaceExplorer:ScrapMissile","floor":6},{"not_picked":["RobotSpaceExplorer:Reload","RobotSpaceExplorer:Electropulse"],"picked":"RobotSpaceExplorer:DoubleFind","floor":7},{"not_picked":["RobotSpaceExplorer:SurgingStrike","RobotSpaceExplorer:ScrapShield"],"picked":"RobotSpaceExplorer:Jetpack","floor":8},{"not_picked":["RobotSpaceExplorer:GlueShot","RobotSpaceExplorer:Blaster"],"picked":"RobotSpaceExplorer:FrostMissile","floor":10},{"not_picked":["RobotSpaceExplorer:Blitz","RobotSpaceExplorer:FrostMissile"],"picked":"RobotSpaceExplorer:PowerGlove","floor":14},{"not_picked":["RobotSpaceExplorer:Wormhole","RobotSpaceExplorer:HighVoltage"],"picked":"RobotSpaceExplorer:ShockMissile","floor":16},{"not_picked":["RobotSpaceExplorer:SurgingStrike","RobotSpaceExplorer:ShockKick"],"picked":"RobotSpaceExplorer:StunGrenade+1","floor":18},{"not_picked":["RobotSpaceExplorer:ExhaustFan","RobotSpaceExplorer:FranticSearch"],"picked":"RobotSpaceExplorer:GearShield","floor":22},{"not_picked":["RobotSpaceExplorer:ShockKick","RobotSpaceExplorer:FranticSearch"],"picked":"RobotSpaceExplorer:SurgingStrike","floor":23},{"not_picked":["RobotSpaceExplorer:SwiftStep","RobotSpaceExplorer:Ammunition"],"picked":"RobotSpaceExplorer:ScrapShield","floor":28},{"not_picked":["RobotSpaceExplorer:FranticSearch","RobotSpaceExplorer:SurgingStrike"],"picked":"RobotSpaceExplorer:SelfCleaning+1","floor":29},{"not_picked":["RobotSpaceExplorer:DoubleBlock+1","RobotSpaceExplorer:Ammunition"],"picked":"RobotSpaceExplorer:JunkDive+1","floor":30},{"not_picked":["RobotSpaceExplorer:SurgingStrike","RobotSpaceExplorer:Reload+1"],"picked":"RobotSpaceExplorer:ScrapMissile","floor":31},{"not_picked":["RobotSpaceExplorer:Asteroid","RobotSpaceExplorer:Wormhole"],"picked":"RobotSpaceExplorer:Accelerator","floor":33},{"not_picked":["RobotSpaceExplorer:SelfCleaning+1","RobotSpaceExplorer:SurgingShield"],"picked":"RobotSpaceExplorer:Fix+1","floor":35},{"not_picked":["RobotSpaceExplorer:SurgingStrike+1","RobotSpaceExplorer:Electroshield"],"picked":"RobotSpaceExplorer:Pulsar+1","floor":37},{"not_picked":["RobotSpaceExplorer:ImprovisedAttack","RobotSpaceExplorer:Counterblock+1"],"picked":"RobotSpaceExplorer:DoubleFind+1","floor":38},{"not_picked":["RobotSpaceExplorer:GlueShot+1","RobotSpaceExplorer:ImprovisedAttack"],"picked":"RobotSpaceExplorer:Reload","floor":39},{"not_picked":["RobotSpaceExplorer:SurgingStrike","RobotSpaceExplorer:SurgingShield"],"picked":"RobotSpaceExplorer:MiniBoosters","floor":40},{"not_picked":["RobotSpaceExplorer:IronShell+1","RobotSpaceExplorer:Pulsar+1"],"picked":"RobotSpaceExplorer:Discharger+1","floor":42},{"not_picked":["RobotSpaceExplorer:GlueSpray","RobotSpaceExplorer:SurgingShield"],"picked":"RobotSpaceExplorer:Ammunition+1","floor":44},{"not_picked":["RobotSpaceExplorer:IronShell","RobotSpaceExplorer:StunGrenade+1"],"picked":"RobotSpaceExplorer:MiniDrones","floor":45},{"not_picked":["RobotSpaceExplorer:ChargingLaser","RobotSpaceExplorer:StunGrenade+1"],"picked":"RobotSpaceExplorer:StarLightning+1","floor":46}],"player_experience":1673022,"relics_obtained":[{"floor":6,"key":"Choco_Feather"},{"floor":9,"key":"CrazyTorch:ReiMu"},{"floor":14,"key":"Mercury Hourglass"},{"floor":23,"key":"Matryoshka"},{"floor":26,"key":"Protect_Vest"},{"floor":26,"key":"Ginger"},{"floor":28,"key":"theForsaken:ScaryMask"},{"floor":40,"key":"MawBank"},{"floor":43,"key":"Cleaning_Rag"},{"floor":43,"key":"Regal Pillow"},{"floor":46,"key":"HornCleat"}],"event_choices":[{"damage_healed":0,"gold_gain":100,"player_choice":"Gold","damage_taken":0,"max_hp_gain":0,"max_hp_loss":0,"event_name":"Wheel of Change","floor":4,"gold_loss":0},{"damage_healed":0,"gold_gain":0,"player_choice":"Grow","damage_taken":0,"max_hp_gain":0,"max_hp_loss":0,"event_name":"Living Wall","floor":11,"gold_loss":0,"cards_upgraded":["RobotSpaceExplorer:DoubleFind"]},{"damage_healed":0,"gold_gain":0,"player_choice":"Upgraded","damage_taken":0,"max_hp_gain":0,"max_hp_loss":0,"event_name":"Upgrade Shrine","floor":19,"gold_loss":0,"cards_upgraded":["Apotheosis"]},{"damage_healed":0,"gold_gain":90,"player_choice":"GOLD ","damage_taken":12,"max_hp_gain":0,"max_hp_loss":0,"event_name":"Knowing Skull","floor":25,"potions_obtained":[],"gold_loss":0,"cards_obtained":[]},{"damage_healed":0,"gold_gain":0,"cards_transformed":["RobotSpaceExplorer:Strike","RobotSpaceExplorer:Strike"],"player_choice":"Transformed Cards","damage_taken":0,"max_hp_gain":0,"max_hp_loss":0,"event_name":"Designer","floor":36,"gold_loss":60,"cards_obtained":["RobotSpaceExplorer:Wormhole","RobotSpaceExplorer:Asteroid"]}],"is_beta":false,"boss_relics":[{"not_picked":["Philosopher\u0027s Stone","SacredBark"],"picked":"Astrolabe"},{"not_picked":["Snecko Eye","Runic Dome"],"picked":"Empty Cage"}],"items_purged_floors":[],"is_endless":false,"potions_floor_spawned":[3,10,14,18,22,23,33,38,39,42,44,46],"killed_by":"Awakened One","ascension_level":0}}