{"host":"y1qks9cbebtax51i","time":1609534863,"event":{"mods":["BaseMod","Better Match","Better Silent Start","BetterRewards","Colorless Booster Pack","Conspire","Downfall","Energized Spire","Exacting","GifTheSpireLib","Gremlin Mod","GungeonMod","Halation","Hubris","Hyrulean Relics","Infinite Spire","Magitek Elite","Minty Spire (QoL Compilation)","RRrroohrrRGHHhhh!!","Rare Cards Sparkle","Replay The Spire","SacredBarkPlus","Small Relic Pack","Spikes Relics","Spire Birthday Party","StSLib","Stuff the Spire","The Construct","The Disciple","Trackpad","Useless Jewels Mod","everything is the same but u backflip on backflip","vexMod"],"gold_per_floor":[119,194,264,176,176,176,192,192,192,2,20,20,72,58,58,162,162,175,175,55,55,71,71,129,129,129,195,208,223,72,72,72,174,174,194,2,30,71,71,71,86,86,86],"floor_reached":42,"playtime":3030,"items_purged":[],"score":593,"play_id":"46401add-76b1-4548-9685-68c57e5930c2","local_time":"20210101160103","is_ascension_mode":true,"campfire_choices":[{"data":"Zap","floor":6,"key":"SMITH"},{"floor":15,"key":"REST"},{"floor":23,"key":"REST"},{"floor":25,"key":"REST"},{"floor":32,"key":"REST"},{"floor":40,"key":"REST"}],"circlet_count":0,"master_deck":["Strike_B","Strike_B","Strike_B","Strike_B","Defend_B+1","Defend_B","Defend_B+1","Defend_B","Zap+1","Dualcast","Sunder+1","rorgmod:Chaos","Replay:SS_hec_1","Sweeping Beam","Conserve Battery","Hello World","Reboot","Melter","FTL","Echo Form","Cold Snap+1","rorgmod:Leap","rorgmod:Zing-Zap","Loop","Streamline","rorgmod:Antivirus","rorgmod:Fragmentation","Chill","rorgmod:Thunder Strike","rorgmod:Overcurrent","Midas Touch","Redo+1","rorgmod:Leap+1","Cold Snap+1"],"relics":["Cracked Core","hubris:Towel","conspire:Dentures","halation:PeacePiece","infinitespire:CursedDice","rorgmod:Black Star","DemoMod:NanoMachines","vexMod:BarristanHead","Simple Rune","hubris:64BitClover","SpikesRelics:DaevaFist","trackpad:PetRock","infinitespire:Freezer","vexMod:BigBerry","Replay:Bottled Snecko"],"acts_visited":["Exordium","TheCity","TheBeyond"],"potions_floor_usage":[16,16,16,33,33,41,42],"damage_taken":[{"damage":0,"enemies":"conspire:RoseBush","floor":1,"turns":3},{"damage":11,"enemies":"2 Louse","floor":7,"turns":2},{"damage":0,"enemies":"Small Slimes","floor":11,"turns":4},{"damage":24,"enemies":"Gremlin Nob","floor":13,"turns":5},{"damage":9,"enemies":"Exordium Thugs","floor":14,"turns":4},{"damage":20,"enemies":"The Guardian","floor":16,"turns":11},{"damage":3,"enemies":"Spheric Guardian","floor":18,"turns":3},{"damage":14,"enemies":"Shell Parasite","floor":22,"turns":5},{"damage":34,"enemies":"conspire:Head Lice","floor":24,"turns":13},{"damage":10,"enemies":"conspire:SneckoGhost","floor":27,"turns":10},{"damage":22,"enemies":"Snake Plant","floor":28,"turns":5},{"damage":23,"enemies":"Shelled Parasite and Fungi","floor":29,"turns":5},{"damage":36,"enemies":"conspire:MysteriousRune","floor":33,"turns":14},{"damage":42,"enemies":"3 Shapes","floor":35,"turns":5},{"damage":25,"enemies":"3 Darklings","floor":37,"turns":11},{"damage":0,"enemies":"Sphere and 2 Shapes","floor":38,"turns":4},{"damage":31,"enemies":"Spire Growth","floor":41,"turns":7},{"damage":32,"enemies":"Jaw Worm Horde","floor":42,"turns":5}],"seed_played":"-8042418088509993480","potions_obtained":[{"floor":11,"key":"SteroidPotion"},{"floor":13,"key":"PowerPotion"},{"floor":14,"key":"PowerPotion"},{"floor":16,"key":"BlessingOfTheForge"},{"floor":24,"key":"Swift Potion"},{"floor":24,"key":"Swift Potion"},{"floor":28,"key":"Adrenaline Potion"},{"floor":37,"key":"Guardian:BlockOnCardUsePotion"},{"floor":41,"key":"Guardian:BlockOnCardUsePotion"}],"is_trial":false,"path_per_floor":["M","?","?","$","?","R","M","?","T","$","M","$","E","M","R","B",null,"M","?","$","T","M","R","E","R","T","E","M","M","$","?","R","B",null,"M","$","M","M","$","R","M","M"],"character_chosen":"DEFECT","items_purchased":["Replay:SS_hec_1","halation:PeacePiece","Conserve Battery","Hello World","rorgmod:Leap","rorgmod:Zing-Zap","infinitespire:Freezer","Midas Touch"],"campfire_rested":5,"item_purchase_floors":[4,10,10,10,20,20,30,36],"current_hp_per_floor":[75,64,64,64,64,64,53,53,53,53,53,53,29,20,42,22,62,59,59,59,59,45,67,33,55,55,45,23,45,45,45,67,31,94,52,52,27,27,27,58,27,0,0],"gold":86,"neow_bonus":"THREE_CARDS","is_daily":false,"chose_seed":false,"campfire_upgraded":1,"win_rate":0.0,"timestamp":1609534863,"path_taken":["M","?","?","$","?","R","M","?","T","$","M","$","E","M","R","BOSS","M","?","$","?","M","R","E","R","T","E","M","M","?","?","R","BOSS","M","$","M","M","$","R","M","?"],"items_purchased_type":["Card","Relic","Card","Card","Card","Card","Relic","Card"],"build_version":"2020-12-22","purchased_purges":0,"victory":false,"max_hp_per_floor":[75,75,75,75,75,75,75,75,75,75,75,75,75,75,75,75,75,75,75,75,75,75,75,75,75,75,75,75,75,75,75,75,75,105,105,105,105,105,105,105,105,105,105],"card_choices":[{"not_picked":["StuffTheSpire:CleanHardDrive","Undo"],"picked":"Sunder","floor":0},{"not_picked":["Stack","Recycle"],"picked":"rorgmod:Chaos","floor":1},{"not_picked":["rorgmod:SQL Injection","Cold Snap"],"picked":"Sweeping Beam","floor":7},{"not_picked":["rorgmod:Antivirus","StuffTheSpire:SnapShoot"],"picked":"Reboot","floor":11},{"not_picked":["Rebound","FTL"],"picked":"Melter","floor":13},{"not_picked":["Machine Learning","Barrage"],"picked":"FTL","floor":14},{"not_picked":["Seek","Machine Learning"],"picked":"Echo Form","floor":16},{"not_picked":["Panic Button","rorgmod:Fuse Blower"],"picked":"Cold Snap+1","floor":18},{"not_picked":["hubris:Prefetch","StuffTheSpire:GlassShard"],"picked":"Loop","floor":22},{"not_picked":["Hello World","rorgmod:Overcurrent"],"picked":"Streamline","floor":24},{"not_picked":["StuffTheSpire:Purify","StuffTheSpire:Rend+1"],"picked":"rorgmod:Antivirus","floor":27},{"not_picked":["Panic Button","Ball Lightning"],"picked":"rorgmod:Fragmentation","floor":28},{"not_picked":["ReplayGash","ReplayTheSpireMod:GoodbyeWorld"],"picked":"Chill","floor":29},{"not_picked":["Seek","StuffTheSpire:EventHorizon"],"picked":"rorgmod:Thunder Strike","floor":33},{"not_picked":["Reboot+1","rorgmod:Fragmentation"],"picked":"rorgmod:Overcurrent","floor":35},{"not_picked":["StuffTheSpire:LoadUp","Streamline+1"],"picked":"Redo+1","floor":37},{"not_picked":["Compile Driver+1","Fission"],"picked":"rorgmod:Leap+1","floor":38},{"not_picked":["Compile Driver","DiskWipe"],"picked":"Cold Snap+1","floor":41}],"player_experience":992185,"relics_obtained":[{"floor":9,"key":"conspire:Dentures"},{"floor":13,"key":"infinitespire:CursedDice"},{"floor":21,"key":"DemoMod:NanoMachines"},{"floor":24,"key":"vexMod:BarristanHead"},{"floor":24,"key":"Simple Rune"},{"floor":26,"key":"hubris:64BitClover"},{"floor":27,"key":"SpikesRelics:DaevaFist"},{"floor":27,"key":"trackpad:PetRock"},{"floor":41,"key":"Replay:Bottled Snecko"}],"event_choices":[{"damage_healed":0,"gold_gain":75,"player_choice":"Gather Gold","damage_taken":11,"max_hp_gain":0,"max_hp_loss":0,"event_name":"World of Goop","floor":2,"gold_loss":0},{"damage_healed":0,"gold_gain":70,"player_choice":"Gained Gold","damage_taken":0,"max_hp_gain":0,"max_hp_loss":0,"event_name":"Golden Wing","floor":3,"gold_loss":0},{"damage_healed":0,"gold_gain":0,"player_choice":"Ignored","damage_taken":0,"max_hp_gain":0,"max_hp_loss":0,"event_name":"Transmorgrifier","floor":8,"gold_loss":0},{"damage_healed":0,"gold_gain":0,"player_choice":"Forge","damage_taken":0,"max_hp_gain":0,"max_hp_loss":0,"event_name":"Accursed Blacksmith","floor":19,"gold_loss":0,"cards_upgraded":["Sunder"]},{"damage_healed":0,"gold_gain":0,"player_choice":"Got Potions","damage_taken":0,"max_hp_gain":0,"max_hp_loss":0,"event_name":"Lab","floor":31,"gold_loss":0}],"is_beta":false,"boss_relics":[{"not_picked":["StuffTheSpire:RunicHypercube","Painkiller Herb"],"picked":"rorgmod:Black Star"},{"not_picked":["energizedSpire:NeverEndingSparkler","energizedSpire:EnergizedDie"],"picked":"vexMod:BigBerry"}],"items_purged_floors":[],"is_endless":false,"potions_floor_spawned":[11,13,14,16,24,28,37,41],"killed_by":"Jaw Worm Horde","ascension_level":5}}