{"host":"df48i9djcn92c5sx","time":1609523108,"event":{"mods":["BaseMod","Downfall","Marisa（F雨　魔理沙）","Minty Spire (QoL Compilation)","READ ME - Guardian Mod","READ ME - Snecko Mod","Reimu（博丽灵梦）","Remilia（蕾米莉亚）","Replay The Spire","Shop Mod","StSLib","The Jungle","The Servant 0.9.4"],"gold_per_floor":[99,115,115,131,131,281,281,314,314,32,32,32,32,44,36,109,109,109,121,121,108,96,96,120,85,95,95,91,68,68],"floor_reached":29,"playtime":1121,"items_purged":["Slimebound:Icky"],"score":290,"play_id":"4c3e4222-f70d-486c-9b1c-71d11e9dc8c1","local_time":"20210102014508","is_ascension_mode":true,"campfire_choices":[{"data":"KidneyShot","floor":1.0,"key":"SMITH"},{"data":"SilverBlades","floor":9,"key":"SMITH"},{"data":"InstantArmor","floor":11,"key":"SMITH"},{"floor":13,"key":"REST"},{"data":"TheWorld","floor":18,"key":"SMITH"},{"data":"Starlight","floor":23,"key":"SMITH"},{"data":"Barrier","floor":27,"key":"SMITH"}],"circlet_count":0,"master_deck":["Strike_S","Strike_S","Strike_S","Strike_S","Defend_S","Defend_S","Defend_S","Defend_S","KidneyShot+1","Exchange+1","Starlight+1","SilverBlades+1","SurpressingFire","InstantArmor+1","Poor:ReiMu","SilverBlades","Manipulate","TheWorld+1","Contraction","Moondial+1","Barrier+1","Rearm"],"relics":["SplendidAttire","Letter Opener","YidongShenshe:ReiMu","Nloth\u0027s Gift","Omamori"],"acts_visited":["Exordium","TheCity"],"potions_floor_usage":[8,16,19,28],"damage_taken":[{"damage":2.0,"enemies":"2 Louse","floor":2.0,"turns":4.0},{"damage":0.0,"enemies":"Jaw Worm","floor":4.0,"turns":3.0},{"damage":37,"enemies":"3 Sentries","floor":8,"turns":8},{"damage":0,"enemies":"downfall:FleeingMerchant","floor":10,"turns":4},{"damage":0,"enemies":"Small Slimes","floor":14,"turns":2},{"damage":0,"enemies":"3 Louse","floor":15,"turns":2},{"damage":7,"enemies":"downfall:Watcher","floor":16,"turns":9},{"damage":10,"enemies":"3 Byrds","floor":19,"turns":3},{"damage":8,"enemies":"Sentry and Sphere","floor":21,"turns":6},{"damage":11,"enemies":"Cultist and Chosen","floor":22,"turns":7},{"damage":0,"enemies":"downfall:FleeingMerchant","floor":25,"turns":4},{"damage":0,"enemies":"Centurion and Healer","floor":26,"turns":4},{"damage":0,"enemies":"3 Cultists","floor":28,"turns":4},{"damage":28,"enemies":"Book of Stabbing","floor":29,"turns":4}],"seed_played":"-2171012078387791314","potions_obtained":[{"floor":4.0,"key":"Toxic Potion"},{"floor":14,"key":"Strength Potion"},{"floor":15,"key":"champ:CounterPotion"},{"floor":26,"key":"Explosive Potion"}],"is_trial":false,"path_per_floor":["R","M","?","M","?","?","T","E","R","$","R","?","R","M","M","B",null,"R","M","?","M","M","R","T","$","M","R","M","E"],"character_chosen":"THE_SERVANT","items_purchased":["InstantArmor","PreservedInsect"],"campfire_rested":1,"item_purchase_floors":[10,10],"current_hp_per_floor":[59,57,57,57,57,57,57,20,20,20,20,20,39,39,39,32,57,57,47,47,39,28,28,28,28,28,28,28,0,0],"gold":68,"neow_bonus":"UPGRADE_CARD","is_daily":false,"chose_seed":false,"campfire_upgraded":6,"win_rate":0.0,"timestamp":1609523108,"path_taken":["R","M","?","M","?","?","T","E","R","$","R","?","R","?","M","BOSS","R","M","?","M","M","R","T","$","M","R","M","E"],"items_purchased_type":["Card","Relic"],"build_version":"2020-12-22","purchased_purges":1,"victory":false,"max_hp_per_floor":[65,65,65,65,65,65,65,65,65,65,65,65,65,65,65,65,65,65,65,65,65,65,65,65,65,65,65,65,65,65],"card_choices":[{"not_picked":["Spin","Alleviate"],"picked":"Starlight","floor":2.0},{"not_picked":["InstantArmor","DancingSilver"],"picked":"SilverBlades","floor":4.0},{"not_picked":["Starlight","Alleviate"],"picked":"SurpressingFire","floor":8},{"not_picked":["Deadline","Alleviate","Revamp"],"picked":"SKIP","floor":10},{"not_picked":["Hightail","Defy"],"picked":"SilverBlades","floor":14},{"not_picked":["Rewind","ShatteredReality"],"picked":"Manipulate","floor":15},{"not_picked":["Deny","Duplication"],"picked":"TheWorld","floor":16},{"not_picked":["Replace","DoubleEdge"],"picked":"Contraction","floor":19},{"not_picked":["DoubleEdge","BottledTime"],"picked":"Moondial+1","floor":21},{"not_picked":["TimeWarp+1","Starlight+1","DualDimension"],"picked":"SKIP","floor":22},{"not_picked":["Defy","TimeWarp+1"],"picked":"Barrier","floor":25},{"not_picked":["Reset","Barrier+1"],"picked":"Rearm","floor":26},{"not_picked":["TimeWarp","ShatteredReality+1","Starlight"],"picked":"SKIP","floor":28}],"player_experience":1385539,"relics_obtained":[{"floor":8,"key":"Letter Opener"},{"floor":24,"key":"Omamori"}],"event_choices":[{"damage_healed":0,"gold_gain":0,"player_choice":"带走神社","damage_taken":0,"relics_obtained":["YidongShenshe:ReiMu"],"max_hp_gain":0,"max_hp_loss":0,"event_name":"yidonshenshe","floor":12,"gold_loss":0,"cards_obtained":["Poor:ReiMu"]}],"is_beta":false,"boss_relics":[{"not_picked":["Astrolabe","SacredBark"],"picked":"SplendidAttire"}],"items_purged_floors":[10],"is_endless":false,"potions_floor_spawned":[4,14,15,26],"killed_by":"Book of Stabbing","ascension_level":6}}