{"host":"0azimyi6n3ugndj4","time":1609537434,"event":{"mods":["2.2 Compatiblity","BaseMod","Bestiary","Conspire","Curses Come First","Defuse TimeMaze Blight","Hermit","Hyrulean Relics","Infinite Spire","Minty Spire (QoL Compilation)","Relic Stats","Replay The Spire","StSLib","SuperFastMode","The Cursed","Uncapped","¡¼?Úª?ø«¡½REMEMod"],"gold_per_floor":[147,222,246,89,122,197,263,350,375,375,335,335,335,335,335,335,335],"floor_reached":16,"playtime":284,"items_purged":[],"score":558,"play_id":"97a30910-7db4-487b-a38e-5428fab24621","local_time":"20210102064354","daily_mods":["SealedDeck","Hoarder","Insanity","Chimera","Specialized","Vintage","ControlledChaos","Allstar","Diverse","Colorless Cards","Heirloom","Time Dilation","Flight","Elite Swarm","Lethality","Midas","Binary"],"is_ascension_mode":true,"campfire_choices":[{"floor":15,"key":"REST"}],"circlet_count":0,"master_deck":["Demon Form","Wraith Form v2","Echo Form","DevaForm","AscendersBane","Bash","Survivor","Zap+1","Eruption","Strike_R","Strike_G","Strike_B","Defend_R","Defend_G","Defend_P","Dagger Throw","ReplaySolidLightProjector","Choke","Cold Snap","hermit:Roulette","Dagger Throw","Quick Slash","Undo","Abandon+1","Stack","ReplayTheSpireMod:Reroute Power","Run Through","Rebound","Replay:Parry","Hidden Blade","hermit:Cheat","Indignation","FlyingSleeves","hermit:BodyArmor","hermit:Ricochet","Rampage","Deflect","Barrage","Gash","PiercingWail","TheCursedMod:AshesToAshes","JustLucky","hermit:Manifest","FlyingSleeves","Steam Power","hermit:Headshot","BattleHymn","Havoc","Havoc","REME_Cut","Meditate","hermit:Feint","REME_ShadowStrike","PathToVictory","Replay:Vibes","TheCursedMod:Wield","Rampage","REME_TheoryOfElimination","hermit:TrackingShot","REME_Whirling","EmptyBody","hermit:Coalescence","TheCursedMod:CursedMace","Flying Knee","Consume","REME_EyeOfCthun","REME_EyeOfCthun","REME_EyeOfCthun","REME_EyeOfCthun","REME_EyeOfCthun","REME_EyeOfCthun","REME_EyeOfCthun","REME_EyeOfCthun","REME_EyeOfCthun","REME_EyeOfCthun","REME_EyeOfCthun","REME_EyeOfCthun","REME_EyeOfCthun","REME_EyeOfCthun","REME_EyeOfCthun","Rampage","Rampage","Rampage","FlyingSleeves","FlyingSleeves","FlyingSleeves","TheCursedMod:HellsGateOpen","TheCursedMod:HellsGateOpen","TheCursedMod:HellsGateOpen","Twin Strike","Twin Strike","Twin Strike","TheCursedMod:CircleOfBlood","TheCursedMod:CircleOfBlood","TheCursedMod:CircleOfBlood","TheCursedMod:CursedAmulet","TheCursedMod:CursedAmulet","TheCursedMod:CursedAmulet","hermit:BodyArmor","hermit:BodyArmor","hermit:BodyArmor","Barrage","Barrage","Barrage","TheCursedMod:Obscuration","TheCursedMod:Obscuration","TheCursedMod:Obscuration","hermit:Ricochet","hermit:Ricochet","hermit:Ricochet","The Bomb","The Bomb","The Bomb","Overencumbered","TheCursedMod:Dregs","TheCursedMod:Dregs","TheCursedMod:Dregs","infinitespire:Menacing","infinitespire:Menacing","infinitespire:Menacing"],"relics":["Ring of the Snake","Frozen Eye","Busted Crown","REME_ComplimentaryCards","Replay:Arrowhead","Centennial Puzzle","Chameleon Ring","zeldaRelics:CourageTriforce","Juzu Bracelet","War Paint","Odd Mushroom","zeldaRelics:WisdomPiece"],"acts_visited":["Exordium"],"potions_floor_usage":[8,8,16],"damage_taken":[{"damage":2,"enemies":"Jaw Worm","floor":1,"turns":2},{"damage":0,"enemies":"conspire:MimicChest","floor":2,"turns":2},{"damage":17,"enemies":"conspire:RoseBush","floor":5,"turns":2},{"damage":12,"enemies":"3 Sentries","floor":6,"turns":5},{"damage":27,"enemies":"The Mushroom Lair","floor":7,"turns":3},{"damage":0,"enemies":"Lagavulin","floor":8,"turns":3},{"damage":35,"enemies":"The Guardian","floor":16,"turns":3}],"seed_played":"-4007237003176966086","potions_obtained":[{"floor":1,"key":"Explosive Potion"},{"floor":5,"key":"Flashbang"},{"floor":6,"key":"AttackPotion"},{"floor":11,"key":"Fire Potion"},{"floor":11,"key":"LiquidMemories"}],"is_trial":true,"path_per_floor":["M","?","T","$","M","E","?","E","T","?","?","?","?","T","R","B"],"character_chosen":"THE_SILENT","items_purchased":["Juzu Bracelet"],"campfire_rested":1,"item_purchase_floors":[4],"current_hp_per_floor":[57,57,57,57,40,28,7,11,11,11,11,4,4,4,23,0,0],"gold":335,"neow_bonus":"","is_daily":false,"chose_seed":false,"campfire_upgraded":0,"win_rate":0.0,"timestamp":1609537434,"path_taken":["M","?","?","?","M","E","?","E","T","?","?","?","?","?","R","BOSS"],"items_purchased_type":["Relic"],"build_version":"2020-12-22","purchased_purges":0,"victory":false,"max_hp_per_floor":[66,66,66,66,66,66,66,66,66,66,66,66,66,66,66,66,66],"relic_stats":{"Centennial Puzzle":[12],"Busted Crown":16,"counters":[7,20],"Juzu Bracelet":1,"War Paint":["Zap","Abandon"],"obtain_stats":[{"zeldaRelics:WisdomPiece":9,"Juzu Bracelet":4,"War Paint":5,"Odd Mushroom":7,"Replay:Arrowhead":0,"zeldaRelics:CourageTriforce":8,"Frozen Eye":0,"Centennial Puzzle":1,"Busted Crown":0,"Chameleon Ring":2,"zeldaRelics:CouragePiece":3,"Ring of the Snake":0,"REME_ComplimentaryCards":0},{"zeldaRelics:WisdomPiece":6,"Juzu Bracelet":2,"War Paint":3,"Odd Mushroom":5,"Replay:Arrowhead":0,"zeldaRelics:CourageTriforce":6,"Frozen Eye":0,"Centennial Puzzle":1,"Busted Crown":0,"Chameleon Ring":2,"zeldaRelics:CouragePiece":2,"Ring of the Snake":0,"REME_ComplimentaryCards":0},{"zeldaRelics:WisdomPiece":17,"Juzu Bracelet":4,"War Paint":6,"Odd Mushroom":14,"Replay:Arrowhead":0,"zeldaRelics:CourageTriforce":17,"Frozen Eye":0,"Centennial Puzzle":2,"Busted Crown":0,"Chameleon Ring":4,"zeldaRelics:CouragePiece":4,"Ring of the Snake":0,"REME_ComplimentaryCards":0}],"Ring of the Snake":[14]},"card_choices":[{"not_picked":["infinitespire:Execution","ReplayTheSpireMod:??????????????????????"],"picked":"infinitespire:Menacing","floor":10}],"player_experience":1485667,"relics_obtained":[{"floor":1,"key":"Centennial Puzzle"},{"floor":2,"key":"Chameleon Ring"},{"floor":3,"key":"zeldaRelics:CouragePiece"},{"floor":5,"key":"War Paint"},{"floor":6,"key":"zeldaRelics:CouragePiece"},{"floor":7,"key":"Odd Mushroom"},{"floor":8,"key":"zeldaRelics:CouragePiece"},{"floor":9,"key":"zeldaRelics:WisdomPiece"},{"floor":14,"key":"zeldaRelics:WisdomPiece"}],"event_choices":[{"damage_healed":0,"gold_gain":0,"player_choice":"Fought Mushrooms","damage_taken":0,"max_hp_gain":0,"max_hp_loss":0,"event_name":"Mushrooms","floor":7,"gold_loss":0},{"damage_healed":0,"gold_gain":0,"player_choice":"Bought 3 Potions","damage_taken":0,"max_hp_gain":0,"max_hp_loss":0,"event_name":"The Woman in Blue","floor":11,"gold_loss":0},{"cards_removed":["Overencumbered"],"damage_healed":0,"gold_gain":0,"player_choice":"Card Removal","damage_taken":7,"max_hp_gain":0,"max_hp_loss":0,"event_name":"Golden Wing","floor":12,"gold_loss":0},{"cards_removed":["Overencumbered"],"damage_healed":0,"gold_gain":0,"player_choice":"Forget","damage_taken":0,"max_hp_gain":0,"max_hp_loss":0,"event_name":"Living Wall","floor":13,"gold_loss":0}],"is_beta":false,"boss_relics":[],"items_purged_floors":[],"is_endless":false,"potions_floor_spawned":[1,5,6],"killed_by":"The Guardian","ascension_level":20}}