{"host":"n43wxkei7kulhi8o","time":1609519665,"event":{"mods":["BaseMod","Colored Map","Curses Come First","Custom Start","Highlight Path","Minty Spire (QoL Compilation)","StSLib"],"gold_per_floor":[110,110,110,124,142,142,142,162,241,274,285,285,319,338,338,441,441,457,0,19,33,50,50,60,74,97,97,196,221,221,221,221,221,221],"floor_reached":33,"playtime":1159,"items_purged":[],"score":259,"play_id":"994ac88e-7777-4da7-80bb-45f590d8785b","local_time":"20210101114745","is_ascension_mode":false,"campfire_choices":[{"data":"Zap","floor":6,"key":"SMITH"},{"data":"Dualcast","floor":12,"key":"SMITH"},{"floor":15,"key":"REST"},{"floor":23,"key":"REST"},{"floor":27,"key":"REST"},{"floor":32,"key":"REST"}],"circlet_count":0,"master_deck":["Strike_B+1","Strike_B+1","Strike_B+1","Strike_B+1","Defend_B+1","Defend_B+1","Defend_B+1","Defend_B+1","Zap+1","Dualcast+1","Sweeping Beam","Doom and Gloom","Coolheaded","Auto Shields","Streamline","Multi-Cast","CurseOfTheBell","Capacitor","Blizzard","Conserve Battery","Defragment","Auto Shields"],"relics":["Cracked Core","NeowsBlessing","Lantern","Matryoshka","Ornamental Fan","Gremlin Horn","Calling Bell","Smiling Mask","Mercury Hourglass","Calipers","Thread and Needle","Ancient Tea Set","Question Card","War Paint","Red Mask"],"acts_visited":["Exordium","TheCity"],"potions_floor_usage":[10,20,24,24,24,33,33],"damage_taken":[{"damage":0,"enemies":"Cultist","floor":1,"turns":1},{"damage":0,"enemies":"2 Louse","floor":4,"turns":1},{"damage":0,"enemies":"Small Slimes","floor":5,"turns":1},{"damage":0,"enemies":"3 Louse","floor":8,"turns":1},{"damage":18,"enemies":"Lagavulin","floor":10,"turns":5},{"damage":3,"enemies":"Looter","floor":11,"turns":3},{"damage":17,"enemies":"3 Sentries","floor":13,"turns":4},{"damage":0,"enemies":"2 Fungi Beasts","floor":14,"turns":2},{"damage":24,"enemies":"Slime Boss","floor":16,"turns":8},{"damage":31,"enemies":"Shell Parasite","floor":18,"turns":8},{"damage":10,"enemies":"3 Byrds","floor":20,"turns":3},{"damage":14,"enemies":"Cultist and Chosen","floor":21,"turns":6},{"damage":16,"enemies":"Sentry and Sphere","floor":22,"turns":4},{"damage":7,"enemies":"Chosen and Byrds","floor":24,"turns":6},{"damage":28,"enemies":"Snake Plant","floor":25,"turns":6},{"damage":0,"enemies":"Masked Bandits","floor":29,"turns":4},{"damage":50,"enemies":"Automaton","floor":33,"turns":6}],"seed_played":"-257844768157557835","potions_obtained":[{"floor":1,"key":"SkillPotion"},{"floor":8,"key":"Swift Potion"},{"floor":10,"key":"Regen Potion"},{"floor":11,"key":"SteroidPotion"},{"floor":16,"key":"PowerPotion"},{"floor":20,"key":"Block Potion"},{"floor":24,"key":"DuplicationPotion"},{"floor":25,"key":"Explosive Potion"},{"floor":29,"key":"GamblersBrew"}],"is_trial":false,"path_per_floor":["M","?","?","M","M","R","$","M","T","E","M","R","E","M","R","B",null,"M","$","M","M","M","R","M","M","T","R","?","?","?","?","R","B"],"character_chosen":"DEFECT","items_purchased":["Thread and Needle","Ancient Tea Set"],"campfire_rested":4,"item_purchase_floors":[19,19],"current_hp_per_floor":[75,68,68,68,68,68,68,68,68,50,47,47,30,30,52,28,75,44,44,34,20,4,26,34,6,6,28,28,28,28,28,50,0,0],"gold":221,"neow_bonus":"THREE_ENEMY_KILL","is_daily":false,"chose_seed":false,"campfire_upgraded":2,"win_rate":0.0,"timestamp":1609519665,"path_taken":["M","?","?","?","M","R","$","M","T","E","M","R","E","?","R","BOSS","M","$","M","M","M","R","M","M","T","R","?","?","?","?","R","BOSS"],"items_purchased_type":["Relic","Relic"],"build_version":"2020-12-22","purchased_purges":0,"victory":false,"max_hp_per_floor":[75,75,75,75,75,75,75,75,75,75,75,75,75,75,75,75,75,75,75,75,75,75,75,75,75,75,75,75,75,75,75,75,75,75],"card_choices":[{"not_picked":["Reprogram","Hologram"],"picked":"Sweeping Beam","floor":1},{"not_picked":["Steam","Heatsinks"],"picked":"Doom and Gloom","floor":4},{"not_picked":["Steam","Rebound","Heatsinks"],"picked":"SKIP","floor":5},{"not_picked":["Skim","Beam Cell"],"picked":"Coolheaded","floor":8},{"not_picked":["Compile Driver","Streamline","Stack"],"picked":"SKIP","floor":10},{"not_picked":["Go for the Eyes","Recycle"],"picked":"Auto Shields","floor":11},{"not_picked":["Sweeping Beam","Hyperbeam"],"picked":"Streamline","floor":13},{"not_picked":["Rebound","Coolheaded","Barrage"],"picked":"SKIP","floor":14},{"not_picked":["Amplify","Reboot"],"picked":"Multi-Cast","floor":16},{"not_picked":["Steam","Self Repair","Stack"],"picked":"SKIP","floor":18},{"not_picked":["Chaos","Cold Snap"],"picked":"Capacitor","floor":20},{"not_picked":["Leap","Redo"],"picked":"Blizzard","floor":21},{"not_picked":["Turbo","Echo Form"],"picked":"Conserve Battery","floor":22},{"not_picked":["Aggregate","Cold Snap"],"picked":"Defragment","floor":24},{"not_picked":["Fusion+1","Stack","Reprogram"],"picked":"SKIP","floor":25},{"not_picked":["FTL","Go for the Eyes","Self Repair"],"picked":"Auto Shields","floor":29}],"player_experience":627189,"relics_obtained":[{"floor":9,"key":"Matryoshka"},{"floor":10,"key":"Ornamental Fan"},{"floor":13,"key":"Gremlin Horn"},{"floor":17,"key":"Smiling Mask"},{"floor":17,"key":"Mercury Hourglass"},{"floor":17,"key":"Calipers"},{"floor":26,"key":"Question Card"},{"floor":26,"key":"War Paint"},{"floor":29,"key":"Red Mask"}],"event_choices":[{"damage_healed":0,"gold_gain":0,"player_choice":"Success","damage_taken":7,"relics_obtained":["Lantern"],"max_hp_gain":0,"max_hp_loss":0,"event_name":"Scrap Ooze","floor":2,"gold_loss":0},{"damage_healed":0,"gold_gain":0,"player_choice":"0 cards matched","damage_taken":0,"max_hp_gain":0,"max_hp_loss":0,"event_name":"Match and Keep!","floor":3,"gold_loss":0,"cards_obtained":[]},{"damage_healed":0,"gold_gain":99,"player_choice":"Stole From Cult","damage_taken":0,"max_hp_gain":0,"max_hp_loss":0,"event_name":"Nest","floor":28,"gold_loss":0},{"damage_healed":0,"gold_gain":0,"player_choice":"Fought Bandits","damage_taken":0,"max_hp_gain":0,"max_hp_loss":0,"event_name":"Masked Bandits","floor":29,"gold_loss":0},{"damage_healed":0,"gold_gain":0,"player_choice":"Simplicity","damage_taken":0,"max_hp_gain":0,"max_hp_loss":0,"event_name":"Back to Basics","floor":30,"gold_loss":0,"cards_upgraded":["Strike_B","Strike_B","Strike_B","Strike_B","Defend_B","Defend_B"]},{"damage_healed":0,"gold_gain":0,"player_choice":"Ignored","damage_taken":0,"max_hp_gain":0,"max_hp_loss":0,"event_name":"Beggar","floor":31,"gold_loss":0}],"is_beta":false,"boss_relics":[{"not_picked":["Philosopher\u0027s Stone","Astrolabe"],"picked":"Calling Bell"}],"items_purged_floors":[],"is_endless":false,"potions_floor_spawned":[1,8,10,11,16,20,24,25,29],"killed_by":"Automaton","ascension_level":0}}