{"host":"uuef13iiy6j2c50k","time":1609474162,"event":{"mods":["BaseMod","Minty Spire (QoL Compilation)","Quick Restart","Relic Stats","Slay-I","StSLib","SuperFastMode"],"gold_per_floor":[115,115,40,51,51,51,82,82,82,115,129,304,47,47,47,150,150,105,105],"floor_reached":18,"playtime":318,"items_purged":["Strike_B","Doubt"],"score":229,"play_id":"4adfc21d-ff21-4944-9278-f48aa777d434","local_time":"20201231180922","is_ascension_mode":true,"campfire_choices":[{"data":"Self Repair","floor":6,"key":"SMITH"},{"data":"Lockon","floor":8,"key":"SMITH"},{"data":"Sweeping Beam","floor":15,"key":"SMITH"}],"circlet_count":0,"master_deck":["Strike_B","Strike_B","Strike_B","Defend_B","Defend_B","Defend_B","Defend_B+1","Zap+1","Dualcast","Coolheaded","Self Repair+1","Lockon+1","Sweeping Beam+1","Echo Form"],"relics":["Cracked Core","NeowsBlessing","Pantograph","Darkstone Periapt","OrangePellets","Black Star"],"acts_visited":["Exordium","TheCity"],"potions_floor_usage":[16,16,18],"damage_taken":[{"damage":0,"enemies":"Small Slimes","floor":1,"turns":1},{"damage":0,"enemies":"2 Louse","floor":4,"turns":1},{"damage":0,"enemies":"3 Sentries","floor":7,"turns":2},{"damage":35,"enemies":"Gremlin Nob","floor":10,"turns":4},{"damage":0,"enemies":"Jaw Worm","floor":11,"turns":3},{"damage":17,"enemies":"The Guardian","floor":16,"turns":10},{"damage":5,"enemies":"2 Thieves","floor":18,"turns":2}],"seed_played":"4971394018933804170","potions_obtained":[{"floor":7,"key":"Block Potion"},{"floor":10,"key":"PowerPotion"},{"floor":11,"key":"CultistPotion"}],"is_trial":false,"path_per_floor":["M","?","$","M","?","R","E","R","T","E","M","?","$","?","R","B",null,"M"],"character_chosen":"DEFECT","items_purchased":["OrangePellets"],"campfire_rested":0,"item_purchase_floors":[13],"current_hp_per_floor":[],"gold":105,"neow_bonus":"THREE_ENEMY_KILL","is_daily":false,"chose_seed":false,"campfire_upgraded":3,"win_rate":0.0,"timestamp":1609474162,"path_taken":[],"items_purchased_type":["Relic"],"build_version":"2020-12-22","purchased_purges":2,"victory":false,"max_hp_per_floor":[],"relic_stats":{"Darkstone Periapt":6,"OrangePellets":[0],"counters":[7,23],"Pantograph":21,"Black Star":0,"obtain_stats":[{"Darkstone Periapt":10,"OrangePellets":13,"NeowsBlessing":0,"Pantograph":7,"Black Star":17,"Cracked Core":0},{"Darkstone Periapt":4,"OrangePellets":5,"NeowsBlessing":0,"Pantograph":3,"Black Star":6,"Cracked Core":0},{"Darkstone Periapt":8,"OrangePellets":11,"NeowsBlessing":0,"Pantograph":4,"Black Star":21,"Cracked Core":0}]},"card_choices":[],"player_experience":37126,"relics_obtained":[],"event_choices":[],"is_beta":false,"boss_relics":[],"items_purged_floors":[],"is_endless":false,"potions_floor_spawned":[],"killed_by":"2 Thieves","ascension_level":4}}