{"host":"m77rrhbqzv44va4v","time":1609470655,"event":{"mods":["AchievementEnabler","BaseMod","Colored Map","DeckTracker","Keyboard Shortcuts","Minty Spire (QoL Compilation)","StSLib","SuperFastMode","everything is the same but u backflip on backflip"],"gold_per_floor":[116,136,61,61,74,102,102,102,156,167,92,92,92],"floor_reached":12,"playtime":366,"items_purged":["Strike_R"],"score":148,"play_id":"e4f00c01-8427-43df-9aae-103dc4804ca1","local_time":"20210101121055","is_ascension_mode":true,"campfire_choices":[{"data":"Inflame","floor":7,"key":"SMITH"}],"circlet_count":0,"master_deck":["AscendersBane","Strike_R","Strike_R","Defend_R+1","Defend_R","Defend_R","Defend_R","Bash","Bludgeon+1","Cleave","Infernal Blade","Inflame+1","Armaments"],"relics":["Burning Blood","Anchor","Dream Catcher"],"acts_visited":["Exordium"],"potions_floor_usage":[6,12],"damage_taken":[{"damage":9,"enemies":"Jaw Worm","floor":1,"turns":4},{"damage":3,"enemies":"2 Louse","floor":2,"turns":3},{"damage":12,"enemies":"Small Slimes","floor":5,"turns":4},{"damage":25,"enemies":"Lagavulin","floor":6,"turns":5},{"damage":1,"enemies":"Looter","floor":10,"turns":2},{"damage":4,"enemies":"Gremlin Nob","floor":12,"turns":3}],"seed_played":"8921392006762864197","potions_obtained":[{"floor":2,"key":"DistilledChaos"},{"floor":6,"key":"EssenceOfSteel"}],"is_trial":false,"path_per_floor":["M","M","?","?","M","E","R","?","T","M","$","E"],"character_chosen":"IRONCLAD","items_purchased":[],"campfire_rested":0,"item_purchase_floors":[],"current_hp_per_floor":[65,68,68,61,55,36,36,13,13,18,18,14,14],"gold":92,"neow_bonus":"ONE_RANDOM_RARE_CARD","is_daily":false,"chose_seed":false,"campfire_upgraded":1,"win_rate":0.0,"timestamp":1609470655,"path_taken":["M","M","?","?","M","E","R","?","T","M","$","E"],"items_purchased_type":[],"build_version":"2020-12-22","purchased_purges":1,"victory":false,"max_hp_per_floor":[75,75,75,75,75,75,75,75,75,75,75,75,75],"card_choices":[{"not_picked":["Anger","Havoc"],"picked":"Cleave","floor":1},{"not_picked":["Cleave","Headbutt","Sword Boomerang"],"picked":"SKIP","floor":2},{"not_picked":["Clothesline","Body Slam"],"picked":"Infernal Blade","floor":5},{"not_picked":["Twin Strike","Combust"],"picked":"Inflame","floor":6},{"not_picked":["Burning Pact","Dual Wield"],"picked":"Armaments","floor":10}],"player_experience":864622,"relics_obtained":[{"floor":6,"key":"Anchor"},{"floor":9,"key":"Dream Catcher"}],"event_choices":[{"cards_removed":["Strike_R"],"damage_healed":0,"gold_gain":0,"player_choice":"Card Removal","damage_taken":0,"max_hp_gain":0,"max_hp_loss":0,"event_name":"The Cleric","floor":3,"gold_loss":75},{"cards_removed":["Strike_R"],"damage_healed":0,"gold_gain":0,"player_choice":"Card Removal","damage_taken":7,"max_hp_gain":0,"max_hp_loss":0,"event_name":"Golden Wing","floor":4,"gold_loss":0},{"damage_healed":0,"gold_gain":0,"player_choice":"Entered Light","damage_taken":23,"max_hp_gain":0,"max_hp_loss":0,"event_name":"Shining Light","floor":8,"gold_loss":0,"cards_upgraded":["Defend_R","Bludgeon"]}],"is_beta":false,"boss_relics":[],"items_purged_floors":[11],"is_endless":false,"potions_floor_spawned":[2,6],"killed_by":"Gremlin Nob","ascension_level":18}}