{"host":"eqn7luyqlbzuqhgd","time":1609514932,"event":{"mods":["2.2 Compatiblity","Act Like it!","BaseMod","CapriCore","Friendly Minions","Hermit","Koishi","KomeijiMod","Marisa£¨Ùöéë¡¡Øª×âÞÞ£©","Minty Spire (QoL Compilation)","Reimu£¨ÚÏ???£©","StSLib","The Cursed","The Dragon Tamer","The Gatherer","The Immortal","The Poker Player"],"gold_per_floor":[18,18,18,38,38,63,63,90,90,102,130,130,148,165,165,270,270,280,304,10,109,24,24,50,13,40,40,74,98,113,143,143,246,246,263,188,235,252,76,104,122,122,122,122,134,174,174,206,206,213],"floor_reached":51,"playtime":6465,"items_purged":["hermit:Strike_Hermit","hermit:Strike_Hermit"],"score":904,"play_id":"44700a85-80a9-4b7b-b513-5e4e84975fba","local_time":"20210102002852","is_ascension_mode":true,"campfire_choices":[{"data":"hermit:Combo","floor":7.0,"key":"SMITH"},{"data":"hermit:CalledShot","floor":12.0,"key":"SMITH"},{"data":"hermit:DeadMansHand","floor":15.0,"key":"SMITH"},{"data":"hermit:Gambit","floor":23.0,"key":"SMITH"},{"data":"hermit:Reprieve","floor":27,"key":"SMITH"},{"data":"hermit:Covet","floor":32,"key":"SMITH"},{"data":"hermit:Scavenge","floor":42,"key":"SMITH"},{"data":"hermit:TrackingShot","floor":49,"key":"SMITH"}],"circlet_count":0,"master_deck":["hermit:Strike_Hermit+1","hermit:Defend_Hermit","hermit:Defend_Hermit","hermit:Defend_Hermit","hermit:Defend_Hermit","hermit:Snapshot+1","hermit:Covet+1","hermit:Quickdraw+1","hermit:Combo+1","hermit:BodyArmor","hermit:Reprieve+1","hermit:CalledShot+1","hermit:TrackingShot+1","hermit:DeadMansHand+1","hermit:Gambit+1","hermit:Scavenge+1","hermit:CalledShot+1","hermit:EyeOfTheStorm+1","hermit:Adapt+1","hermit:Snipe+1","hermit:HeroicBravado+1","hermit:BigShot+1","hermit:EyeOfTheStorm+1","Madness+1","Madness+1","hermit:LoneWolf+1"],"relics":["hermit:Momento","CaptainsWheel","WarpedTongs","Mercury Hourglass","MealTicket","Frozen Egg 2","Meat on the Bone","Empty Cage","hermit:RedScarf","Toxic Egg 2","RuthlessExorcism:ReiMu","Orichalcum","Bird Faced Urn","Omamori","hermit:BartenderGlass","CatCart","Whetstone","Pantograph","Ancient Tea Set","Blood Vial"],"acts_visited":["Exordium","TheCity","TheBeyond"],"potions_floor_usage":[24,37,37,41,41,46,48,48,48,48,48,48,50,50,50,50,50],"damage_taken":[{"damage":0.0,"enemies":"Cultist","floor":1.0,"turns":4.0},{"damage":3.0,"enemies":"Jaw Worm","floor":4.0,"turns":4.0},{"damage":14.0,"enemies":"Gremlin Nob","floor":6.0,"turns":5.0},{"damage":10.0,"enemies":"Lagavulin","floor":8.0,"turns":6.0},{"damage":0.0,"enemies":"2 Louse","floor":10.0,"turns":2.0},{"damage":0.0,"enemies":"Gremlin Nob","floor":11.0,"turns":4.0},{"damage":0.0,"enemies":"Looter","floor":13.0,"turns":2.0},{"damage":0.0,"enemies":"Exordium Wildlife","floor":14.0,"turns":1.0},{"damage":6.0,"enemies":"Hexaghost","floor":16.0,"turns":7.0},{"damage":2.0,"enemies":"Chosen","floor":18.0,"turns":5.0},{"damage":5.0,"enemies":"3 Byrds","floor":19.0,"turns":5.0},{"damage":13,"enemies":"Book of Stabbing","floor":24,"turns":5},{"damage":0,"enemies":"Slavers","floor":28,"turns":3},{"damage":0,"enemies":"Cultist and Chosen","floor":29,"turns":2},{"damage":10,"enemies":"Shelled Parasite and Fungi","floor":30,"turns":3},{"damage":0,"enemies":"Gremlin Leader","floor":31,"turns":4},{"damage":4,"enemies":"Collector","floor":33,"turns":7},{"damage":1,"enemies":"Orb Walker","floor":35,"turns":4},{"damage":0,"enemies":"Orin","floor":37,"turns":9},{"damage":0,"enemies":"3 Shapes","floor":38,"turns":4},{"damage":1,"enemies":"Reptomancer","floor":40,"turns":3},{"damage":1,"enemies":"Jaw Worm Horde","floor":41,"turns":3},{"damage":2,"enemies":"4 Shapes","floor":45,"turns":2},{"damage":21,"enemies":"Nemesis","floor":46,"turns":7},{"damage":1,"enemies":"Giant Head","floor":48,"turns":7},{"damage":30,"enemies":"Donu and Deca","floor":50,"turns":7}],"seed_played":"-5930783683836984900","potions_obtained":[{"floor":1.0,"key":"GrandPatriotsElixir:ReiMu"},{"floor":6.0,"key":"EssenceOfSteel"},{"floor":13.0,"key":"Energy Potion"},{"floor":14.0,"key":"Strength Potion"},{"floor":16.0,"key":"hermit:Tonic"},{"floor":18.0,"key":"PowerPotion"},{"floor":28,"key":"Regen Potion"},{"floor":29,"key":"ZuzhouPotion:ReiMu"},{"floor":35,"key":"BlessingOfTheForge"},{"floor":48,"key":"SpeedPotion"}],"is_trial":false,"path_per_floor":["M","?","?","M","?","E","R","E","T","M","E","R","M","M","R","B",null,"M","M","$","?","?","R","E","$","T","R","E","M","M","E","R","B",null,"M","$","?","M","$","E","M","R","T","?","M","E","?","E","R","B",null],"character_chosen":"HERMIT","items_purchased":["hermit:RedScarf","hermit:EyeOfTheStorm+1","hermit:EyeOfTheStorm+1"],"campfire_rested":0,"item_purchase_floors":[20,25,39],"current_hp_per_floor":[75,80,80,77,77,63,63,53,53,53,57,57,57,57,57,55,80,78,73,80,80,80,80,67,80,80,80,80,80,70,74,74,76,80,79,80,80,80,80,79,79,79,79,80,78,60,50,60,60,54],"gold":213,"neow_bonus":"ONE_RARE_RELIC","is_daily":false,"chose_seed":false,"campfire_upgraded":8,"win_rate":0.0,"timestamp":1609514932,"path_taken":["M","?","?","M","?","E","R","E","T","M","E","R","M","M","R","BOSS","M","?","$","?","?","R","E","?","T","R","E","?","M","E","R","BOSS","M","$","?","M","$","E","M","R","T","?","M","E","?","E","R","BOSS"],"items_purchased_type":["Relic","Card","Card"],"build_version":"2020-12-22","purchased_purges":2,"victory":true,"max_hp_per_floor":[75,80,80,80,80,80,80,80,80,80,80,80,80,80,80,80,80,80,80,80,80,80,80,80,80,80,80,80,80,80,80,80,80,80,80,80,80,80,80,80,80,80,80,80,80,80,80,80,80,80],"card_choices":[{"not_picked":["hermit:LoneWolf","hermit:HighCaliber"],"picked":"hermit:Quickdraw","floor":1.0},{"not_picked":["hermit:NoHoldsBarred","hermit:Gestalt"],"picked":"hermit:Combo","floor":4.0},{"not_picked":["hermit:Manifest","hermit:Gestalt"],"picked":"hermit:BodyArmor","floor":6.0},{"not_picked":["hermit:PistolWhip","hermit:LuckOfTheDraw"],"picked":"hermit:Reprieve","floor":8.0},{"not_picked":["hermit:Grudge","hermit:Glare","hermit:SprayPray"],"picked":"SKIP","floor":10.0},{"not_picked":["hermit:Glare","hermit:Maintenance"],"picked":"hermit:CalledShot","floor":11.0},{"not_picked":["hermit:Virtue","hermit:TrackingShot","hermit:FlashPowder"],"picked":"SKIP","floor":13.0},{"not_picked":["hermit:Virtue","hermit:FlashPowder"],"picked":"hermit:TrackingShot","floor":13.0},{"not_picked":["hermit:CursedWeapon","hermit:LuckOfTheDraw"],"picked":"hermit:DeadMansHand","floor":14.0},{"not_picked":["hermit:OverwhelmingPower+1","hermit:FinalCanter"],"picked":"hermit:Gambit","floor":16.0},{"not_picked":["hermit:Dive","hermit:WideOpen"],"picked":"hermit:Scavenge","floor":18.0},{"not_picked":["hermit:Glare","hermit:FullyLoaded+1"],"picked":"hermit:CalledShot+1","floor":19.0},{"not_picked":["hermit:Glare+1","hermit:Grudge","hermit:EternalForm+1"],"picked":"SKIP","floor":24},{"not_picked":["hermit:Desperado","hermit:CalledShot+1"],"picked":"hermit:Adapt+1","floor":28},{"not_picked":["hermit:TakeCover+1","hermit:HighCaliber","hermit:Quickdraw"],"picked":"SKIP","floor":29},{"not_picked":["hermit:Misfire","hermit:TakeCover+1"],"picked":"hermit:Snipe+1","floor":30},{"not_picked":["hermit:TrackingShot+1","hermit:Feint+1","hermit:Misfire"],"picked":"SKIP","floor":31},{"not_picked":["hermit:Adapt+1","hermit:DeadOrAlive"],"picked":"hermit:HeroicBravado+1","floor":33},{"not_picked":["hermit:Dive+1","hermit:Manifest+1","hermit:LowProfile+1"],"picked":"SKIP","floor":35},{"not_picked":["hermit:Brawl+1","hermit:Cheat+1"],"picked":"hermit:BigShot+1","floor":38},{"not_picked":["hermit:PistolWhip+1","hermit:LuckOfTheDraw+1","hermit:FatalDesire+1"],"picked":"SKIP","floor":40},{"not_picked":["hermit:SprayPray","hermit:BodyArmor+1","hermit:Grudge"],"picked":"SKIP","floor":41},{"not_picked":["hermit:Feint+1","hermit:Spite","hermit:Malice+1"],"picked":"SKIP","floor":45},{"not_picked":["hermit:SprayPray","hermit:GhostlyPresence+1","hermit:Dissolve+1"],"picked":"SKIP","floor":46},{"not_picked":["hermit:Snipe+1","hermit:Midnight+1"],"picked":"hermit:LoneWolf+1","floor":48}],"player_experience":776039,"relics_obtained":[{"floor":6.0,"key":"Mercury Hourglass"},{"floor":8.0,"key":"MealTicket"},{"floor":9.0,"key":"Frozen Egg 2"},{"floor":11.0,"key":"Meat on the Bone"},{"floor":24,"key":"RuthlessExorcism:ReiMu"},{"floor":26,"key":"Orichalcum"},{"floor":28,"key":"Bird Faced Urn"},{"floor":31,"key":"Omamori"},{"floor":37,"key":"CatCart"},{"floor":40,"key":"Whetstone"},{"floor":43,"key":"Pantograph"},{"floor":46,"key":"Ancient Tea Set"},{"floor":48,"key":"Blood Vial"}],"event_choices":[{"damage_healed":0.0,"max_hp_gain":5.0,"max_hp_loss":0.0,"gold_gain":0.0,"event_name":"Big Fish","player_choice":"Donut","floor":2.0,"gold_loss":0.0,"damage_taken":0.0},{"damage_healed":0.0,"max_hp_gain":0.0,"max_hp_loss":0.0,"gold_gain":0.0,"event_name":"Living Wall","player_choice":"Grow","floor":3.0,"gold_loss":0.0,"damage_taken":0.0,"cards_upgraded":["hermit:Snapshot"]},{"damage_healed":0.0,"max_hp_gain":0.0,"max_hp_loss":0.0,"gold_gain":0.0,"event_name":"Accursed Blacksmith","player_choice":"Rummage","floor":5.0,"gold_loss":0.0,"damage_taken":0.0,"relics_obtained":["WarpedTongs"],"cards_obtained":["Pain"]},{"damage_healed":0.0,"max_hp_gain":0.0,"max_hp_loss":0.0,"gold_gain":99.0,"event_name":"Nest","player_choice":"Stole From Cult","floor":21.0,"gold_loss":0.0,"damage_taken":0.0},{"damage_healed":0.0,"max_hp_gain":0.0,"max_hp_loss":0.0,"gold_gain":0.0,"event_name":"Addict","player_choice":"Obtained Relic","floor":22.0,"gold_loss":85.0,"damage_taken":0.0,"relics_obtained":["Toxic Egg 2"]},{"damage_healed":0,"gold_gain":0,"player_choice":"Fight","damage_taken":0,"max_hp_gain":0,"max_hp_loss":0,"event_name":"OrinTheCat","floor":37,"gold_loss":0},{"damage_healed":0,"gold_gain":0,"player_choice":"Embrace Madness","damage_taken":10,"max_hp_gain":0,"max_hp_loss":0,"event_name":"Winding Halls","floor":47,"gold_loss":0,"cards_obtained":["Madness","Madness"]}],"is_beta":false,"boss_relics":[{"not_picked":["Sozu","Astrolabe"],"picked":"Empty Cage"},{"not_picked":["Calling Bell","Busted Crown"],"picked":"hermit:BartenderGlass"}],"items_purged_floors":[36,39],"is_endless":false,"potions_floor_spawned":[1,6,13,14,16,18,28,29,31,35,41,46,48],"ascension_level":1}}