{"host":"1rf9pknejqhzkc4o","time":1609524461,"event":{"mods":["Aspiration","BaseMod","Better Altar","Better Match","Better Note","Better Sensory Stone","Better Skull","Better Third Choice","Colored Map","Colored Powertips","Communication Mod","Conspire","Energized Spire","Hubris","Infinite Spire","Ironclad Rager","Minty Spire (QoL Compilation)","Quick Restart","RNG Fix","Rare Cards Sparkle","Relic Stats","Replay The Spire","Retaliation","Spicy Shops","StSLib","The Blue Laboratory","Trackpad"],"gold_per_floor":[15,15,15,31,45,45,56,56,83,33,45,45,65,65,65,167,167,85,72,72,82,100,100,118,118,167,167,177,177,252,284,284,383,383,394,1393,1407,1423,141,141,166,182,182,182,107,107,125,125,125,125],"floor_reached":51,"playtime":2250,"items_purged":["Voices","Normality","Normality"],"score":587,"play_id":"4e76a5f2-0cd8-4a13-accd-7959d6376979","local_time":"20210101210741","is_ascension_mode":false,"campfire_choices":[{"floor":6.0,"key":"REST"},{"data":"Bane","floor":8.0,"key":"SMITH"},{"floor":15.0,"key":"REST"},{"data":"1","floor":23.0,"key":"LIFT"},{"data":"2","floor":25.0,"key":"LIFT"},{"data":"3","floor":27.0,"key":"LIFT"},{"data":"infinitespire:Starlight","floor":32.0,"key":"SMITH"},{"floor":40.0,"key":"REST"},{"floor":49,"key":"REST"}],"circlet_count":0,"master_deck":["Survivor","Neutralize","Poisoned Stab","Poisoned Stab","Poisoned Stab","Poisoned Stab","Poisoned Stab","Dodge and Roll","Dodge and Roll","Dodge and Roll","Dodge and Roll","Dodge and Roll","Bane+1","Caltrops","Deadly Poison","Flying Knee+1","Bouncing Flask","ReplayUltimateDefense","Bullet Time","Injury","A Thousand Cuts","infinitespire:Starlight+1","Terror+1","Catalyst+1","Bane","infinitespire:Collect+1","Outmaneuver","Bullet Time","Deadly Poison+1","ICR:Cloudkill","Replay:Dark Deal","Catalyst+1","Burst","PiercingWail"],"relics":["Ring of the Snake","trackpad:IceCube","Odd Mushroom","Replay:Ancient Bell","Replay:Rubber Ducky","Darkstone Periapt","Girya","HornCleat","trackpad:WeightlessShivs","aspiration:FetidBarrel","Strange Spoon","Centennial Puzzle","Singing Bowl","Replay:Multitool","Gambling Chip","conspire:GlowingRock","trackpad:WondrousWand"],"acts_visited":["Exordium","TheCity","TheBeyond"],"potions_floor_usage":[41,41],"damage_taken":[{"damage":4.0,"enemies":"conspire:RoseBush","floor":1.0,"turns":3.0},{"damage":0.0,"enemies":"Jaw Worm","floor":4.0,"turns":2.0},{"damage":2.0,"enemies":"2 Louse","floor":5.0,"turns":4.0},{"damage":7.0,"enemies":"conspire:2 RoseBushes","floor":7.0,"turns":5.0},{"damage":0.0,"enemies":"Looter","floor":11.0,"turns":3.0},{"damage":23.0,"enemies":"The Mushroom Lair","floor":13.0,"turns":4.0},{"damage":30.0,"enemies":"Slime Boss","floor":16.0,"turns":10.0},{"damage":14.0,"enemies":"Shell Parasite","floor":18.0,"turns":5.0},{"damage":3.0,"enemies":"2 Thieves","floor":19.0,"turns":4.0},{"damage":14.0,"enemies":"Sentry and Sphere","floor":21.0,"turns":7.0},{"damage":14.0,"enemies":"Shelled Parasite and Fungi","floor":22.0,"turns":7.0},{"damage":4.0,"enemies":"Snake Plant","floor":24.0,"turns":4.0},{"damage":8.0,"enemies":"conspire:HollyBat","floor":28.0,"turns":5.0},{"damage":1.0,"enemies":"conspire:Head Lice","floor":31.0,"turns":5.0},{"damage":15.0,"enemies":"conspire:MysteriousRune","floor":33.0,"turns":8.0},{"damage":0.0,"enemies":"3 Shapes","floor":35.0,"turns":3.0},{"damage":50.0,"enemies":"3 Darklings","floor":37.0,"turns":5.0},{"damage":12.0,"enemies":"Sphere and 2 Shapes","floor":38.0,"turns":5.0},{"damage":41,"enemies":"Reptomancer","floor":41,"turns":5},{"damage":29,"enemies":"Jaw Worm Horde","floor":42,"turns":4},{"damage":41,"enemies":"4 Shapes","floor":47,"turns":4},{"damage":104,"enemies":"conspire:OrnateMirror","floor":50,"turns":5}],"seed_played":"-8587314392373917574","potions_obtained":[{"floor":2.0,"key":"Cursed Concoction"},{"floor":2.0,"key":"Block Potion"},{"floor":2.0,"key":"LiquidMemories"},{"floor":4.0,"key":"DuplicationPotion"},{"floor":13.0,"key":"Cursed Concoction"},{"floor":16.0,"key":"SneckoOil"},{"floor":18.0,"key":"LifebloodPotion"},{"floor":22.0,"key":"SkillPotion"},{"floor":24.0,"key":"Strength Potion"},{"floor":31.0,"key":"blueLaboratory:StoneskinPotion"},{"floor":35.0,"key":"Venom Potion"},{"floor":37.0,"key":"Block Potion"},{"floor":42,"key":"Strength Potion"},{"floor":47,"key":"Elixir"}],"is_trial":false,"path_per_floor":["M","?","$","M","M","R","M","R","T","?","M","$","?","?","R","B",null,"M","M","AVR","M","M","R","M","R","T","R","M","?","?","E","R","B",null,"M","?","M","M","$","R","E","M","T","AVR","?","R","M","?","R","B",null],"character_chosen":"THE_SILENT","items_purchased":["Strange Spoon","Centennial Puzzle","Singing Bowl","Replay:Multitool","ICR:Cloudkill","Replay:Dark Deal","FairyPotion"],"campfire_rested":4,"item_purchase_floors":[39,39,39,39,39,39,39],"current_hp_per_floor":[41,41,41,41,39,57,50,50,50,50,50,50,27,27,45,15,81,67,64,64,60,56,56,62,62,62,62,64,64,56,65,65,65,81,81,93,52,55,55,82,58,44,44,44,48,77,58,58,87,29],"gold":125,"neow_bonus":"SILENT_ASSASSIN","is_daily":false,"chose_seed":false,"campfire_upgraded":2,"win_rate":0.0,"timestamp":1609524461,"path_taken":["M","?","?","M","M","R","M","R","T","?","?","$","?","?","R","BOSS","M","M","AVR","M","M","R","M","R","T","R","M","?","?","E","R","BOSS","M","?","M","M","$","R","E","?","T","AVR","?","R","?","?","R","BOSS"],"items_purchased_type":["Relic","Relic","Relic","Relic","Card","Card","Potion"],"build_version":"2020-12-22","purchased_purges":3,"victory":true,"max_hp_per_floor":[63,63,63,63,63,63,63,63,63,63,63,63,63,63,63,63,81,81,81,81,81,81,81,81,81,81,81,81,81,81,81,81,81,81,81,93,93,93,93,93,95,95,95,95,99,99,99,99,99,99],"relic_stats":{"Darkstone Periapt":30,"Strange Spoon":[8],"Centennial Puzzle":[12],"Singing Bowl":6,"counters":[22,107],"Gambling Chip":[7],"obtain_stats":[{"Darkstone Periapt":17,"Girya":17,"trackpad:IceCube":9,"Singing Bowl":39,"aspiration:FetidBarrel":31,"Replay:Ancient Bell":17,"Replay:Multitool":39,"trackpad:WondrousWand":44,"Odd Mushroom":13,"Replay:Rubber Ducky":17,"Strange Spoon":39,"Centennial Puzzle":39,"conspire:GlowingRock":43,"HornCleat":20,"Gambling Chip":41,"trackpad:WeightlessShivs":26,"Ring of the Snake":0},{"Darkstone Periapt":7,"Girya":7,"trackpad:IceCube":4,"Singing Bowl":18,"aspiration:FetidBarrel":14,"Replay:Ancient Bell":7,"Replay:Multitool":18,"trackpad:WondrousWand":20,"Odd Mushroom":6,"Replay:Rubber Ducky":7,"Strange Spoon":18,"Centennial Puzzle":18,"conspire:GlowingRock":20,"HornCleat":9,"Gambling Chip":19,"trackpad:WeightlessShivs":12,"Ring of the Snake":0},{"Darkstone Periapt":31,"Girya":31,"trackpad:IceCube":14,"Singing Bowl":89,"aspiration:FetidBarrel":68,"Replay:Ancient Bell":31,"Replay:Multitool":89,"trackpad:WondrousWand":98,"Odd Mushroom":21,"Replay:Rubber Ducky":31,"Strange Spoon":89,"Centennial Puzzle":89,"conspire:GlowingRock":98,"HornCleat":40,"Gambling Chip":94,"trackpad:WeightlessShivs":58,"Ring of the Snake":0}],"Ring of the Snake":[44]},"card_choices":[{"not_picked":["Quick Slash","Dagger Spray"],"picked":"Bane","floor":1.0},{"not_picked":["hubris:Sniper","Deflect"],"picked":"Caltrops","floor":4.0},{"not_picked":["Acrobatics","Cloak And Dagger"],"picked":"Deadly Poison","floor":5.0},{"not_picked":["Dodge and Roll","Expertise"],"picked":"Flying Knee","floor":7.0},{"not_picked":["Cloak And Dagger","Dagger Spray"],"picked":"Bouncing Flask","floor":11.0},{"not_picked":["Master of Strategy","Specialist"],"picked":"ReplayUltimateDefense","floor":14.0},{"not_picked":["Tools of the Trade","Envenom"],"picked":"Bullet Time","floor":16.0},{"not_picked":["hubris:Despair","hubris:Compulsion"],"picked":"ReplayTheSpireMod:IOU","floor":17.0},{"not_picked":["hubris:Sloth","Pain"],"picked":"Voices","floor":17.0},{"not_picked":["CurseOfTheBell","hubris:Sloth"],"picked":"Injury","floor":17.0},{"not_picked":["Sucker Punch","Quick Slash","Dagger Throw"],"picked":"SKIP","floor":18.0},{"not_picked":["Slice","hubris:Sniper+1"],"picked":"A Thousand Cuts","floor":19.0},{"not_picked":["Escape Plan","Quick Slash"],"picked":"Terror+1","floor":21.0},{"not_picked":["Reflex","Backflip","Dodge and Roll"],"picked":"SKIP","floor":22.0},{"not_picked":["Dagger Throw","Terror"],"picked":"Catalyst","floor":24.0},{"not_picked":["Dagger Spray","Slice"],"picked":"Bane","floor":28.0},{"not_picked":["Deadly Poison","Poisoned Stab"],"picked":"Outmaneuver","floor":31.0},{"not_picked":["Envenom","Wraith Form v2"],"picked":"Bullet Time","floor":33.0},{"not_picked":["Flechettes+1","Reflex+1"],"picked":"Deadly Poison+1","floor":35.0},{"not_picked":["Dagger Throw+1","Acrobatics+1","ReplayTheSpireMod:Exploit Weakness+1"],"picked":"SKIP","floor":37.0},{"not_picked":["hubris:SlightOfHand","Footwork+1","Terror"],"picked":"SKIP","floor":38.0},{"not_picked":["Prepared","Cloak And Dagger","Hidden Blade"],"picked":"Singing Bowl","floor":41},{"not_picked":["Choke","hubris:SlightOfHand+1"],"picked":"Catalyst+1","floor":42},{"not_picked":["Acrobatics","hubris:SlightOfHand","Backflip"],"picked":"Singing Bowl","floor":45},{"not_picked":["ReplayTheSpireMod:Tripwire","ReplayTheSpireMod:Speed Training","ReplayTheSpireMod:Scrap Shanks"],"picked":"Singing Bowl","floor":45},{"not_picked":["infinitespire:Neurotoxin","ReplayTheSpireMod:From All Sides"],"picked":"Burst","floor":45},{"not_picked":["Blade Dance+1","conspire:PoisonWeapons"],"picked":"PiercingWail","floor":47}],"player_experience":158945,"relics_obtained":[{"floor":9.0,"key":"trackpad:IceCube"},{"floor":13.0,"key":"Odd Mushroom"},{"floor":26.0,"key":"trackpad:WeightlessShivs"},{"floor":31.0,"key":"aspiration:FetidBarrel"},{"floor":41,"key":"Gambling Chip"},{"floor":43,"key":"conspire:GlowingRock"}],"event_choices":[{"damage_healed":0.0,"max_hp_gain":0.0,"max_hp_loss":0.0,"gold_gain":0.0,"event_name":"Lab","player_choice":"Got Potions","floor":2.0,"gold_loss":0.0,"damage_taken":0.0},{"cards_removed":["infinitespire:Pacifist"],"damage_healed":0.0,"max_hp_gain":0.0,"max_hp_loss":0.0,"gold_gain":0.0,"event_name":"The Cleric","player_choice":"Card Removal","floor":10.0,"gold_loss":50.0,"damage_taken":0.0},{"damage_healed":0.0,"max_hp_gain":0.0,"max_hp_loss":0.0,"gold_gain":0.0,"event_name":"Mushrooms","player_choice":"Fought Mushrooms","floor":13.0,"gold_loss":0.0,"damage_taken":0.0},{"damage_healed":0.0,"max_hp_gain":0.0,"max_hp_loss":0.0,"gold_gain":1.0,"event_name":"betterStone:BetterStone","player_choice":"1","floor":14.0,"gold_loss":0.0,"damage_taken":0.0},{"cards_removed":["infinitespire:Starlight"],"damage_healed":0.0,"max_hp_gain":0.0,"max_hp_loss":0.0,"gold_gain":0.0,"event_name":"betterNote:BetterNote","player_choice":"Take \u0026 Give","floor":29.0,"gold_loss":0.0,"damage_taken":0.0,"cards_obtained":["infinitespire:Collect"]},{"damage_healed":0.0,"max_hp_gain":0.0,"max_hp_loss":0.0,"gold_gain":75.0,"event_name":"FaceTrader","player_choice":"Touch","floor":30.0,"gold_loss":0.0,"damage_taken":8.0},{"damage_healed":0.0,"max_hp_gain":0.0,"max_hp_loss":0.0,"gold_gain":999.0,"event_name":"MindBloom","player_choice":"Gold","floor":36.0,"gold_loss":0.0,"damage_taken":0.0,"cards_obtained":["Normality","Normality"]},{"damage_healed":0,"gold_gain":0,"player_choice":"Random: Orange","damage_taken":0,"max_hp_gain":0,"max_hp_loss":0,"event_name":"betterThird:BetterPortal","floor":45,"gold_loss":0},{"damage_healed":0,"gold_gain":0,"player_choice":"1","damage_taken":0,"max_hp_gain":0,"max_hp_loss":0,"event_name":"betterMatch:BetterMatch","floor":45,"gold_loss":0,"cards_obtained":["betterMatch:CommonCard","betterMatch:UncommonCard","betterMatch:RareCard"]},{"damage_healed":0,"gold_gain":0,"player_choice":"Forge","damage_taken":0,"max_hp_gain":0,"max_hp_loss":0,"event_name":"Accursed Blacksmith","floor":48,"gold_loss":0,"cards_upgraded":["Catalyst"]}],"is_beta":false,"boss_relics":[{"not_picked":["energizedSpire:NeverEndingSparkler","energizedSpire:PogoStick"],"picked":"Replay:Ancient Bell"},{"not_picked":["aspiration:HiddenCompartment","Juzu Bracelet"],"picked":"Replay:Rubber Ducky"},{"not_picked":["Shuriken","Replay:Bottled Steam"],"picked":"Darkstone Periapt"},{"not_picked":["aspiration:DSix","Unceasing Top"],"picked":"Girya"},{"not_picked":["energizedSpire:EnergizedDie","Snecko Eye","trackpad:StolenKidneys"]}],"items_purged_floors":[20,39,44],"is_endless":false,"potions_floor_spawned":[4,13,16,18,22,24,31,35,37,42,47],"ascension_level":0}}