{"host":"e87rn453naquue3h","time":1609527847,"event":{"mods":["AchievementEnabler","BaseMod","Downfall","Minty Spire (QoL Compilation)","StSLib"],"gold_per_floor":[99,109,127,145,156,156,182,182,282,298,298,308,318,353,370,370,370,370],"floor_reached":16,"playtime":2243,"items_purged":[],"score":122,"play_id":"374c6003-2347-404b-9d36-e37198521318","local_time":"20210101140407","is_ascension_mode":true,"campfire_choices":[{"data":"Slimebound:Split","floor":1,"key":"SMITH"},{"data":"Slimebound:FormOfPuddle","floor":6,"key":"SMITH"},{"data":"Slimebound:Equalize","floor":8,"key":"SMITH"},{"data":"Slimebound:SlimeSpikes","floor":11,"key":"SMITH"}],"circlet_count":0,"master_deck":["Slimebound:Strike_Slimebound","Slimebound:Strike_Slimebound","Slimebound:Strike_Slimebound","Slimebound:Tackle","Slimebound:Defend_Slimebound","Slimebound:Defend_Slimebound","Slimebound:Defend_Slimebound","Slimebound:Defend_Slimebound","Slimebound:Split+1","Slimebound:CorrosiveSpit","Slimebound:Equalize+1","Slimebound:SlimeSpikes+1","Slimebound:FormOfPuddle+1","Slimebound:DuplicatedForm"],"relics":["Velvet Choker","Bag of Preparation","Juzu Bracelet"],"acts_visited":["Exordium"],"potions_floor_usage":[16],"damage_taken":[{"damage":8,"enemies":"Cultist","floor":2,"turns":3},{"damage":9,"enemies":"2 Louse","floor":3,"turns":2},{"damage":8,"enemies":"Jaw Worm","floor":4,"turns":3},{"damage":8,"enemies":"Exordium Wildlife","floor":5,"turns":3},{"damage":10,"enemies":"Red Slaver","floor":10,"turns":3},{"damage":8,"enemies":"3 Louse","floor":12,"turns":2},{"damage":8,"enemies":"Large Slime","floor":13,"turns":4},{"damage":22,"enemies":"Lagavulin","floor":14,"turns":7},{"damage":8,"enemies":"Blue Slaver","floor":15,"turns":3},{"damage":48,"enemies":"downfall:Defect","floor":16,"turns":5}],"seed_played":"6684155082308208344","potions_obtained":[{"floor":3,"key":"SteroidPotion"},{"floor":5,"key":"PowerPotion"},{"floor":13,"key":"champ:CounterPotion"}],"is_trial":false,"path_per_floor":["R","M","M","M","M","R","T","R","?","M","R","M","M","E","M","B"],"character_chosen":"SLIMEBOUND","items_purchased":[],"campfire_rested":0,"item_purchase_floors":[],"current_hp_per_floor":[60,60,59,60,60,60,60,60,60,58,58,58,60,46,46,0,0,0],"gold":370,"neow_bonus":"BOSS_RELIC","is_daily":false,"chose_seed":false,"campfire_upgraded":4,"win_rate":0.0,"timestamp":1609527847,"path_taken":["R","M","M","?","M","R","T","R","?","M","R","M","M","E","M","BOSS"],"items_purchased_type":[],"build_version":"2020-12-22","purchased_purges":0,"victory":false,"max_hp_per_floor":[60,60,60,60,60,60,60,60,60,60,60,60,60,60,60,60,60,60],"card_choices":[{"not_picked":["Slimebound:Schlurp","Slimebound:PressTheAttack"],"picked":"Slimebound:Equalize","floor":2},{"not_picked":["Slimebound:SplitLeeching","Slimebound:FinishingTackle"],"picked":"Slimebound:SlimeSpikes","floor":3},{"not_picked":["Slimebound:SplitMire","Slimebound:SlimeSpikes","Slimebound:SplitAcid"],"picked":"SKIP","floor":4},{"not_picked":["Slimebound:ComboTackle","Slimebound:LeechingTouch"],"picked":"Slimebound:FormOfPuddle","floor":5},{"not_picked":["Slimebound:Dissolve","Slimebound:ComboTackle","Slimebound:GoopSpray"],"picked":"SKIP","floor":10},{"not_picked":["Slimebound:SplitMire","Slimebound:RollThrough","Slimebound:Grow"],"picked":"SKIP","floor":12},{"not_picked":["Slimebound:FinishingTackle","Slimebound:Dissolve","Slimebound:GoopSpray"],"picked":"SKIP","floor":13},{"not_picked":["Slimebound:HauntingLick","Slimebound:FinishingTackle"],"picked":"Slimebound:DuplicatedForm","floor":14},{"not_picked":["Slimebound:GoopSpray","Slimebound:LeadByExample","Slimebound:FlameTackle"],"picked":"SKIP","floor":15}],"player_experience":2462316,"relics_obtained":[{"floor":7,"key":"Bag of Preparation"},{"floor":14,"key":"Juzu Bracelet"}],"event_choices":[],"is_beta":false,"boss_relics":[],"items_purged_floors":[],"is_endless":false,"potions_floor_spawned":[3,5,13,15],"killed_by":"downfall:Defect","ascension_level":3}}