{"host":"56c2xpjnpymkv18q","time":1609516243,"event":{"mods":["BaseMod","GungeonMod","Minty Spire (QoL Compilation)","Quick Restart","Relic Stats","Replay The Spire","Spicy Shops","StSLib"],"gold_per_floor":[114,129,129,144,159,189,189,219,244,244,259,259,289,88,88,188,188,203,218,233,233,3,33,33,63,63,63,78,93,108,123,138,138,138,138,138,138,138],"floor_reached":37,"playtime":3036,"items_purged":[],"score":456,"play_id":"13cf68ec-a46e-4cff-b15d-77fa488b16a8","local_time":"20210101235043","daily_mods":["Shiny","Uncertain Future","Elite Swarm"],"is_ascension_mode":false,"campfire_choices":[{"floor":7.0,"key":"REST"},{"floor":12.0,"key":"REST"},{"data":"Eclipse","floor":15.0,"key":"SMITH"},{"floor":24.0,"key":"REST"},{"data":"Heavy Blade","floor":27.0,"key":"SMITH"},{"data":"Exhume","floor":33.0,"key":"SMITH"}],"circlet_count":0,"master_deck":["Double Tap","Demon Form","Fiend Fire","Eclipse+1","Berserk","Impervious","Juggernaut","Brutality+1","Demonic Infusion","Exhume","Offering","Bludgeon","Feed","Replay:Many Hands","Limit Break","Barricade","Hemogenesis","Reaper","Immolate","Power Through","Ghostly Armor+1","Pummel","Anger","Double Tap","Immolate","Flex","Bludgeon","ReplayTheSpireMod:IOU","Inflame","Exhume+1","Battle Trance+1","Heavy Blade+1","Clash","Offering","Clash+1","Replay:Undeath\u0027s Touch+1","Run Through+1","Sword Boomerang+1","Blood for Blood+1"],"relics":["Burning Blood","Turnip","Blood Vial","Bag of Marbles","DemoMod:ClearGuonStone","Replay:Wax Seal","Blue Doll","Replay:Bronze Core","DemoMod:GundromedaStrain","Strawberry","ReplayTheSpireMod:Lightbulb","Self Forming Clay"],"acts_visited":["Exordium","TheCity","TheCity"],"potions_floor_usage":[],"damage_taken":[{"damage":7.0,"enemies":"Cultist","floor":1.0,"turns":3.0},{"damage":10.0,"enemies":"Small Slimes","floor":2.0,"turns":4.0},{"damage":0.0,"enemies":"2 Louse","floor":4.0,"turns":1.0},{"damage":14.0,"enemies":"Blue Slaver","floor":5.0,"turns":3.0},{"damage":43.0,"enemies":"Lagavulin","floor":6.0,"turns":5.0},{"damage":36.0,"enemies":"Gremlin Nob","floor":8.0,"turns":5.0},{"damage":2.0,"enemies":"Exordium Wildlife","floor":11.0,"turns":3.0},{"damage":15.0,"enemies":"Replay:BlueRogue","floor":13.0,"turns":4.0},{"damage":24.0,"enemies":"Fading Forest","floor":16.0,"turns":10.0},{"damage":10.0,"enemies":"Chosen","floor":18.0,"turns":4.0},{"damage":10.0,"enemies":"3 Byrds","floor":19.0,"turns":4.0},{"damage":34.0,"enemies":"Centurion and Healer","floor":20.0,"turns":5.0},{"damage":40.0,"enemies":"Gremlin Leader","floor":23.0,"turns":4.0},{"damage":13.0,"enemies":"Slavers","floor":25.0,"turns":3.0},{"damage":1.0,"enemies":"DemoMod:4_Bullet_Kins_with_one_veteran","floor":28.0,"turns":2.0},{"damage":0.0,"enemies":"DemoMod:2_Veteran_bullet_kins_and_red_shotgun_kin","floor":29.0,"turns":1.0},{"damage":17.0,"enemies":"DemoMod:Veteran_shot_gun_kin_and_red_shotgun_kin_with_gunsinger","floor":30.0,"turns":2.0},{"damage":13.0,"enemies":"DemoMod:Veteran_shot_gun_kin_and_blue_shotgun_kin","floor":31.0,"turns":2.0},{"damage":6.0,"enemies":"DemoMod:Veteran_shot_gun_kin_and_blue_shotgun_kin_with_gunsinger","floor":32.0,"turns":1.0},{"damage":43,"enemies":"DemoMod:ResourcefulRat","floor":37,"turns":2}],"seed_played":"-2495295926900846280","potions_obtained":[{"floor":1.0,"key":"Strength Potion"},{"floor":6.0,"key":"Strength Potion"},{"floor":8.0,"key":"Elixir"},{"floor":11.0,"key":"Weak Potion"},{"floor":18.0,"key":"BloodPotion"},{"floor":20.0,"key":"SkillPotion"},{"floor":25.0,"key":"Milkshake"},{"floor":28.0,"key":"DistilledChaos"}],"is_trial":false,"path_per_floor":["M","M","?","M","M","E","R","E","T","?","M","R","E","$","R","B",null,"M","M","M","?","$","E","R","E","T","R","M","M","M","M","M","R","B","B","B","B"],"character_chosen":"IRONCLAD","items_purchased":["DemoMod:GnawedKey","Blue Doll","Inflame","DemoMod:GundromedaStrain","Strawberry"],"campfire_rested":3,"item_purchase_floors":[14,14,14,22,22],"current_hp_per_floor":[79,78,61,67,62,32,57,41,41,29,48,74,71,71,71,89,89,92,91,65,65,72,50,80,75,102,102,102,102,91,86,88,88,79,78,23,0,0],"gold":138,"neow_bonus":"","is_daily":true,"chose_seed":false,"campfire_upgraded":3,"win_rate":0.0,"timestamp":1609516243,"path_taken":["M","?","?","M","M","E","R","E","T","?","M","R","E","$","R","BOSS","M","M","M","?","$","E","R","E","T","R","M","M","M","M","M","R","BOSS","BOSS","BOSS","BOSS"],"items_purchased_type":["Relic","Relic","Card","Relic","Relic"],"build_version":"2020-12-22","purchased_purges":0,"victory":false,"max_hp_per_floor":[80,83,83,83,86,86,86,89,89,89,89,89,89,89,89,89,89,92,95,95,95,102,102,102,102,102,102,102,102,102,102,102,102,102,102,102,102,102],"relic_stats":{"Blood Vial":24,"counters":[23,92],"Self Forming Clay":[105],"Turnip":[2],"obtain_stats":[{"Self Forming Clay":25,"Blue Doll":14,"DemoMod:GlassGuonStoneRelic":1,"Burning Blood":0,"Blood Vial":8,"DemoMod:GundromedaStrain":22,"Replay:Bronze Core":17,"Strawberry":22,"Turnip":6,"Bag of Marbles":9,"DemoMod:GnawedKey":14,"DemoMod:ClearGuonStone":10,"Replay:Wax Seal":13,"ReplayTheSpireMod:Lightbulb":23},{"Self Forming Clay":14,"Blue Doll":8,"DemoMod:GlassGuonStoneRelic":1,"Burning Blood":0,"Blood Vial":6,"DemoMod:GundromedaStrain":12,"Replay:Bronze Core":9,"Strawberry":12,"Turnip":5,"Bag of Marbles":6,"DemoMod:GnawedKey":8,"DemoMod:ClearGuonStone":6,"Replay:Wax Seal":8,"ReplayTheSpireMod:Lightbulb":13},{"Self Forming Clay":58,"Blue Doll":28,"DemoMod:GlassGuonStoneRelic":3,"Burning Blood":0,"Blood Vial":21,"DemoMod:GundromedaStrain":51,"Replay:Bronze Core":38,"Strawberry":51,"Turnip":16,"Bag of Marbles":21,"DemoMod:GnawedKey":28,"DemoMod:ClearGuonStone":21,"Replay:Wax Seal":28,"ReplayTheSpireMod:Lightbulb":55}],"Burning Blood":115},"card_choices":[{"not_picked":["Battle Trance","Warcry"],"picked":"Power Through","floor":1.0},{"not_picked":["ReplayTheSpireMod:LeadingStrike","Headbutt"],"picked":"Ghostly Armor","floor":2.0},{"not_picked":["Iron Wave","Havoc"],"picked":"Pummel","floor":4.0},{"not_picked":["ReplayTheSpireMod:Strike From Hell","Sentinel"],"picked":"Anger","floor":5.0},{"not_picked":["Berserk","Corruption"],"picked":"Double Tap","floor":6.0},{"not_picked":["Exhume","Corruption"],"picked":"Immolate","floor":8.0},{"not_picked":["Life Link","Blood for Blood"],"picked":"Flex","floor":11.0},{"not_picked":["Reaper","Barricade"],"picked":"Bludgeon","floor":13.0},{"not_picked":["Berserk","Eclipse"],"picked":"Exhume","floor":16.0},{"not_picked":["Reckless Charge","Iron Wave+1"],"picked":"Battle Trance+1","floor":18.0},{"not_picked":["Pommel Strike","Seeing Red"],"picked":"Heavy Blade","floor":19.0},{"not_picked":["Twin Strike+1","Flex"],"picked":"Clash","floor":20.0},{"not_picked":["Replay:Many Hands","Reaper"],"picked":"Offering","floor":23.0},{"not_picked":["Corruption","Juggernaut","Feed"],"picked":"SKIP","floor":25.0},{"not_picked":["Heavy Blade+1","Headbutt"],"picked":"Clash+1","floor":28.0},{"not_picked":["Life Link","Burning Pact+1"],"picked":"Replay:Undeath\u0027s Touch+1","floor":29.0},{"not_picked":["Massacre","Shockwave+1"],"picked":"Run Through+1","floor":30.0},{"not_picked":["Armaments+1","Thunderclap+1"],"picked":"Sword Boomerang+1","floor":31.0},{"not_picked":["Inflame","Iron Wave+1"],"picked":"Blood for Blood+1","floor":32.0}],"player_experience":152050,"relics_obtained":[{"floor":6.0,"key":"Turnip"},{"floor":8.0,"key":"Blood Vial"},{"floor":9.0,"key":"Bag of Marbles"},{"floor":13.0,"key":"Replay:Wax Seal"},{"floor":23.0,"key":"ReplayTheSpireMod:Lightbulb"},{"floor":25.0,"key":"Self Forming Clay"}],"event_choices":[{"damage_healed":0.0,"max_hp_gain":0.0,"max_hp_loss":0.0,"gold_gain":0.0,"event_name":"Shining Light","player_choice":"Entered Light","floor":3.0,"gold_loss":0.0,"damage_taken":17.0,"cards_upgraded":["Ghostly Armor","Brutality"]},{"damage_healed":0.0,"max_hp_gain":0.0,"max_hp_loss":0.0,"gold_gain":0.0,"event_name":"Scrap Ooze","player_choice":"Success","floor":10.0,"gold_loss":0.0,"damage_taken":12.0,"relics_obtained":["DemoMod:ClearGuonStone"]},{"cards_removed":["Corruption"],"damage_healed":0.0,"max_hp_gain":0.0,"max_hp_loss":0.0,"gold_gain":0.0,"event_name":"Back to Basics","player_choice":"Elegance","floor":21.0,"gold_loss":0.0,"damage_taken":0.0}],"is_beta":false,"boss_relics":[{"not_picked":["Philosopher\u0027s Stone","Snecko Heart"],"picked":"Replay:Bronze Core"}],"items_purged_floors":[],"is_endless":false,"potions_floor_spawned":[1,6,8,11,18,20,25,28,29,32],"killed_by":"DemoMod:ResourcefulRat","ascension_level":0}}