{"host":"uv231blk40vjdojr","time":1609539421,"event":{"mods":["BaseMod","Minty Spire (QoL Compilation)","Relic Stats"],"gold_per_floor":[110,385,398,408,162,162,172,172,199,13,13,13,27,57,57,153,153,165,180,180,198,214,214,231,231,231,68,68,92,103,15,15,15,15],"floor_reached":33,"playtime":1154,"items_purged":["Regret"],"score":408,"play_id":"661d9e89-96b7-455f-9a97-bc6dbdd42faf","local_time":"20210101231701","is_ascension_mode":true,"campfire_choices":[{"data":"Catalyst","floor":6.0,"key":"SMITH"},{"data":"Noxious Fumes","floor":8.0,"key":"SMITH"},{"data":"Footwork","floor":12.0,"key":"SMITH"},{"data":"Caltrops","floor":15.0,"key":"SMITH"},{"floor":23.0,"key":"REST"},{"floor":25,"key":"REST"},{"data":"Apotheosis","floor":32,"key":"SMITH"}],"circlet_count":0,"master_deck":["AscendersBane","Strike_G+1","Strike_G+1","Strike_G+1","Strike_G+1","Defend_G+1","Defend_G+1","Defend_G+1","Defend_G+1","Defend_G+1","Survivor","Neutralize","Crippling Poison","Noxious Fumes+1","Caltrops+1","Catalyst+1","Footwork+1","Endless Agony","Bouncing Flask","CurseOfTheBell","Catalyst","Cloak And Dagger","Acrobatics","Apotheosis+1","Noxious Fumes"],"relics":["Ring of the Snake","Happy Flower","Toy Ornithopter","Anchor","Akabeko","Calling Bell","Tiny Chest","Kunai","Pocketwatch","Turnip","Centennial Puzzle"],"acts_visited":["Exordium","TheCity"],"potions_floor_usage":[24,30,33],"damage_taken":[{"damage":0.0,"enemies":"Small Slimes","floor":1.0,"turns":4.0},{"damage":0.0,"enemies":"Cultist","floor":3.0,"turns":4.0},{"damage":2.0,"enemies":"2 Louse","floor":4.0,"turns":3.0},{"damage":17.0,"enemies":"Lots of Slimes","floor":7.0,"turns":3.0},{"damage":0.0,"enemies":"Blue Slaver","floor":13.0,"turns":2.0},{"damage":7.0,"enemies":"Lagavulin","floor":14.0,"turns":6.0},{"damage":17.0,"enemies":"Hexaghost","floor":16.0,"turns":6.0},{"damage":2.0,"enemies":"3 Byrds","floor":18.0,"turns":3.0},{"damage":17.0,"enemies":"Spheric Guardian","floor":19.0,"turns":4.0},{"damage":24.0,"enemies":"Snecko","floor":21.0,"turns":6.0},{"damage":5.0,"enemies":"Shelled Parasite and Fungi","floor":22.0,"turns":4.0},{"damage":13,"enemies":"Sentry and Sphere","floor":24,"turns":4},{"damage":19,"enemies":"Centurion and Healer","floor":30,"turns":4},{"damage":51,"enemies":"Collector","floor":33,"turns":6}],"seed_played":"-3115956782248358969","potions_obtained":[{"floor":3.0,"key":"Poison Potion"},{"floor":4.0,"key":"Dexterity Potion"},{"floor":16.0,"key":"AttackPotion"},{"floor":18.0,"key":"Swift Potion"},{"floor":21.0,"key":"Ancient Potion"},{"floor":24,"key":"PowerPotion"}],"is_trial":false,"path_per_floor":["M","?","M","M","$","R","M","R","T","$","$","R","M","E","R","B",null,"M","M","?","M","M","R","M","R","T","$","?","T","M","$","R","B"],"character_chosen":"THE_SILENT","items_purchased":["Catalyst","Footwork","Endless Agony","Bouncing Flask","Anchor","Apotheosis","Noxious Fumes","Poison Potion"],"campfire_rested":2,"item_purchase_floors":[5,5,5,10,10,27,31,31],"current_hp_per_floor":[63,63,63,61,61,61,44,44,44,44,44,44,44,37,37,20,58,56,39,39,20,20,41,33,54,54,54,54,54,40,40,40,0,0],"gold":15,"neow_bonus":"RANDOM_COMMON_RELIC","is_daily":false,"chose_seed":false,"campfire_upgraded":5,"win_rate":0.0,"timestamp":1609539421,"path_taken":["M","?","?","M","$","R","M","R","T","?","$","R","M","E","R","BOSS","M","M","?","M","M","R","?","R","T","$","?","?","?","?","R","BOSS"],"items_purchased_type":["Card","Card","Card","Card","Relic","Card","Card","Potion"],"build_version":"2020-12-22","purchased_purges":1,"victory":false,"max_hp_per_floor":[70,70,70,70,70,70,70,70,70,70,70,70,70,70,70,70,70,70,70,70,70,70,70,70,70,70,70,70,70,70,70,70,70,70],"relic_stats":{"Centennial Puzzle":[7],"Happy Flower":[19],"counters":[14,59],"Tiny Chest":1,"Turnip":[5],"Kunai":[6],"obtain_stats":[{"Calling Bell":17,"Anchor":10,"Centennial Puzzle":29,"Happy Flower":0,"Tiny Chest":17,"Turnip":26,"Kunai":17,"Toy Ornithopter":9,"Akabeko":14,"Ring of the Snake":0,"Pocketwatch":17},{"Calling Bell":7,"Anchor":4,"Centennial Puzzle":12,"Happy Flower":0,"Tiny Chest":7,"Turnip":12,"Kunai":7,"Toy Ornithopter":4,"Akabeko":6,"Ring of the Snake":0,"Pocketwatch":7},{"Calling Bell":28,"Anchor":14,"Centennial Puzzle":49,"Happy Flower":0,"Tiny Chest":28,"Turnip":49,"Kunai":28,"Toy Ornithopter":14,"Akabeko":22,"Ring of the Snake":0,"Pocketwatch":28}],"Toy Ornithopter":25,"Ring of the Snake":[29],"Pocketwatch":[34]},"card_choices":[{"not_picked":["Sucker Punch","Backstab"],"picked":"Crippling Poison","floor":1.0},{"not_picked":["Acrobatics","Heel Hook"],"picked":"Noxious Fumes","floor":3.0},{"not_picked":["Dagger Spray","Slice"],"picked":"Caltrops","floor":4.0},{"not_picked":["Cloak And Dagger","Dodge and Roll","Distraction"],"picked":"SKIP","floor":7.0},{"not_picked":["Riddle With Holes","Slice","Backstab"],"picked":"SKIP","floor":13.0},{"not_picked":["Dodge and Roll","Heel Hook","Distraction"],"picked":"SKIP","floor":14.0},{"not_picked":["Outmaneuver","PiercingWail","Bouncing Flask"],"picked":"SKIP","floor":18.0},{"not_picked":["Leg Sweep","Blur+1"],"picked":"Catalyst","floor":19.0},{"not_picked":["Underhanded Strike+1","PiercingWail"],"picked":"Acrobatics","floor":21.0},{"not_picked":["All Out Attack","Blade Dance+1","Heel Hook"],"picked":"SKIP","floor":22.0},{"not_picked":["Unload","Predator+1","Infinite Blades"],"picked":"SKIP","floor":24},{"not_picked":["Poisoned Stab+1","Flechettes","Acrobatics"],"picked":"SKIP","floor":30}],"player_experience":548879,"relics_obtained":[{"floor":9.0,"key":"Toy Ornithopter"},{"floor":14.0,"key":"Akabeko"},{"floor":17.0,"key":"Tiny Chest"},{"floor":17.0,"key":"Kunai"},{"floor":17.0,"key":"Pocketwatch"},{"floor":26,"key":"Turnip"},{"floor":29,"key":"Centennial Puzzle"}],"event_choices":[{"damage_healed":0.0,"max_hp_gain":0.0,"max_hp_loss":0.0,"gold_gain":275.0,"event_name":"Golden Shrine","player_choice":"Desecrate","floor":2.0,"gold_loss":0.0,"damage_taken":0.0,"cards_obtained":["Regret"]},{"damage_healed":0.0,"max_hp_gain":0.0,"max_hp_loss":0.0,"gold_gain":0.0,"cards_transformed":["Strike_G"],"event_name":"Transmorgrifier","player_choice":"Transformed","floor":20.0,"gold_loss":0.0,"damage_taken":0.0,"cards_obtained":["Cloak And Dagger"]},{"damage_healed":0,"gold_gain":0,"player_choice":"Simplicity","damage_taken":0,"max_hp_gain":0,"max_hp_loss":0,"event_name":"Back to Basics","floor":28,"gold_loss":0,"cards_upgraded":["Strike_G","Strike_G","Strike_G","Strike_G","Defend_G","Defend_G","Defend_G","Defend_G","Defend_G"]}],"is_beta":false,"boss_relics":[{"not_picked":["Ring of the Serpent","Philosopher\u0027s Stone"],"picked":"Calling Bell"}],"items_purged_floors":[5],"is_endless":false,"potions_floor_spawned":[3,4,16,18,21,24],"killed_by":"Collector","ascension_level":10}}