{"host":"g1wmg2w41xhsnw8g","time":1609541652,"event":{"mods":["2.2 Compatiblity","Act Like it!","Aspiration","BaseMod","Better Altar","Better Match","Better Note","Better Sensory Stone","Better Skull","Better Third Choice","BetterRewards","Booster Modes","CapriCore","ChefMod","Clawfect","Colored Map","Colored Powertips","Curses Come First","Defuse TimeMaze Blight","Displayed Cursed Tome","Evolution","Friendly Minions","GifTheSpireLib","Googly Eyes","Infinite Spire","Minty Spire (QoL Compilation)","Red Circlet Mod","Relic Sorter","SCP261 Mod","Shop Mod","Spicy Shops","StSLib","The Sage","Transform Curses","Wandering Minibosses","????"],"gold_per_floor":[115,115,115,40,59,97,115,115,141,141,161,161,196,211,57,188,188,202,202,222,245,245,288,1,46,124,124,124,167,200,200,200],"floor_reached":31,"playtime":2129,"items_purged":["chefmod:Defend"],"score":501,"play_id":"0e2409a1-1853-4422-9226-79450cadc8e0","local_time":"20210101175412","is_ascension_mode":true,"campfire_choices":[{"floor":8,"key":"REST"},{"data":"infinitespire:FutureSight","floor":10,"key":"SMITH"},{"data":"infinitespire:Collect","floor":27,"key":"SMITH"}],"circlet_count":0,"master_deck":["chefmod:SliceAndDice","chefmod:SliceAndDice","chefmod:SliceAndDice","chefmod:SliceAndDice","chefmod:Defend","chefmod:Defend","chefmod:QuickThaw","chefmod:TodaysSpecial","chefmod:Chop","chefmod:FireUp","infinitespire:FutureSight+1","sagemod:Perplexing_Glare+1","chefmod:BaoBuns","chefmod:TonkotsuRamen","chefmod:Fillet","chefmod:Flambe","chefmod:AlooGobi","chefmod:CleanHouse","chefmod:FireUp","chefmod:CapreseSalad","chefmod:HotSoup","infinitespire:Gouge","infinitespire:Collect+1","chefmod:Defrost+1","chefmod:ColdSteel","chefmod:FireUp+1","chefmod:IcePick+1","chefmod:DinoKale","chefmod:CuttingBoard"],"relics":["chefmod:TrustyPot","EVO:Axolotl","MerchantsRug","ClockworkSouvenir","Golden Idol","infinitespire:WardingShard","Akabeko","Black Star","CaptainsWheel","Busted Crown","CeramicFish","MealTicket","OrangePellets","aspiration:TomeofQuesting","Pantograph","Prayer Wheel","Blue Candle","Centennial Puzzle","Lantern","Bag of Preparation"],"acts_visited":["Exordium","TheCity"],"potions_floor_usage":[7,11,16,23,25,25,30],"damage_taken":[{"damage":0,"enemies":"Cultist","floor":1,"turns":3},{"damage":0,"enemies":"2 Louse","floor":5,"turns":1},{"damage":11,"enemies":"Gremlin Nob","floor":6,"turns":5},{"damage":19,"enemies":"Jaw Worm","floor":7,"turns":7},{"damage":0,"enemies":"2 Fungi Beasts","floor":11,"turns":3},{"damage":16,"enemies":"Lagavulin","floor":13,"turns":5},{"damage":0,"enemies":"Large Slime","floor":14,"turns":3},{"damage":0,"enemies":"Slime Boss","floor":16,"turns":10},{"damage":0,"enemies":"Shell Parasite","floor":18,"turns":4},{"damage":0,"enemies":"Spheric Guardian","floor":20,"turns":3},{"damage":0,"enemies":"Centurion and Healer","floor":21,"turns":5},{"damage":31,"enemies":"Gremlin Leader","floor":23,"turns":7},{"damage":24,"enemies":"Nightmare","floor":25,"turns":7},{"damage":7,"enemies":"Gremlin Leader","floor":29,"turns":7},{"damage":2,"enemies":"3 Cultists","floor":30,"turns":6},{"damage":15,"enemies":"Shelled Parasite and Fungi","floor":31,"turns":5}],"seed_played":"-3091864793746375942","potions_obtained":[{"floor":6,"key":"AttackPotion"},{"floor":7,"key":"LiquidBronze"},{"floor":13,"key":"DuplicationPotion"},{"floor":16,"key":"BlessingOfTheForge"},{"floor":20,"key":"LiquidBronze"},{"floor":21,"key":"BlessingOfTheForge"},{"floor":29,"key":"Weak Potion"}],"is_trial":false,"path_per_floor":["M","?","?","?","M","E","M","R","T","R","M","?","E","M","R","B",null,"M","AVR","M","M","?","E","R","NM","T","R","?","E","M","M"],"character_chosen":"THE_CHEF","items_purchased":["MerchantsRug","ClockworkSouvenir","Potion Belt","chefmod:FreezeSolid","OrangePellets","aspiration:TomeofQuesting"],"campfire_rested":1,"item_purchase_floors":[0,0,15,15,24,24],"current_hp_per_floor":[76,57,38,38,38,27,8,30,30,30,30,30,14,14,14,14,76,76,76,76,76,76,45,45,21,21,21,21,14,12,0,0],"gold":200,"neow_bonus":"","is_daily":false,"chose_seed":false,"campfire_upgraded":2,"win_rate":0.0,"timestamp":1609541652,"path_taken":["M","?","?","?","M","E","M","R","T","R","?","?","E","M","R","BOSS","M","AVR","M","M","?","E","R","NM","T","R","?","E","?","M"],"items_purchased_type":["Relic","Relic","Relic","Card","Relic","Relic"],"build_version":"2020-12-22","purchased_purges":1,"victory":false,"max_hp_per_floor":[76,76,76,76,76,76,76,76,76,76,76,76,76,76,76,76,76,76,76,76,76,76,76,76,76,76,76,76,76,76,76,76],"card_choices":[{"not_picked":["chefmod:NewMenu","chefmod:Leftovers"],"picked":"chefmod:FireUp","floor":1},{"not_picked":["infinitespire:NeuralNetwork","infinitespire:FinalStrike"],"picked":"infinitespire:FutureSight","floor":3},{"not_picked":["sagemod:Refine+1","Enlightenment+1"],"picked":"sagemod:Perplexing_Glare+1","floor":4},{"not_picked":["chefmod:Chop","chefmod:RisingDough"],"picked":"chefmod:BaoBuns","floor":5},{"not_picked":["chefmod:Escargot","chefmod:OldCookbook"],"picked":"chefmod:TonkotsuRamen","floor":6},{"not_picked":["chefmod:PotatoGratin","chefmod:ZaruSoba"],"picked":"chefmod:Fillet","floor":7},{"not_picked":["chefmod:TwoForOne","chefmod:BaoBuns"],"picked":"chefmod:Flambe","floor":11},{"not_picked":["chefmod:Granita","chefmod:Tenderizer"],"picked":"chefmod:CleanHouse","floor":13},{"not_picked":["chefmod:Chop","chefmod:Fillet"],"picked":"chefmod:FireUp","floor":14},{"not_picked":["chefmod:DeepFreeze","chefmod:DeathByChocolate"],"picked":"chefmod:CapreseSalad","floor":16},{"not_picked":["chefmod:IcePick+1","chefmod:FiveAlarmChili"],"picked":"chefmod:HotSoup","floor":18},{"not_picked":[],"picked":"chefmod:Defrost+1","floor":20},{"not_picked":[],"picked":"chefmod:ColdSteel","floor":21},{"not_picked":[],"picked":"chefmod:FireUp+1","floor":23},{"not_picked":[],"picked":"chefmod:IcePick+1","floor":25},{"not_picked":[],"picked":"chefmod:DinoKale","floor":29},{"not_picked":[],"picked":"chefmod:CuttingBoard","floor":30},{"not_picked":["chefmod:BaoBuns"],"picked":"SKIP","floor":30}],"player_experience":848064,"relics_obtained":[{"floor":6,"key":"infinitespire:WardingShard"},{"floor":9,"key":"Akabeko"},{"floor":13,"key":"Dead Branch"},{"floor":23,"key":"CeramicFish"},{"floor":23,"key":"MealTicket"},{"floor":25,"key":"Pantograph"},{"floor":25,"key":"Prayer Wheel"},{"floor":26,"key":"Blue Candle"},{"floor":29,"key":"Lantern"},{"floor":29,"key":"Bag of Preparation"}],"event_choices":[{"damage_healed":0,"gold_gain":0,"player_choice":"Take Damage","damage_taken":19,"relics_obtained":["Golden Idol"],"max_hp_gain":0,"max_hp_loss":0,"event_name":"Golden Idol","floor":2,"gold_loss":0},{"damage_healed":0,"gold_gain":0,"player_choice":"2","damage_taken":0,"max_hp_gain":0,"max_hp_loss":0,"event_name":"betterMatch:BetterMatch","floor":4,"gold_loss":0,"cards_obtained":["betterMatch:ColorlessUncommonCard"]},{"damage_healed":0,"gold_gain":0,"cards_transformed":["chefmod:Strike"],"player_choice":"Change","damage_taken":0,"max_hp_gain":0,"max_hp_loss":0,"event_name":"Living Wall","floor":12,"gold_loss":0,"cards_obtained":["chefmod:AlooGobi"]},{"cards_removed":["chefmod:CapreseSalad"],"damage_healed":0,"gold_gain":0,"player_choice":"Give","damage_taken":0,"max_hp_gain":0,"max_hp_loss":0,"event_name":"betterNote:BetterNote","floor":22,"gold_loss":0,"cards_obtained":["None"]},{"cards_removed":["chefmod:FreezeSolid"],"damage_healed":0,"gold_gain":0,"player_choice":"Gave Card","damage_taken":0,"relics_obtained":["Centennial Puzzle"],"max_hp_gain":0,"max_hp_loss":0,"event_name":"WeMeetAgain","floor":28,"gold_loss":0}],"is_beta":false,"boss_relics":[{"not_picked":["sagemod:Falmels_Amulet","aspiration:SilentSkillbook"],"picked":"Black Star"}],"items_purged_floors":[0],"is_endless":true,"potions_floor_spawned":[6,7,13,16,20,21,29],"killed_by":"Shelled Parasite and Fungi","ascension_level":1}}