{"host":"1zfbckszmdcrhnfi","time":1609507546,"event":{"mods":["AchievementEnabler","BaseMod","Colored Map","Downfall","Minty Spire (QoL Compilation)","Quick Restart","Shop Mod","StSLib","The Cursed"],"gold_per_floor":[118,137,151,151,162,162,192,211,211,245,245,261,275,275,275,396,396,417,417,88,107,128,128,169,169,169,77,77,120,120,461,461,587,587,612,406,406,421,14,14,32,32,55,55,55,73,88,126,126,126,126],"floor_reached":50,"playtime":1865,"items_purged":["Defend_G","Strike_G","Strike_G"],"score":757,"play_id":"fae30017-3d8e-4397-abad-9f1b0d7ca102","local_time":"20210101212546","is_ascension_mode":true,"campfire_choices":[{"floor":6.0,"key":"RECALL"},{"floor":15.0,"key":"REST"},{"data":"Blade Dance","floor":23.0,"key":"SMITH"},{"floor":25.0,"key":"REST"},{"data":"Accuracy","floor":30.0,"key":"SMITH"},{"data":"Phantasmal Killer","floor":32.0,"key":"SMITH"},{"data":"Finisher","floor":40.0,"key":"SMITH"},{"floor":42.0,"key":"REST"},{"floor":49.0,"key":"REST"}],"circlet_count":0,"master_deck":["Strike_G","Strike_G","Strike_G","Defend_G","Defend_G+1","Defend_G","Defend_G","Survivor","Neutralize","PiercingWail+1","Blade Dance+1","Finisher+1","Blade Dance+1","Accuracy+1","Bullet Time","Outmaneuver+1","Storm of Steel","Expertise+1","Phantasmal Killer+1","Backstab","Accuracy+1","Grand Finale+1","CurseOfTheBell","Backstab","Accuracy+1","Footwork+1","Choke+1","A Thousand Cuts"],"relics":["Ring of the Snake","The Courier","Nunchaku","Golden Idol","WristBlade","PreservedInsect","Pantograph","StrikeDummy","White Beast Statue","FossilizedHelix","Akabeko","Old Coin","Calling Bell","War Paint","Singing Bowl","Prayer Wheel","Vajra","Mercury Hourglass","Lantern","Bag of Marbles","Mummified Hand"],"acts_visited":["Exordium","TheCity","TheBeyond"],"potions_floor_usage":[],"damage_taken":[{"damage":0.0,"enemies":"Jaw Worm","floor":1.0,"turns":3.0},{"damage":0.0,"enemies":"Small Slimes","floor":2.0,"turns":3.0},{"damage":0.0,"enemies":"Cultist","floor":3.0,"turns":4.0},{"damage":0.0,"enemies":"Exordium Wildlife","floor":5.0,"turns":4.0},{"damage":41.0,"enemies":"Lagavulin","floor":7.0,"turns":10.0},{"damage":0.0,"enemies":"Red Slaver","floor":8.0,"turns":2.0},{"damage":31.0,"enemies":"3 Sentries","floor":10.0,"turns":7.0},{"damage":12.0,"enemies":"Lots of Slimes","floor":12.0,"turns":4.0},{"damage":4.0,"enemies":"Large Slime","floor":13.0,"turns":5.0},{"damage":0.0,"enemies":"Slime Boss","floor":16.0,"turns":4.0},{"damage":1.0,"enemies":"3 Byrds","floor":18.0,"turns":5.0},{"damage":0.0,"enemies":"Spheric Guardian","floor":21.0,"turns":2.0},{"damage":9.0,"enemies":"Snake Plant","floor":22.0,"turns":2.0},{"damage":12.0,"enemies":"Book of Stabbing","floor":24.0,"turns":2.0},{"damage":0.0,"enemies":"Gremlin Leader","floor":29.0,"turns":3.0},{"damage":0.0,"enemies":"Book of Stabbing","floor":31.0,"turns":2.0},{"damage":47.0,"enemies":"Champ","floor":33.0,"turns":7.0},{"damage":9.0,"enemies":"3 Darklings","floor":35.0,"turns":4.0},{"damage":6.0,"enemies":"3 Shapes","floor":38.0,"turns":3.0},{"damage":3.0,"enemies":"Writhing Mass","floor":41.0,"turns":3.0},{"damage":20.0,"enemies":"4 Shapes","floor":46.0,"turns":2.0},{"damage":0.0,"enemies":"Jaw Worm Horde","floor":47.0,"turns":1.0},{"damage":0.0,"enemies":"Giant Head","floor":48.0,"turns":1.0},{"damage":153,"enemies":"Awakened One","floor":50,"turns":10}],"seed_played":"-2412719110886648023","potions_obtained":[{"floor":0.0,"key":"FairyPotion"},{"floor":0.0,"key":"CunningPotion"},{"floor":0.0,"key":"Fire Potion"},{"floor":2.0,"key":"Guardian:BlockOnCardUsePotion"},{"floor":3.0,"key":"FairyPotion"},{"floor":10.0,"key":"ColorlessPotion"},{"floor":12.0,"key":"SkillPotion"},{"floor":18.0,"key":"GamblersBrew"},{"floor":22.0,"key":"champ:CounterPotion"},{"floor":29.0,"key":"BlessingOfTheForge"},{"floor":31.0,"key":"hexamod:EctoCoolerPotion"},{"floor":33.0,"key":"LiquidBronze"},{"floor":35.0,"key":"Guardian:BlockOnCardUsePotion"},{"floor":37.0,"key":"FairyPotion"}],"is_trial":false,"path_per_floor":["M","M","M","?","M","R","E","M","T","E","?","M","M","?","R","B",null,"M","?","$","M","M","R","E","R","T","$","T","E","R","E","R","B",null,"M","$","?","M","$","R","M","R","T","$","?","M","M","E","R","B"],"character_chosen":"THE_SILENT","items_purchased":["PreservedInsect","Pantograph","Backstab","Vajra","Mercury Hourglass","Lantern"],"campfire_rested":4,"item_purchase_floors":[20,20,27,36,39,39],"current_hp_per_floor":[70,70,70,70,70,70,29,29,29,20,20,8,4,25,44,44,65,64,64,64,64,55,55,43,62,62,62,62,62,62,62,62,18,65,58,58,58,56,56,56,57,75,75,75,75,55,57,57,77,0,0],"gold":126,"neow_bonus":"THREE_SMALL_POTIONS","is_daily":false,"chose_seed":false,"campfire_upgraded":4,"win_rate":0.0,"timestamp":1609507546,"path_taken":["M","M","M","?","M","R","E","M","T","E","?","M","M","?","R","BOSS","M","?","?","M","M","R","E","R","T","$","?","E","R","E","R","BOSS","M","$","?","?","$","R","M","R","T","?","?","M","M","E","R","BOSS"],"items_purchased_type":["Relic","Relic","Card","Relic","Relic","Relic"],"build_version":"2020-12-22","purchased_purges":3,"victory":false,"max_hp_per_floor":[70,70,70,70,70,70,70,70,70,70,65,65,65,65,65,65,65,65,65,65,65,65,65,65,65,65,65,65,65,65,65,65,65,65,67,67,67,71,71,71,75,75,75,75,75,75,77,77,77,77,77],"card_choices":[{"not_picked":["Acrobatics","Prepared"],"picked":"PiercingWail","floor":1.0},{"not_picked":["Flechettes","Leg Sweep"],"picked":"Outmaneuver","floor":2.0},{"not_picked":["Flying Knee","Deflect"],"picked":"Blade Dance","floor":3.0},{"not_picked":["Slice","Underhanded Strike"],"picked":"Finisher","floor":5.0},{"not_picked":["Tools of the Trade","Deadly Poison","Underhanded Strike"],"picked":"SKIP","floor":7.0},{"not_picked":["Skewer","Sucker Punch"],"picked":"Blade Dance","floor":8.0},{"not_picked":["Quick Slash","Heel Hook","Calculated Gamble"],"picked":"SKIP","floor":10.0},{"not_picked":["Dagger Spray","Crippling Poison","Backflip"],"picked":"SKIP","floor":12.0},{"not_picked":["Quick Slash","Doppelganger"],"picked":"Accuracy","floor":13.0},{"not_picked":["Tools of the Trade","Corpse Explosion"],"picked":"Bullet Time","floor":16.0},{"not_picked":["Flying Knee","Reflex"],"picked":"Outmaneuver+1","floor":18.0},{"not_picked":["Cloak And Dagger","Dagger Throw"],"picked":"Expertise+1","floor":21.0},{"not_picked":["Dash","Backflip","All Out Attack"],"picked":"SKIP","floor":22.0},{"not_picked":["Well Laid Plans","Endless Agony"],"picked":"Phantasmal Killer","floor":24.0},{"not_picked":["Catalyst","Sucker Punch","Predator"],"picked":"SKIP","floor":29.0},{"not_picked":["Prepared+1","Dagger Spray+1"],"picked":"Accuracy+1","floor":31.0},{"not_picked":["Tools of the Trade","Glass Knife"],"picked":"Grand Finale","floor":33.0},{"not_picked":["Cloak And Dagger","Setup+1","Sucker Punch"],"picked":"Singing Bowl","floor":35.0},{"not_picked":["Deadly Poison","Cloak And Dagger"],"picked":"Backstab","floor":35.0},{"not_picked":["Bouncing Flask+1","All Out Attack","Outmaneuver"],"picked":"Singing Bowl","floor":38.0},{"not_picked":["Masterful Stab","Flechettes","Outmaneuver"],"picked":"Singing Bowl","floor":38.0},{"not_picked":["Dagger Spray+1","Bouncing Flask+1","Well Laid Plans+1"],"picked":"Singing Bowl","floor":41.0},{"not_picked":["Deadly Poison+1","Slice","Flying Knee"],"picked":"Singing Bowl","floor":41.0},{"not_picked":["Well Laid Plans","Blade Dance"],"picked":"Accuracy+1","floor":46.0},{"not_picked":["Distraction","Dagger Throw"],"picked":"Footwork+1","floor":46.0},{"not_picked":["Prepared","Blade Dance"],"picked":"Choke+1","floor":47.0},{"not_picked":["Concentrate+1","Bane","PiercingWail"],"picked":"Singing Bowl","floor":47.0},{"not_picked":["Predator+1","Heel Hook+1"],"picked":"A Thousand Cuts","floor":48.0}],"player_experience":191189,"relics_obtained":[{"floor":7.0,"key":"The Courier"},{"floor":10.0,"key":"Nunchaku"},{"floor":24.0,"key":"StrikeDummy"},{"floor":26.0,"key":"White Beast Statue"},{"floor":28.0,"key":"FossilizedHelix"},{"floor":29.0,"key":"Akabeko"},{"floor":31.0,"key":"Old Coin"},{"floor":34.0,"key":"War Paint"},{"floor":34.0,"key":"Singing Bowl"},{"floor":34.0,"key":"Prayer Wheel"},{"floor":43.0,"key":"Bag of Marbles"},{"floor":48.0,"key":"Mummified Hand"}],"event_choices":[{"damage_healed":0.0,"max_hp_gain":0.0,"max_hp_loss":0.0,"gold_gain":0.0,"event_name":"Living Wall","player_choice":"Grow","floor":4.0,"gold_loss":0.0,"damage_taken":0.0,"cards_upgraded":["Blade Dance"]},{"damage_healed":0.0,"max_hp_gain":0.0,"max_hp_loss":5.0,"gold_gain":0.0,"event_name":"Golden Idol","player_choice":"Lose Max HP","floor":11.0,"gold_loss":0.0,"damage_taken":0.0,"relics_obtained":["Golden Idol"]},{"damage_healed":21.0,"max_hp_gain":0.0,"max_hp_loss":0.0,"gold_gain":0.0,"event_name":"Big Fish","player_choice":"Banana","floor":14.0,"gold_loss":0.0,"damage_taken":0.0},{"damage_healed":0.0,"max_hp_gain":0.0,"max_hp_loss":0.0,"gold_gain":0.0,"cards_transformed":["Outmaneuver"],"event_name":"Transmorgrifier","player_choice":"Transformed","floor":19.0,"gold_loss":0.0,"damage_taken":0.0,"cards_obtained":["Storm of Steel"]},{"damage_healed":0.0,"max_hp_gain":0.0,"max_hp_loss":0.0,"gold_gain":0.0,"event_name":"Lab","player_choice":"Got Potions","floor":37.0,"gold_loss":0.0,"damage_taken":0.0},{"damage_healed":0.0,"max_hp_gain":0.0,"max_hp_loss":0.0,"gold_gain":0.0,"event_name":"Upgrade Shrine","player_choice":"Upgraded","floor":45.0,"gold_loss":0.0,"damage_taken":0.0,"cards_upgraded":["Grand Finale"]}],"is_beta":false,"boss_relics":[{"not_picked":["Tiny House","SacredBark"],"picked":"WristBlade"},{"not_picked":["Runic Dome","Sozu"],"picked":"Calling Bell"}],"items_purged_floors":[27,36,39],"is_endless":false,"potions_floor_spawned":[2,3,10,12,18,22,29,31,33,35,38,41,46,47,48],"killed_by":"Awakened One","ascension_level":2}}