{"host":"9n6i2vl93jt4o42q","time":1609536558,"event":{"mods":["BaseMod","Minty Spire (QoL Compilation)","Relic Stats"],"gold_per_floor":[114,114,114,143,9,43,43,72,96,25,25,0,0,0,0,0,0],"floor_reached":16,"playtime":716,"items_purged":["Doubt"],"score":187,"play_id":"866c3f32-76de-453c-812f-c34e041b05c9","local_time":"20210101222918","is_ascension_mode":true,"campfire_choices":[{"floor":7,"key":"REST"},{"data":"True Grit","floor":11,"key":"SMITH"},{"data":"Transmutation","floor":13,"key":"SMITH"},{"data":"Shockwave","floor":15,"key":"SMITH"}],"circlet_count":0,"master_deck":["AscendersBane","Strike_R","Strike_R","Strike_R","Strike_R","Strike_R","Defend_R","Defend_R","Defend_R","Defend_R","Bash","Transmutation+1","Shrug It Off","True Grit+1","Headbutt","Wild Strike","Sentinel","Anger","Shockwave+1"],"relics":["Burning Blood","CeramicFish","Red Skull","Juzu Bracelet"],"acts_visited":["Exordium"],"potions_floor_usage":[6],"damage_taken":[{"damage":3,"enemies":"Cultist","floor":1,"turns":4},{"damage":20,"enemies":"Jaw Worm","floor":4,"turns":8},{"damage":76,"enemies":"Lagavulin","floor":6,"turns":10},{"damage":3,"enemies":"Small Slimes","floor":8,"turns":3},{"damage":35,"enemies":"The Guardian","floor":16,"turns":9}],"seed_played":"2339738597849905216","potions_obtained":[{"floor":4,"key":"BloodPotion"}],"is_trial":false,"path_per_floor":["M","T","?","M","$","E","R","M","T","$","R","?","R","$","R","B"],"character_chosen":"IRONCLAD","items_purchased":["Headbutt","Wild Strike","Shockwave"],"campfire_rested":1,"item_purchase_floors":[5,5,10],"current_hp_per_floor":[71,71,76,62,62,8,32,35,35,35,35,35,35,35,35,0,0],"gold":0,"neow_bonus":"RANDOM_COLORLESS_2","is_daily":false,"chose_seed":false,"campfire_upgraded":3,"win_rate":0.0,"timestamp":1609536558,"path_taken":["M","?","?","M","$","E","R","M","T","$","R","?","R","?","R","BOSS"],"items_purchased_type":["Card","Card","Card"],"build_version":"2020-12-22","purchased_purges":1,"victory":false,"max_hp_per_floor":[75,75,80,80,80,80,80,80,80,80,80,80,80,80,80,80,80],"relic_stats":{"counters":[5,34],"CeramicFish":54,"Juzu Bracelet":0,"obtain_stats":[{"CeramicFish":2,"Juzu Bracelet":9,"Burning Blood":0,"Red Skull":6},{"CeramicFish":1,"Juzu Bracelet":4,"Burning Blood":0,"Red Skull":3},{"CeramicFish":4,"Juzu Bracelet":25,"Burning Blood":0,"Red Skull":22}],"Burning Blood":24},"card_choices":[{"not_picked":["Mayhem","Metamorphosis"],"picked":"Transmutation","floor":0},{"not_picked":["Warcry","Rage"],"picked":"Shrug It Off","floor":1},{"not_picked":["Heavy Blade","Headbutt"],"picked":"True Grit","floor":4},{"not_picked":["Wild Strike","Brutality"],"picked":"Sentinel","floor":6},{"not_picked":["True Grit","Perfected Strike"],"picked":"Anger","floor":8}],"player_experience":2038135,"relics_obtained":[{"floor":2,"key":"CeramicFish"},{"floor":6,"key":"Red Skull"},{"floor":9,"key":"Juzu Bracelet"}],"event_choices":[{"damage_healed":0,"gold_gain":0,"player_choice":"Donut","damage_taken":0,"max_hp_gain":5,"max_hp_loss":0,"event_name":"Big Fish","floor":3,"gold_loss":0},{"damage_healed":0,"gold_gain":0,"player_choice":"Left Gold","damage_taken":0,"max_hp_gain":0,"max_hp_loss":0,"event_name":"World of Goop","floor":12,"gold_loss":25}],"is_beta":false,"boss_relics":[],"items_purged_floors":[5],"is_endless":false,"potions_floor_spawned":[4],"killed_by":"The Guardian","ascension_level":19}}