{"host":"2lvuisjyit3p3u01","time":1609505668,"event":{"mods":["Act Like it!","BaseMod","Bestiary","Better Synergies","CapriCore","Colored Map","Colored Powertips","Duelist Mod","GifTheSpireLib","Minty Spire (QoL Compilation)","Quick Restart","Replay The Spire","StSLib"],"gold_per_floor":[139,139,149,165,185,185,360,380,426,376,388,465,465,481,481,585,585,604,8,8,24,38,38,71,71,94,193,213,230,230,230,260,356,356,366,366,377,36,51,51,51,51],"floor_reached":41,"playtime":1782,"items_purged":["theDuelist:Sparks","theDuelist:InfernityDoomDragon"],"score":430,"play_id":"b70e481f-455b-4935-8975-9f3951c3c57b","local_time":"20210101145428","is_ascension_mode":false,"campfire_choices":[{"data":"theDuelist:BlueEyesUltimate","floor":6.0,"key":"SMITH"},{"data":"theDuelist:YamataDragon","floor":13.0,"key":"SMITH"},{"data":"theDuelist:MirageDragon","floor":15.0,"key":"SMITH"},{"data":"theDuelist:WaterDragon","floor":23,"key":"SMITH"},{"floor":40,"key":"REST"}],"circlet_count":0,"master_deck":["theDuelist:BabyDragon","theDuelist:CaveDragon","theDuelist:CaveDragon+1","theDuelist:LesserDragon","theDuelist:LesserDragon","theDuelist:YamataDragon+1","theDuelist:DefenseDraw","theDuelist:CaveDragon","theDuelist:BlueEyesUltimate+1","theDuelist:Earthquake","theDuelist:MirageDragon+1","theDuelist:WaterDragon+1","theDuelist:BlacklandFireDragon","theDuelist:DefenseZone","theDuelist:HymnOfLight+1","theDuelist:CoralDragon","theDuelist:CoralDragon","theDuelist:StardustDragon","theDuelist:DarkstormDragon","theDuelist:SeismicShockwave+1","theDuelist:TwinBarrelDragon","theDuelist:BusterDrake"],"relics":["theDuelist:MillenniumPuzzle","theDuelist:CardPoolRelic","theDuelist:CardPoolBasicRelic","theDuelist:BoosterPackPoolRelic","theDuelist:CardPoolAddRelic","theDuelist:CardPoolMinusRelic","theDuelist:CardPoolSaveRelic","theDuelist:CardPoolOptionsRelic","Bag of Preparation","Kunai","Replay:Bronze Core","Replay:Byrd Feeder","theDuelist:AkhenamkhanenSceptre","theDuelist:MillenniumRing","Snake Skull","theDuelist:MetronomeRelicD","Ring of Chaos","BargainBundle","Gremlin Food"],"acts_visited":["Exordium","TheCity","TheBeyond"],"potions_floor_usage":[24,24,33,33,33,39,39,39,41],"damage_taken":[{"damage":3.0,"enemies":"Jaw Worm","floor":1.0,"turns":2.0},{"damage":0.0,"enemies":"Cultist","floor":3.0,"turns":2.0},{"damage":0.0,"enemies":"2 Louse","floor":4.0,"turns":3.0},{"damage":0.0,"enemies":"Looter","floor":5.0,"turns":3.0},{"damage":0.0,"enemies":"2 Fungi Beasts","floor":8.0,"turns":5.0},{"damage":0.0,"enemies":"Red Slaver","floor":11.0,"turns":4.0},{"damage":1.0,"enemies":"Blue Slaver","floor":14.0,"turns":3.0},{"damage":16.0,"enemies":"Slime Boss","floor":16.0,"turns":6.0},{"damage":0.0,"enemies":"Spheric Guardian","floor":18.0,"turns":3.0},{"damage":10.0,"enemies":"2 Thieves","floor":21.0,"turns":3.0},{"damage":11,"enemies":"Centurion and Healer","floor":22,"turns":3},{"damage":3,"enemies":"Slavers","floor":24,"turns":4},{"damage":0,"enemies":"Snecko","floor":28,"turns":3},{"damage":0,"enemies":"Shelled Parasite and Fungi","floor":29,"turns":4},{"damage":2,"enemies":"Automaton","floor":33,"turns":6},{"damage":21,"enemies":"3 Darklings","floor":35,"turns":8},{"damage":12,"enemies":"Orb Walker","floor":37,"turns":4},{"damage":26,"enemies":"Spire Growth","floor":39,"turns":5},{"damage":23,"enemies":"Reptomancer","floor":41,"turns":2}],"seed_played":"-2578046516458844083","potions_obtained":[{"floor":5.0,"key":"theDuelist:GiftPotion"},{"floor":8.0,"key":"theDuelist:SealedPackB"},{"floor":16.0,"key":"LiquidBronze"},{"floor":18.0,"key":"BlessingOfTheForge"},{"floor":21.0,"key":"FearPotion"},{"floor":22,"key":"theDuelist:FireBottle"},{"floor":32,"key":"LiquidBronze"},{"floor":32,"key":"Adrenaline Potion"},{"floor":32,"key":"SkillPotion"},{"floor":37,"key":"PowerPotion"},{"floor":39,"key":"theDuelist:BottledKuriboh"}],"is_trial":false,"path_per_floor":["M","?","M","M","M","R","?","M","T","?","M","T","R","M","R","B",null,"M","$","?","M","M","R","E","?","T","?","M","M","T","?","R_BF","B",null,"M","?","M","$","M","R","E"],"character_chosen":"THE_DUELIST","items_purchased":["Replay:Byrd Feeder","theDuelist:BlacklandFireDragon","theDuelist:AkhenamkhanenSceptre","BargainBundle","Gremlin Food","theDuelist:TwinBarrelDragon","theDuelist:StunPotion","Block Potion"],"campfire_rested":1,"item_purchase_floors":[19,19,19,38,38,38,38,38],"current_hp_per_floor":[77,77,77,77,77,77,77,77,77,77,80,80,80,79,79,74,80,80,62,62,52,41,41,38,38,38,38,38,38,38,58,34,32,62,41,41,29,29,3,21,0,0],"gold":51,"neow_bonus":"REMOVE_CARD","is_daily":false,"chose_seed":false,"campfire_upgraded":4,"win_rate":0.0,"timestamp":1609505668,"path_taken":["M","?","?","M","?","R","?","M","T","?","M","?","R","M","R","BOSS","M","$","?","?","M","R","E","?","T","?","M","M","?","?","R_BF","BOSS","M","?","?","$","M","R","E"],"items_purchased_type":["Relic","Card","Relic","Relic","Relic","Card","Potion","Potion"],"build_version":"2020-12-22","purchased_purges":2,"victory":false,"max_hp_per_floor":[80,80,80,80,80,80,80,80,80,80,80,80,80,80,80,80,80,80,62,62,62,62,62,62,62,62,62,62,62,62,62,62,62,62,62,62,62,62,62,62,62,62],"card_choices":[{"not_picked":["theDuelist:CyberValley","theDuelist:BusterDrake","theDuelist:DefenseZone","theDuelist:BlackBrutdrago"],"picked":"theDuelist:DefenseDraw","floor":1.0},{"not_picked":["theDuelist:Hydrogeddon","theDuelist:CyberValley","theDuelist:RedRisingDragon","theDuelist:RedHeadedOni"],"picked":"theDuelist:CaveDragon","floor":3.0},{"not_picked":["theDuelist:RainbowOverdragon","theDuelist:GreenGraveOni","theDuelist:MagicalStone","theDuelist:PreventRat"],"picked":"theDuelist:DianKeto","floor":4.0},{"not_picked":["theDuelist:Sabersaurus","theDuelist:InfernityDoomDragon"],"picked":"theDuelist:BlueEyesUltimate","floor":5.0},{"not_picked":["theDuelist:BattleguardKing","theDuelist:PurplePainOni","theDuelist:FeatherPho","theDuelist:GreenGraveOni"],"picked":"theDuelist:GreyGreedOni","floor":8.0},{"not_picked":["theDuelist:Dracocension","theDuelist:DragonTreasure","theDuelist:DragonRavine","theDuelist:EyeTimaeus"],"picked":"theDuelist:Earthquake","floor":11.0},{"not_picked":["theDuelist:AquaDolphin","theDuelist:HazyFlameHydra","theDuelist:AncientPixieDragon","theDuelist:BlackVeloci"],"picked":"theDuelist:MirageDragon","floor":14.0},{"not_picked":["theDuelist:StardustDragon","theDuelist:SeismicShockwave","theDuelist:BusterBladerDDS","theDuelist:ArmageddonDragonEmp"],"picked":"theDuelist:WaterDragon","floor":16.0},{"not_picked":["theDuelist:GalaxyTyranno","theDuelist:Frostosaurus","theDuelist:DarkDriceratops+1","theDuelist:BlackStego","theDuelist:BlackBrachios"],"picked":"SKIP","floor":18.0},{"not_picked":["Apotheosis","Forethought","Jack Of All Trades","Sadistic Nature"],"picked":"SKIP","floor":21.0},{"not_picked":["theDuelist:MegafleetDragon","theDuelist:DragonPiper","theDuelist:ClawHermos","theDuelist:BlackVeloci"],"picked":"theDuelist:HymnOfLight+1","floor":22},{"not_picked":["theDuelist:BlackStego","theDuelist:BackupSoldier","theDuelist:EvolutionBurst","theDuelist:DreadnoughtDreadnoid"],"picked":"theDuelist:CoralDragon","floor":24},{"not_picked":["theDuelist:MaskedDragon+1","theDuelist:Earthquake","theDuelist:AncientPixieDragon","theDuelist:CyberneticRevolution"],"picked":"theDuelist:CoralDragon","floor":28},{"not_picked":["theDuelist:TwinBarrelDragon","theDuelist:MaskedDragon","theDuelist:Earthquake+1","theDuelist:BlackStego","theDuelist:YamataDragon"],"picked":"SKIP","floor":29},{"not_picked":["theDuelist:WhiteNightDragon","theDuelist:TwinHeadedBehemoth"],"picked":"theDuelist:InfernityDoomDragon","floor":32},{"not_picked":["theDuelist:WaterDragon","theDuelist:FiveHeaded+1","theDuelist:DoomkaiserDragon","theDuelist:BlueDuston"],"picked":"theDuelist:StardustDragon","floor":33},{"not_picked":["theDuelist:DarkHorus+1","theDuelist:CyberDragonVier","theDuelist:LavaDragon+1","theDuelist:Pyrorex+1"],"picked":"theDuelist:DarkstormDragon","floor":35},{"not_picked":["theDuelist:SliferSky+1","theDuelist:Lancephorhynchus"],"picked":"theDuelist:SeismicShockwave+1","floor":37},{"not_picked":["theDuelist:Kabazauls+1","theDuelist:SphereChaos","theDuelist:FrostflameDragon","theDuelist:VolcanicEruption+1"],"picked":"theDuelist:BusterDrake","floor":39}],"player_experience":229300,"relics_obtained":[{"floor":9.0,"key":"Bag of Preparation"},{"floor":12.0,"key":"Kunai"},{"floor":24,"key":"theDuelist:MillenniumRing"},{"floor":26,"key":"Snake Skull"},{"floor":30,"key":"theDuelist:MetronomeRelicD"}],"event_choices":[{"cards_removed":["theDuelist:CastleWalls"],"damage_healed":0.0,"max_hp_gain":0.0,"max_hp_loss":0.0,"gold_gain":0.0,"event_name":"Purifier","player_choice":"Purged","floor":2.0,"gold_loss":0.0,"damage_taken":0.0},{"damage_healed":0.0,"max_hp_gain":0.0,"max_hp_loss":0.0,"gold_gain":175.0,"event_name":"Liars Game","player_choice":"AGREE","floor":7.0,"gold_loss":0.0,"damage_taken":0.0,"cards_obtained":["Doubt"]},{"cards_removed":["Doubt"],"damage_healed":0.0,"max_hp_gain":0.0,"max_hp_loss":0.0,"gold_gain":0.0,"event_name":"The Cleric","player_choice":"Card Removal","floor":10.0,"gold_loss":50.0,"damage_taken":0.0},{"damage_healed":0.0,"max_hp_gain":0.0,"max_hp_loss":0.0,"gold_gain":0.0,"cards_transformed":["theDuelist:GreyGreedOni"],"event_name":"Transmorgrifier","player_choice":"Transformed","floor":20.0,"gold_loss":0.0,"damage_taken":0.0,"cards_obtained":["theDuelist:DefenseZone"]},{"damage_healed":0,"gold_gain":0,"player_choice":"Leave","duelist":true,"damage_taken":0,"max_hp_gain":0,"max_hp_loss":0,"event_name":"Relic Duplicator","floor":25,"gold_loss":0},{"damage_healed":0,"gold_gain":99,"player_choice":"Stole From Cult","damage_taken":0,"max_hp_gain":0,"max_hp_loss":0,"event_name":"Nest","floor":27,"gold_loss":0},{"damage_healed":20,"gold_gain":0,"player_choice":"Heal","damage_taken":0,"max_hp_gain":0,"max_hp_loss":0,"event_name":"The Library","floor":31,"gold_loss":0},{"damage_healed":0,"gold_gain":0,"player_choice":"Ignored","damage_taken":0,"max_hp_gain":0,"max_hp_loss":0,"event_name":"Transmorgrifier","floor":36,"gold_loss":0}],"is_beta":false,"boss_relics":[{"not_picked":["Empty Cage","Snecko Eye"],"picked":"Replay:Bronze Core"},{"not_picked":["Inserter","Abe\u0027s Treasure"],"picked":"Ring of Chaos"}],"items_purged_floors":[19,38],"is_endless":false,"potions_floor_spawned":[5,8,16,18,21,22,37,39],"killed_by":"Reptomancer","ascension_level":0}}