{"host":"sc0o2qwpf9j16a4i","time":1609522150,"event":{"mods":["AchievementEnabler","BaseMod","BetterRewards","Block Reminder","Colored Map","Colored Powertips","Custom Start","Highlight Path","Minty Spire (QoL Compilation)","Relic Stats"],"gold_per_floor":[15,26,45,120,120,120,146,146,173,173,173,207,207,219,219,291,291,311,586,71,91,11,38,38,38,64,84,104,104,136,147,147,220,220,237,237,284,300,35,35,35],"floor_reached":40,"playtime":1223,"items_purged":["Regret","Strike_P"],"score":939,"play_id":"68045c4e-6482-4e02-b327-526c2bab9329","local_time":"20210101192910","is_ascension_mode":true,"campfire_choices":[{"floor":6.0,"key":"REST"},{"floor":8.0,"key":"REST"},{"floor":15,"key":"REST"},{"floor":25,"key":"REST"},{"floor":32,"key":"REST"}],"circlet_count":0,"master_deck":["AscendersBane","Strike_P","Strike_P","Strike_P","Defend_P","Defend_P+1","Defend_P","Defend_P+1","Eruption","Vigilance","SpiritShield+1","SashWhip+1","Meditate+1","Tantrum+1","Establishment","WindmillStrike","Consecrate","Ragnarok","CarveReality","FearNoEvil","Swivel+1","Necronomicurse","ClearTheMind+1","Swivel+1","LessonLearned","Protect+1"],"relics":["PureWater","Oddly Smooth Stone","War Paint","White Beast Statue","Bag of Marbles","The Courier","Snecko Eye","Toxic Egg 2","HornCleat","Bottled Lightning","Necronomicon","PreservedInsect","Kunai","Busted Crown","Dead Branch","TeardropLocket"],"acts_visited":["Exordium","TheCity","TheBeyond"],"potions_floor_usage":[12,16,28,30,37,37,40,40],"damage_taken":[{"damage":0.0,"enemies":"Jaw Worm","floor":1.0,"turns":3.0},{"damage":1.0,"enemies":"Small Slimes","floor":2.0,"turns":3.0},{"damage":0.0,"enemies":"2 Louse","floor":3.0,"turns":4.0},{"damage":11.0,"enemies":"Gremlin Nob","floor":7.0,"turns":3.0},{"damage":32,"enemies":"3 Sentries","floor":12,"turns":7},{"damage":1,"enemies":"Looter","floor":14,"turns":3},{"damage":19,"enemies":"Slime Boss","floor":16,"turns":6},{"damage":0,"enemies":"Chosen","floor":18,"turns":2},{"damage":0,"enemies":"2 Thieves","floor":21,"turns":4},{"damage":0,"enemies":"Gremlin Leader","floor":23,"turns":3},{"damage":0,"enemies":"Centurion and Healer","floor":27,"turns":3},{"damage":12,"enemies":"Snake Plant","floor":28,"turns":4},{"damage":20,"enemies":"Slavers","floor":30,"turns":2},{"damage":0,"enemies":"3 Cultists","floor":31,"turns":3},{"damage":20,"enemies":"Collector","floor":33,"turns":6},{"damage":3,"enemies":"3 Darklings","floor":35,"turns":4},{"damage":18,"enemies":"2 Orb Walkers","floor":37,"turns":3},{"damage":11,"enemies":"3 Shapes","floor":38,"turns":9},{"damage":44,"enemies":"Reptomancer","floor":40,"turns":3}],"seed_played":"5089395912845490556","potions_obtained":[{"floor":7.0,"key":"Swift Potion"},{"floor":12,"key":"Weak Potion"},{"floor":14,"key":"GamblersBrew"},{"floor":16,"key":"Weak Potion"},{"floor":18,"key":"Explosive Potion"},{"floor":23,"key":"PowerPotion"},{"floor":28,"key":"DistilledChaos"},{"floor":30,"key":"AttackPotion"},{"floor":35,"key":"StancePotion"},{"floor":37,"key":"PowerPotion"},{"floor":38,"key":"SkillPotion"}],"is_trial":false,"path_per_floor":["M","M","M","?","?","R","E","R","T","?","?","E","T","M","R","B",null,"M","?","$","M","$","E","?","R","T","M","M","?","E","M","R","B",null,"M","?","?","M","$","E"],"character_chosen":"WATCHER","items_purchased":["Toxic Egg 2","HornCleat","TeardropLocket","Protect+1"],"campfire_rested":5,"item_purchase_floors":[20,20,39,39],"current_hp_per_floor":[61,60,60,49,29,49,38,58,58,40,40,8,8,7,27,8,53,53,53,53,53,53,53,32,52,52,52,40,40,20,20,40,20,56,53,53,35,24,24,0,0],"gold":35,"neow_bonus":"THREE_RARE_CARDS","is_daily":false,"chose_seed":false,"campfire_upgraded":0,"win_rate":0.0,"timestamp":1609522150,"path_taken":["M","M","M","?","?","R","E","R","T","?","?","E","?","?","R","BOSS","M","?","$","?","$","E","?","R","T","M","M","?","E","M","R","BOSS","M","?","?","M","?","E"],"items_purchased_type":["Relic","Relic","Relic","Card"],"build_version":"2020-12-22","purchased_purges":2,"victory":false,"max_hp_per_floor":[68,68,68,68,68,68,68,68,68,68,68,68,68,68,68,68,68,68,68,68,68,68,68,68,68,68,68,68,68,68,68,68,68,68,68,65,65,65,65,65,65],"relic_stats":{"Busted Crown":6,"counters":[19,75],"Dead Branch":[10],"Snecko Eye":[72,79,70,73],"PreservedInsect":116,"Necronomicon":[17],"Kunai":[12],"War Paint":["SpiritShield","Defend_P"],"obtain_stats":[{"Dead Branch":37,"Oddly Smooth Stone":7,"The Courier":13,"PreservedInsect":26,"TeardropLocket":39,"War Paint":9,"White Beast Statue":10,"HornCleat":20,"Busted Crown":34,"Snecko Eye":17,"Bag of Marbles":12,"Necronomicon":24,"Bottled Lightning":23,"Kunai":30,"PureWater":0,"Toxic Egg 2":20},{"Dead Branch":17,"Oddly Smooth Stone":4,"The Courier":5,"PreservedInsect":10,"TeardropLocket":18,"War Paint":4,"White Beast Statue":4,"HornCleat":8,"Busted Crown":15,"Snecko Eye":7,"Bag of Marbles":5,"Necronomicon":10,"Bottled Lightning":10,"Kunai":13,"PureWater":0,"Toxic Egg 2":8},{"Dead Branch":63,"Oddly Smooth Stone":13,"The Courier":20,"PreservedInsect":38,"TeardropLocket":72,"War Paint":13,"White Beast Statue":13,"HornCleat":31,"Busted Crown":56,"Snecko Eye":29,"Bag of Marbles":20,"Necronomicon":38,"Bottled Lightning":38,"Kunai":47,"PureWater":0,"Toxic Egg 2":31}]},"card_choices":[{"not_picked":["ConjureBlade","Brilliance"],"picked":"SpiritShield","floor":0.0},{"not_picked":["ThirdEye","DeceiveReality"],"picked":"SashWhip","floor":1.0},{"not_picked":["Halt","WaveOfTheHand"],"picked":"Meditate","floor":2.0},{"not_picked":["Study","SandsOfTime"],"picked":"Tantrum","floor":3.0},{"not_picked":["Consecrate","EmptyMind"],"picked":"Establishment","floor":7.0},{"not_picked":["ThirdEye","Evaluate"],"picked":"WindmillStrike","floor":12},{"not_picked":["Crescendo","FollowUp"],"picked":"Consecrate","floor":14},{"not_picked":["DevaForm","Devotion"],"picked":"Ragnarok","floor":16},{"not_picked":["SashWhip","Fasting2+1"],"picked":"CarveReality","floor":18},{"not_picked":["BowlingBash+1","CrushJoints"],"picked":"FearNoEvil","floor":21},{"not_picked":["SashWhip","PathToVictory+1"],"picked":"Swivel+1","floor":23},{"not_picked":["JustLucky","CrushJoints","Halt+1"],"picked":"SKIP","floor":27},{"not_picked":["FollowUp","Consecrate"],"picked":"ClearTheMind+1","floor":28},{"not_picked":["Study","Prostrate+1"],"picked":"Swivel+1","floor":30},{"not_picked":["Halt+1","DeceiveReality+1","FollowUp+1"],"picked":"SKIP","floor":31},{"not_picked":["DeusExMachina+1","Devotion"],"picked":"LessonLearned","floor":33},{"not_picked":["Halt+1"],"picked":"SKIP","floor":35},{"not_picked":["FlyingSleeves"],"picked":"SKIP","floor":38}],"player_experience":484003,"relics_obtained":[{"floor":7.0,"key":"Oddly Smooth Stone"},{"floor":9.0,"key":"War Paint"},{"floor":12,"key":"Bag of Marbles"},{"floor":13,"key":"The Courier"},{"floor":23,"key":"Bottled Lightning"},{"floor":24,"key":"Necronomicon"},{"floor":26,"key":"PreservedInsect"},{"floor":30,"key":"Kunai"},{"floor":37,"key":"Dead Branch"}],"event_choices":[{"damage_healed":0.0,"max_hp_gain":0.0,"max_hp_loss":0.0,"gold_gain":75.0,"event_name":"World of Goop","player_choice":"Gather Gold","floor":4.0,"gold_loss":0.0,"damage_taken":11.0},{"damage_healed":0.0,"max_hp_gain":0.0,"max_hp_loss":0.0,"gold_gain":0.0,"event_name":"Shining Light","player_choice":"Entered Light","floor":5.0,"gold_loss":0.0,"damage_taken":20.0,"cards_upgraded":["Defend_P","Meditate"]},{"damage_healed":0.0,"max_hp_gain":0.0,"max_hp_loss":0.0,"gold_gain":0.0,"event_name":"Scrap Ooze","player_choice":"Success","floor":10.0,"gold_loss":0.0,"damage_taken":18.0,"relics_obtained":["White Beast Statue"]},{"damage_healed":0.0,"max_hp_gain":0.0,"max_hp_loss":0.0,"gold_gain":0.0,"event_name":"Living Wall","player_choice":"Grow","floor":11.0,"gold_loss":0.0,"damage_taken":0.0,"cards_upgraded":["SashWhip"]},{"damage_healed":0,"gold_gain":275,"player_choice":"Desecrate","damage_taken":0,"max_hp_gain":0,"max_hp_loss":0,"event_name":"Golden Shrine","floor":19,"gold_loss":0,"cards_obtained":["Regret"]},{"damage_healed":0,"gold_gain":0,"player_choice":"Obtained Book","damage_taken":21,"max_hp_gain":0,"max_hp_loss":0,"event_name":"Cursed Tome","floor":24,"gold_loss":0},{"damage_healed":0,"gold_gain":0,"player_choice":"Ignored","damage_taken":0,"max_hp_gain":0,"max_hp_loss":0,"event_name":"The Mausoleum","floor":29,"gold_loss":0},{"damage_healed":0,"gold_gain":0,"player_choice":"Max HP","damage_taken":0,"max_hp_gain":0,"max_hp_loss":3,"event_name":"Winding Halls","floor":36,"gold_loss":0},{"damage_healed":0,"gold_gain":0,"player_choice":"Fight","damage_taken":0,"max_hp_gain":0,"max_hp_loss":0,"event_name":"Mysterious Sphere","floor":37,"gold_loss":0}],"is_beta":false,"boss_relics":[{"not_picked":["Ectoplasm","SacredBark"],"picked":"Snecko Eye"},{"not_picked":["HolyWater","Black Star"],"picked":"Busted Crown"}],"items_purged_floors":[20,22],"is_endless":false,"potions_floor_spawned":[7,12,14,16,18,21,23,27,28,30,31,33,35,37,38],"killed_by":"Reptomancer","ascension_level":20}}