{"host":"sabve5zmqufxyc5o","time":1609496990,"event":{"mods":["2.2 Compatiblity","AchievementEnabler","Act Like it!","BaseMod","Block Reminder","Colored Map","Colored Powertips","DeckTracker","KOR Keyword Fix","Keyboard Shortcuts","Minty Spire (QoL Compilation)","Quick Restart","Rare Cards Sparkle","Relic Stats","StSLib","SuperFastMode"],"gold_per_floor":[116,132,147,163,0,0,27,27,104,104,116,126,142,175,175,249,249,261,273,287,287,212,212,212],"floor_reached":23,"playtime":481,"items_purged":[],"score":410,"play_id":"72eba2ed-e01b-4d71-96db-7d03cb3dad49","local_time":"20210101192950","is_ascension_mode":true,"campfire_choices":[{"data":"Chill","floor":6.0,"key":"SMITH"},{"floor":8.0,"key":"REST"},{"data":"Coolheaded","floor":10.0,"key":"SMITH"},{"data":"Coolheaded","floor":15.0,"key":"SMITH"}],"circlet_count":0,"master_deck":["AscendersBane","Strike_B","Strike_B","Strike_B","Defend_B","Defend_B","Defend_B","Defend_B","Zap+1","Dualcast","Gash","Chill+1","Gash","All For One","Reboot","Coolheaded+1","Cold Snap","Compile Driver","Hologram","Coolheaded+1","Ball Lightning","Scrape","Beam Cell","Echo Form","Stack","Buffer","Conserve Battery","Cold Snap","Undo","Streamline","Necronomicurse"],"relics":["Cracked Core","Prayer Wheel","Cables","Ancient Tea Set","Cursed Key","Necronomicon"],"acts_visited":["Exordium","TheCity"],"potions_floor_usage":[23,23],"damage_taken":[{"damage":0.0,"enemies":"Cultist","floor":1.0,"turns":3.0},{"damage":0.0,"enemies":"2 Louse","floor":2.0,"turns":2.0},{"damage":7.0,"enemies":"Jaw Worm","floor":3.0,"turns":3.0},{"damage":0.0,"enemies":"Exordium Wildlife","floor":4.0,"turns":3.0},{"damage":19.0,"enemies":"3 Sentries","floor":7.0,"turns":7.0},{"damage":14.0,"enemies":"Large Slime","floor":11.0,"turns":6.0},{"damage":3.0,"enemies":"3 Louse","floor":12.0,"turns":3.0},{"damage":7.0,"enemies":"Exordium Wildlife","floor":13.0,"turns":3.0},{"damage":16.0,"enemies":"Gremlin Nob","floor":14.0,"turns":4.0},{"damage":4.0,"enemies":"Hexaghost","floor":16.0,"turns":7.0},{"damage":0.0,"enemies":"Chosen","floor":18.0,"turns":3.0},{"damage":10.0,"enemies":"3 Byrds","floor":19.0,"turns":5.0},{"damage":6.0,"enemies":"Shelled Parasite and Fungi","floor":20.0,"turns":5.0},{"damage":21,"enemies":"Slavers","floor":23,"turns":5}],"seed_played":"5012445581977808613","potions_obtained":[{"floor":4.0,"key":"SteroidPotion"},{"floor":7.0,"key":"Regen Potion"},{"floor":14.0,"key":"BlessingOfTheForge"},{"floor":18.0,"key":"FocusPotion"},{"floor":19.0,"key":"Regen Potion"}],"is_trial":false,"path_per_floor":["M","M","M","M","$","R","E","R","T","R","M","M","M","E","R","B",null,"M","M","M","?","?","E"],"character_chosen":"DEFECT","items_purchased":["Reboot"],"campfire_rested":1,"item_purchase_floors":[5],"current_hp_per_floor":[64,64,57,57,57,57,38,59,59,59,45,42,35,31,31,27,60,60,50,44,23,23,16,16],"gold":212,"neow_bonus":"UPGRADE_CARD","is_daily":false,"chose_seed":false,"campfire_upgraded":3,"win_rate":0.0,"timestamp":1609496990,"path_taken":["M","M","M","M","$","R","E","R","T","R","M","M","M","E","R","BOSS","M","?","M","?","?","E"],"items_purchased_type":["Card"],"build_version":"2020-12-22","purchased_purges":0,"victory":false,"max_hp_per_floor":[71,71,71,71,71,71,71,71,71,71,71,71,71,71,71,71,71,71,71,71,71,71,71,71],"relic_stats":{"counters":[14,59],"Prayer Wheel":6,"Necronomicon":[0],"Cursed Key":0,"obtain_stats":[{"Prayer Wheel":7,"Necronomicon":21,"Cracked Core":0,"Ancient Tea Set":14,"Cursed Key":17,"Cables":9},{"Prayer Wheel":5,"Necronomicon":13,"Cracked Core":0,"Ancient Tea Set":9,"Cursed Key":10,"Cables":5},{"Prayer Wheel":18,"Necronomicon":54,"Cracked Core":0,"Ancient Tea Set":34,"Cursed Key":41,"Cables":18}],"Cables":[35,12,23,0,0]},"card_choices":[{"not_picked":["Coolheaded","Redo"],"picked":"Gash","floor":1.0},{"not_picked":["Sunder","Scrape"],"picked":"Chill","floor":2.0},{"not_picked":["Barrage","Redo"],"picked":"Gash","floor":3.0},{"not_picked":["Streamline","Force Field"],"picked":"All For One","floor":4.0},{"not_picked":["Scrape","Barrage"],"picked":"Coolheaded","floor":7.0},{"not_picked":["Stack","Go for the Eyes"],"picked":"Cold Snap","floor":11.0},{"not_picked":["Redo","Barrage"],"picked":"Compile Driver","floor":11.0},{"not_picked":["Reprogram","Stack"],"picked":"Hologram","floor":12.0},{"not_picked":["Sunder","Chill"],"picked":"Coolheaded","floor":12.0},{"not_picked":["Barrage","Leap"],"picked":"Ball Lightning","floor":13.0},{"not_picked":["Leap","Doom and Gloom"],"picked":"Scrape","floor":13.0},{"not_picked":["Gash","Rainbow"],"picked":"Beam Cell","floor":14.0},{"not_picked":["Thunder Strike","Core Surge"],"picked":"Echo Form","floor":16.0},{"not_picked":["Tempest+1","Leap+1"],"picked":"Stack","floor":18.0},{"not_picked":["Compile Driver","Tempest"],"picked":"Buffer","floor":18.0},{"not_picked":["Double Energy","Steam"],"picked":"Conserve Battery","floor":19.0},{"not_picked":["Steam+1","Storm"],"picked":"Cold Snap","floor":19.0},{"not_picked":["Ball Lightning","Gash"],"picked":"Undo","floor":20.0},{"not_picked":["Coolheaded","Fission"],"picked":"Streamline","floor":20.0}],"player_experience":816227,"relics_obtained":[{"floor":7.0,"key":"Prayer Wheel"},{"floor":9.0,"key":"Cables"},{"floor":14.0,"key":"Ancient Tea Set"},{"floor":21.0,"key":"Necronomicon"}],"event_choices":[{"damage_healed":0.0,"max_hp_gain":0.0,"max_hp_loss":0.0,"gold_gain":0.0,"event_name":"Cursed Tome","player_choice":"Obtained Book","floor":21.0,"gold_loss":0.0,"damage_taken":21.0},{"cards_removed":["Strike_B"],"damage_healed":0.0,"max_hp_gain":0.0,"max_hp_loss":0.0,"gold_gain":0.0,"event_name":"Beggar","player_choice":"Gave Gold","floor":22.0,"gold_loss":75.0,"damage_taken":0.0}],"is_beta":false,"boss_relics":[{"not_picked":["Calling Bell","Inserter"],"picked":"Cursed Key"}],"items_purged_floors":[],"is_endless":false,"potions_floor_spawned":[4,7,12,14,18,19],"killed_by":"Slavers","ascension_level":20}}