{"host":"y6s8mw1hb3jg98nz","time":1609530161,"event":{"mods":["Aspiration","BaseMod","Better Match","Better Note","Better Third Choice","BetterRewards","Colored Map","Colored Powertips","Googly Eyes","Halation","Minty Spire (QoL Compilation)","Quick Restart","Rare Cards Sparkle","Relic Stats","Replay The Spire","Shop Mod","Spicy Shops","StSLib"],"gold_per_floor":[110,110,127,144,162,162,179,190,190,190,216,16,16,29,29,29,29],"floor_reached":16,"playtime":1330,"items_purged":[],"score":104,"play_id":"55f454ac-8ba2-4e17-9cdf-1862134763ec","local_time":"20210102061241","is_ascension_mode":false,"campfire_choices":[{"floor":6,"key":"REST"},{"floor":10,"key":"REST"},{"floor":15,"key":"REST"}],"circlet_count":0,"master_deck":["Strike_R","Strike_R","Strike_R","Strike_R","Strike_R","Defend_R","Defend_R","Defend_R+1","Defend_R+1","Bash","Sword Boomerang","Body Slam","Dropkick","Clothesline","Headbutt","Intimidate","Burning Pact","All Out Attack","Anger"],"relics":["Burning Blood","War Paint","Art of War","halation:Jellyphish","Potion Belt","Fusion Hammer"],"acts_visited":["Exordium"],"potions_floor_usage":[7,16,16],"damage_taken":[{"damage":4,"enemies":"2 Louse","floor":1,"turns":3},{"damage":1,"enemies":"Cultist","floor":3,"turns":3},{"damage":6,"enemies":"Jaw Worm","floor":4,"turns":4},{"damage":20,"enemies":"Looter","floor":5,"turns":3},{"damage":11,"enemies":"2 Fungi Beasts","floor":7,"turns":4},{"damage":21,"enemies":"Large Slime","floor":8,"turns":7},{"damage":26,"enemies":"Lagavulin","floor":11,"turns":8},{"damage":7,"enemies":"Looter","floor":14,"turns":3},{"damage":55,"enemies":"Hexaghost","floor":16,"turns":9}],"seed_played":"7456010859332626133","potions_obtained":[{"floor":1,"key":"ElixirPotion"},{"floor":5,"key":"Block Potion"},{"floor":7,"key":"LiquidBronze"}],"is_trial":false,"path_per_floor":["M","?","M","M","M","R","M","M","T","R","E","$","?","M","R","B"],"character_chosen":"IRONCLAD","items_purchased":["halation:Jellyphish","Explosive Potion"],"campfire_rested":3,"item_purchase_floors":[12,12],"current_hp_per_floor":[88,88,88,88,74,88,83,68,68,88,68,68,30,29,55,0,0],"gold":29,"neow_bonus":"TEN_PERCENT_HP_BONUS","is_daily":false,"chose_seed":false,"campfire_upgraded":0,"win_rate":0.0,"timestamp":1609530161,"path_taken":["M","?","?","M","M","R","M","M","T","R","E","?","?","M","R","BOSS"],"items_purchased_type":["Relic","Potion"],"build_version":"2020-12-22","purchased_purges":0,"victory":false,"max_hp_per_floor":[88,88,88,88,88,88,88,88,88,88,88,88,88,88,88,88,88],"relic_stats":{"counters":[35,166],"Art of War":[0],"War Paint":["Defend_R","Defend_R"],"obtain_stats":[{"Potion Belt":13,"BargainBundle":21,"Tiny House":17,"Gremlin Horn":7,"Vajra":0,"Bag of Preparation":9,"halation:Thesaurus":0,"War Paint":9,"Burning Blood":0,"aspiration:RitualStick":29,"Replay:Rubber Ducky":21,"halation:Jellyphish":12,"Bird Faced Urn":14,"halation:PenCase":19,"Simple Rune":26,"Fusion Hammer":16,"Art of War":0,"Red Mask":20,"Membership Card":21,"aspiration:FutureDiary":34,"Toxic Egg 2":43,"PureWater":0,"halation:PinkSoulGem":48},{"Potion Belt":33,"BargainBundle":11,"Tiny House":9,"Gremlin Horn":5,"Vajra":24,"Bag of Preparation":5,"halation:Thesaurus":24,"War Paint":32,"Burning Blood":0,"aspiration:RitualStick":14,"Replay:Rubber Ducky":11,"halation:Jellyphish":33,"Bird Faced Urn":33,"halation:PenCase":10,"Simple Rune":13,"Fusion Hammer":34,"Art of War":0,"Red Mask":11,"Membership Card":11,"aspiration:FutureDiary":17,"Toxic Egg 2":21,"PureWater":24,"halation:PinkSoulGem":23},{"Potion Belt":154,"BargainBundle":53,"Tiny House":45,"Gremlin Horn":20,"Vajra":118,"Bag of Preparation":20,"halation:Thesaurus":118,"War Paint":146,"Burning Blood":0,"aspiration:RitualStick":68,"Replay:Rubber Ducky":53,"halation:Jellyphish":154,"Bird Faced Urn":154,"halation:PenCase":48,"Simple Rune":63,"Fusion Hammer":157,"Art of War":0,"Red Mask":53,"Membership Card":53,"aspiration:FutureDiary":86,"Toxic Egg 2":98,"PureWater":118,"halation:PinkSoulGem":110}],"Burning Blood":41},"card_choices":[{"not_picked":["ReplayTheSpireMod:Stacked","ReplayTheSpireMod:LeadingStrike"],"picked":"Heavy Blade","floor":1},{"not_picked":["Sentinel","Warcry"],"picked":"Body Slam","floor":3},{"not_picked":["Feel No Pain","Pummel"],"picked":"Dropkick","floor":4},{"not_picked":["ReplayTheSpireMod:Stacked","Seeing Red"],"picked":"Clothesline","floor":5},{"not_picked":["Armaments","Wild Strike"],"picked":"Headbutt","floor":7},{"not_picked":["Shockwave","Havoc"],"picked":"Intimidate","floor":8},{"not_picked":["Carnage","Blood for Blood"],"picked":"Burning Pact","floor":11},{"not_picked":["Rage","Infernal Blade"],"picked":"Anger","floor":14}],"player_experience":140010,"relics_obtained":[{"floor":9,"key":"War Paint"},{"floor":11,"key":"Art of War"}],"event_choices":[{"damage_healed":0,"gold_gain":0,"cards_transformed":["Heavy Blade"],"player_choice":"Transformed","damage_taken":0,"max_hp_gain":0,"max_hp_loss":0,"event_name":"Transmorgrifier","floor":2,"gold_loss":0,"cards_obtained":["Sword Boomerang"]}],"is_beta":false,"boss_relics":[],"items_purged_floors":[],"is_endless":false,"potions_floor_spawned":[1,5,7],"killed_by":"Hexaghost","ascension_level":0}}