{"host":"lg1piimdyocafd6j","time":1609510947,"event":{"mods":["AchievementEnabler","BaseMod","Better Third Choice","BetterRewards","Colored Map","Colored Powertips","Downfall","Minty Spire (QoL Compilation)","Quick Restart","Rare Cards Sparkle","StSLib","SuperFastMode"],"gold_per_floor":[116,116,141,158,158,33,33,44,44,66,79,79,109,127,127,127,127],"floor_reached":16,"playtime":657,"items_purged":["Strike_B","Strike_B","Zap"],"score":125,"play_id":"f2fad70d-c4e8-43bd-8eae-4e08d94e57fa","local_time":"20210101152227","is_ascension_mode":false,"campfire_choices":[{"floor":12,"key":"REST"},{"floor":15,"key":"RECALL"}],"circlet_count":0,"master_deck":["Strike_B","Strike_B","Defend_B","Defend_B+1","Defend_B","Defend_B+1","Dualcast","Glacier","Blizzard","Loop+1","Cold Snap","Cold Snap","Doom and Gloom"],"relics":["Cracked Core","Bottled Tornado","Anchor","Nunchaku","Odd Mushroom","Tiny Chest"],"acts_visited":["Exordium"],"potions_floor_usage":[],"damage_taken":[{"damage":0,"enemies":"Jaw Worm","floor":1,"turns":6},{"damage":7,"enemies":"Small Slimes","floor":4,"turns":4},{"damage":0,"enemies":"2 Louse","floor":8,"turns":3},{"damage":7,"enemies":"The Mushroom Lair","floor":10,"turns":5},{"damage":0,"enemies":"Looter","floor":11,"turns":4},{"damage":0,"enemies":"Lagavulin","floor":13,"turns":10},{"damage":0,"enemies":"2 Fungi Beasts","floor":14,"turns":4},{"damage":0,"enemies":"Hexaghost","floor":16,"turns":2}],"seed_played":"5008177512250069042","potions_obtained":[{"floor":8,"key":"ColorlessPotion"},{"floor":10,"key":"sneckomod:MuddlingPotion"}],"is_trial":false,"path_per_floor":["M","?","T","M","?","$","?","M","T","?","M","R","E","M","R","B"],"character_chosen":"DEFECT","items_purchased":["Glacier","Blizzard","Loop","Cold Snap","Bottled Tornado"],"campfire_rested":1,"item_purchase_floors":[0,0,0,0,0],"current_hp_per_floor":[75,60,60,53,53,53,46,46,46,39,39,61,61,61,61,61,61],"gold":127,"neow_bonus":"","is_daily":false,"chose_seed":false,"campfire_upgraded":0,"win_rate":0.0,"timestamp":1609510947,"path_taken":["M","?","?","M","?","$","?","M","T","?","M","R","E","M","R","BOSS"],"items_purchased_type":["Card","Card","Card","Card","Relic"],"build_version":"2020-12-22","purchased_purges":3,"victory":false,"max_hp_per_floor":[75,75,75,75,75,75,75,75,75,75,75,75,75,75,75,75,75],"card_choices":[{"not_picked":["Turbo","Leap","Sweeping Beam"],"picked":"SKIP","floor":1},{"not_picked":["Gash","Force Field","Reinforced Body"],"picked":"SKIP","floor":4},{"not_picked":["Sunder","Static Discharge","Barrage"],"picked":"SKIP","floor":8},{"not_picked":["Sweeping Beam","Sunder"],"picked":"Cold Snap","floor":11},{"not_picked":["Sunder","Ball Lightning"],"picked":"Doom and Gloom","floor":13},{"not_picked":["Steam","Hologram","Double Energy"],"picked":"SKIP","floor":14}],"player_experience":176058,"relics_obtained":[{"floor":9,"key":"Nunchaku"},{"floor":10,"key":"Odd Mushroom"},{"floor":13,"key":"Tiny Chest"}],"event_choices":[{"damage_healed":75,"gold_gain":0,"player_choice":"Upgrade","damage_taken":15,"max_hp_gain":0,"max_hp_loss":75,"event_name":"betterThird:BetterShining","floor":2,"gold_loss":0,"cards_upgraded":["Defend_B","Defend_B"]},{"damage_healed":0,"gold_gain":0,"player_choice":"Grow","damage_taken":0,"max_hp_gain":0,"max_hp_loss":0,"event_name":"Living Wall","floor":5,"gold_loss":0,"cards_upgraded":["Loop"]},{"damage_healed":0,"gold_gain":0,"player_choice":"Relic ","damage_taken":7,"max_hp_gain":0,"max_hp_loss":0,"event_name":"betterThird:BetterScrap","floor":7,"gold_loss":0,"cards_obtained":["Terror"]},{"damage_healed":0,"gold_gain":0,"player_choice":"Fought Mushrooms","damage_taken":0,"max_hp_gain":0,"max_hp_loss":0,"event_name":"Mushrooms","floor":10,"gold_loss":0}],"is_beta":false,"boss_relics":[],"items_purged_floors":[0,0,6],"is_endless":false,"potions_floor_spawned":[8,10],"killed_by":"Hexaghost","ascension_level":0}}