{"host":"61ejhfsushs0xmcl","time":1609517481,"event":{"mods":["ATMod(阿瑾Mod)","Act Like it!","BaseMod","Colored Map","Downfall","Gold Saver","Hallownest","Marisa（F雨　魔理沙）","Minty Spire (QoL Compilation)","MostiFishMod","Pale of the Ancients","Spicy Shops","StSLib","TestMod","Waifu the Spire","【遗物卡牌】REMEMod","篝火指南"],"gold_per_floor":[0,10,10,0,0,24,24,50,50,50,60,60,92,101,117,221,221,221,31,43,43,89,14,14,14,40,40,71,71,90,109,128,225,225,150,170,221,238,337,351,351,550,567,56,71,101,112,112,130,130],"floor_reached":51,"playtime":2176,"items_purged":["champ:Strike","champ:Execute","champ:Defend+1","champ:Strike"],"score":1150,"play_id":"7dbdbab2-6fd3-47d1-b849-2f32043c88d3","local_time":"20210102001121","is_ascension_mode":false,"campfire_choices":[{"data":"AT_LightSaberMaster","floor":1.0,"key":"SMITH"},{"data":"champ:RapidStrikes","floor":9.0,"key":"SMITH"},{"data":"champ:RisingSlash","floor":18.0,"key":"SMITH"},{"floor":23.0,"key":"RECALL"},{"floor":29.0,"key":"REST"},{"data":"champ:Defend","floor":35.0,"key":"SMITH"}],"circlet_count":0,"master_deck":["champ:Strike","champ:Defend","champ:Defend","AT_LightSaberMaster+1","MostiFishMod:HellRitual+1","champ:RapidStrikes+1","champ:RisingSlash+1","champ:LastStand+1","champ:SwordThrow+1","champ:EndlessRage+1","champ:BerserkerStyle+1","champ:PerfectForm+1"],"relics":["champ:ChampionCrown","testmod-TestBox","AT_ATBox","REME_ComplimentaryCards","testmod-Charity","BrkXgEgg","AT_BellDemon","Frozen Egg 2","Lantern","DaveBox","ChiXiaoBlade","AT_RedTearstoneRing","Eternal Feather","AT_Kusabimaru","AT_BellowingDragoncrestRing","Thread and Needle","Philosopher\u0027s Stone","Pantograph","AT_ChloranthyRing","Potion Belt","downfall:HeartBlessingGreen","testmod-Fortitude","Question Card","Akabeko","testmod-ConstraintPeriapt","CaptainsWheel","Guardian:GemstoneGun","Kunai","White Beast Statue","champ:GladiatorsBookOfMartialProwess","Vajra","testmod-DeterminationOfClimber","downfall:HeartBlessingRed","Ancient Tea Set","CatCart","WingedGreaves","AT_RabadonDeathcap","Bottled Lightning","Bottled Tornado","MealTicket","testmod-LifeArmor","StrikeDummy","AT_ImmortalShieldbow","Pocketwatch","Bag of Marbles","Letter Opener","AT_ForceNature","champ:DefensiveTrainingManual"],"acts_visited":["Exordium","TheCity","TheBeyond"],"potions_floor_usage":[],"damage_taken":[{"damage":10.0,"enemies":"Small Slimes","floor":2.0,"turns":5.0},{"damage":14.0,"enemies":"downfall:FleeingMerchant","floor":4.0,"turns":4.0},{"damage":27.0,"enemies":"3 Sentries","floor":6.0,"turns":5.0},{"damage":0.0,"enemies":"Cultist","floor":11.0,"turns":2.0},{"damage":17.0,"enemies":"Gremlin Nob","floor":13.0,"turns":3.0},{"damage":22.0,"enemies":"Jaw Worm","floor":14.0,"turns":2.0},{"damage":9.0,"enemies":"3 Louse","floor":15.0,"turns":2.0},{"damage":34.0,"enemies":"downfall:Silent","floor":16.0,"turns":4.0},{"damage":26.0,"enemies":"downfall:FleeingMerchant","floor":19.0,"turns":4.0},{"damage":23.0,"enemies":"Shell Parasite","floor":20.0,"turns":3.0},{"damage":59.0,"enemies":"Slavers","floor":26.0,"turns":4.0},{"damage":0.0,"enemies":"Gremlin Leader","floor":28.0,"turns":2.0},{"damage":0.0,"enemies":"Spheric Guardian","floor":30.0,"turns":1.0},{"damage":36.0,"enemies":"Snake Plant","floor":31.0,"turns":2.0},{"damage":6.0,"enemies":"Cultist and Chosen","floor":32.0,"turns":2.0},{"damage":6.0,"enemies":"downfall:Watcher","floor":33.0,"turns":3.0},{"damage":9.0,"enemies":"Orb Walker","floor":36.0,"turns":1.0},{"damage":39.0,"enemies":"Orin","floor":37.0,"turns":3.0},{"damage":21.0,"enemies":"3 Shapes","floor":38.0,"turns":1.0},{"damage":45.0,"enemies":"Transient","floor":40.0,"turns":2.0},{"damage":18,"enemies":"downfall:FleeingMerchant","floor":42,"turns":1},{"damage":18,"enemies":"4 Shapes","floor":43,"turns":1},{"damage":12,"enemies":"3 Darklings","floor":45,"turns":2},{"damage":21,"enemies":"Giant Head","floor":46,"turns":1},{"damage":36,"enemies":"Transient","floor":47,"turns":2},{"damage":5,"enemies":"Maw","floor":49,"turns":1},{"damage":11,"enemies":"downfall:Defect","floor":50,"turns":1}],"seed_played":"3497358318357144735","potions_obtained":[{"floor":2.0,"key":"Guardian:BlockOnCardUsePotion"},{"floor":13.0,"key":"SkillPotion"},{"floor":14.0,"key":"Dexterity Potion"},{"floor":16.0,"key":"ColorlessPotion"},{"floor":27.0,"key":"CultistPotion"},{"floor":28.0,"key":"FearPotion"},{"floor":31.0,"key":"SteroidPotion"},{"floor":32.0,"key":"hexamod:EctoCoolerPotion"},{"floor":33.0,"key":"Block Potion"},{"floor":37.0,"key":"LiquidMemories"}],"is_trial":false,"path_per_floor":["R","M","?","$","?","E","T","T","R","?","M","?","E","M","M","B",null,"R","$","M","?","T","R","T","T","E","?","E","R","M","M","M","B",null,"R","M","?","M","?","M","T","$","M","$","M","E","M","?","M","B",null],"character_chosen":"THE_CHAMP","items_purchased":["StrikeDummy","AT_ImmortalShieldbow"],"campfire_rested":1,"item_purchase_floors":[44,44],"current_hp_per_floor":[90,86,91,87,87,66,66,67,67,67,68,68,57,47,44,11,98,98,86,64,64,65,71,71,71,17,17,19,55,56,22,25,54,106,106,109,114,120,121,125,125,129,131,131,133,136,140,140,144,147],"gold":130,"neow_bonus":"TRANSFORM_TWO_CARDS","is_daily":false,"chose_seed":false,"campfire_upgraded":4,"win_rate":0.0,"timestamp":1609517481,"path_taken":["R","M","?","?","?","E","T","?","R","?","?","?","E","M","M","BOSS","R","$","M","?","?","R","T","?","E","?","E","R","?","M","M","BOSS","R","M","?","M","?","?","T","$","M","$","M","E","M","?","M","BOSS"],"items_purchased_type":["Relic","Relic"],"build_version":"2020-12-22","purchased_purges":4,"victory":true,"max_hp_per_floor":[90,91,91,91,91,92,92,93,93,93,94,94,95,96,97,98,98,98,98,99,99,100,100,100,100,101,101,102,102,103,104,105,106,106,106,109,114,120,121,125,125,129,131,131,133,136,140,140,144,147],"card_choices":[{"not_picked":["champ:Haymaker","champ:DeathBlow","champ:Backstep"],"picked":"SKIP","floor":2.0},{"not_picked":["champ:BladeFlurry","champ:ShieldThrow+1"],"picked":"champ:RapidStrikes","floor":4.0},{"not_picked":["champ:BringItOn","champ:EnragedBash","champ:Circumvent"],"picked":"SKIP","floor":6.0},{"not_picked":["champ:FaceSlap","champ:PerfectedStrike","champ:BerserkersShout"],"picked":"SKIP","floor":11.0},{"not_picked":["champ:FocusedDefense","champ:FanOfKnives"],"picked":"champ:RisingSlash","floor":13.0},{"not_picked":["champ:DefensiveShout","champ:AdrenalArmor","champ:FanOfKnives"],"picked":"SKIP","floor":14.0},{"not_picked":["champ:FalseCounter","champ:FocusedBerserking"],"picked":"champ:LastStand+1","floor":15.0},{"not_picked":["champ:DancingMaster+1","champ:SteelEdge+1"],"picked":"champ:SwordThrow+1","floor":16.0},{"not_picked":["champ:Backstep","champ:FlashCut","champ:ShieldThrow+1"],"picked":"SKIP","floor":19.0},{"not_picked":["champ:BringItOn","champ:DefensiveShout","champ:BladeFlurry"],"picked":"SKIP","floor":20.0},{"not_picked":["champ:BringItOn","champ:TornadoPunch","champ:BladeFlurry+1","champ:EnragedBash"],"picked":"SKIP","floor":26.0},{"not_picked":["champ:Circumvent","champ:GutPunch","champ:DefensiveShout","champ:Haymaker"],"picked":"SKIP","floor":28.0},{"not_picked":["champ:Lariat+1","champ:DefensiveShout","champ:FlashCut"],"picked":"champ:EndlessRage+1","floor":30.0},{"not_picked":["champ:Circumvent","champ:Backstep","champ:ShieldSlam+1","champ:BerserkersShout"],"picked":"SKIP","floor":31.0},{"not_picked":["champ:AdrenalArmor","champ:StanceDance","champ:EnragedBash"],"picked":"champ:BerserkerStyle+1","floor":32.0},{"not_picked":["champ:HoldFirm+1","champ:StrikeOfGenius+1","champ:ShieldThrow+1"],"picked":"champ:PerfectForm+1","floor":33.0},{"not_picked":["champ:TornadoPunch+1","champ:Backstep+1","champ:FocusedGladiator","champ:RapidStrikes+1"],"picked":"SKIP","floor":36.0},{"not_picked":["champ:FanOfKnives","champ:StanceDance","champ:Circumvent","champ:DefensiveStyle+1"],"picked":"SKIP","floor":38.0},{"not_picked":["champ:Haymaker+1","champ:BladeFlurry","champ:BerserkersShout","champ:SkillfulDodge+1"],"picked":"SKIP","floor":40},{"not_picked":["champ:FaceSlap","champ:TornadoPunch+1","champ:BerserkerStyle+1","champ:GutPunch+1"],"picked":"SKIP","floor":42},{"not_picked":["champ:SwordThrow+1","champ:StanceDance","champ:FanOfKnives","champ:PerfectedStrike"],"picked":"SKIP","floor":43},{"not_picked":["champ:GutPunch+1","champ:GladiatorsShout+1","champ:FocusedGladiator","champ:AdrenalArmor+1"],"picked":"SKIP","floor":45},{"not_picked":["champ:GladiatorStyle+1","champ:FightOn","champ:Circumvent+1","champ:ShieldWall+1"],"picked":"SKIP","floor":46},{"not_picked":["champ:DefensiveShout+1","champ:GutPunch","champ:StanceDance","champ:BerserkersShout"],"picked":"SKIP","floor":47},{"not_picked":["champ:DeathBlow","champ:Backstep+1","champ:VampiricStrike+1","champ:StanceDance+1"],"picked":"SKIP","floor":49}],"player_experience":864281,"relics_obtained":[{"floor":6.0,"key":"AT_BellDemon"},{"floor":7.0,"key":"Frozen Egg 2"},{"floor":8.0,"key":"Lantern"},{"floor":13.0,"key":"AT_RedTearstoneRing"},{"floor":13.0,"key":"Eternal Feather"},{"floor":14.0,"key":"AT_Kusabimaru"},{"floor":15.0,"key":"AT_BellowingDragoncrestRing"},{"floor":16.0,"key":"Thread and Needle"},{"floor":19.0,"key":"Pantograph"},{"floor":20.0,"key":"AT_ChloranthyRing"},{"floor":22.0,"key":"Potion Belt"},{"floor":24.0,"key":"testmod-Fortitude"},{"floor":25.0,"key":"Question Card"},{"floor":26.0,"key":"Akabeko"},{"floor":26.0,"key":"testmod-ConstraintPeriapt"},{"floor":28.0,"key":"CaptainsWheel"},{"floor":28.0,"key":"Guardian:GemstoneGun"},{"floor":30.0,"key":"Kunai"},{"floor":31.0,"key":"White Beast Statue"},{"floor":32.0,"key":"champ:GladiatorsBookOfMartialProwess"},{"floor":33.0,"key":"Vajra"},{"floor":36.0,"key":"Ancient Tea Set"},{"floor":37.0,"key":"CatCart"},{"floor":37.0,"key":"WingedGreaves"},{"floor":38.0,"key":"AT_RabadonDeathcap"},{"floor":40,"key":"Bottled Lightning"},{"floor":41,"key":"Bottled Tornado"},{"floor":42,"key":"MealTicket"},{"floor":43,"key":"testmod-LifeArmor"},{"floor":45,"key":"Pocketwatch"},{"floor":46,"key":"Bag of Marbles"},{"floor":46,"key":"Letter Opener"},{"floor":47,"key":"AT_ForceNature"},{"floor":49,"key":"champ:DefensiveTrainingManual"}],"event_choices":[{"cards_removed":["champ:EnGarde"],"damage_healed":5.0,"max_hp_gain":0.0,"max_hp_loss":0.0,"gold_gain":0.0,"event_name":"Bonfire Elementals","player_choice":"Offered Uncommon","floor":3.0,"gold_loss":0.0,"damage_taken":0.0},{"cards_removed":["champ:ViciousMockery"],"damage_healed":0.0,"max_hp_gain":0.0,"max_hp_loss":0.0,"gold_gain":0.0,"event_name":"The Cleric","player_choice":"Card Removal","floor":5.0,"gold_loss":0.0,"damage_taken":0.0},{"damage_healed":0.0,"max_hp_gain":0.0,"max_hp_loss":0.0,"gold_gain":0.0,"event_name":"给自己的盒子","player_choice":"Swap Relic","floor":10.0,"relics_lost":["DaveBox"],"gold_loss":0.0,"damage_taken":0.0,"relics_obtained":["DaveBox"]},{"damage_healed":0.0,"max_hp_gain":0.0,"max_hp_loss":0.0,"gold_gain":0.0,"event_name":"Accursed Blacksmith","player_choice":"Forge","floor":12.0,"gold_loss":0.0,"damage_taken":0.0,"cards_upgraded":["champ:Taunt"]},{"damage_healed":0.0,"max_hp_gain":0.0,"max_hp_loss":0.0,"gold_gain":0.0,"event_name":"OrinTheCat","player_choice":"Fight","floor":37.0,"gold_loss":0.0,"damage_taken":0.0},{"cards_removed":["champ:Taunt"],"damage_healed":0,"gold_gain":0,"player_choice":"Removed Skill","damage_taken":0,"max_hp_gain":0,"max_hp_loss":0,"event_name":"Falling","floor":48,"gold_loss":0}],"is_beta":false,"boss_relics":[{"not_picked":["FrostBlade","testmod-DreamHouse"],"picked":"Philosopher\u0027s Stone"},{"not_picked":["FixedStarFall","MoonlightInvasionPlan"],"picked":"testmod-DeterminationOfClimber"}],"items_purged_floors":[19,19,42,44],"is_endless":false,"potions_floor_spawned":[2,13,14,16,20,28,31,32,33,36,37,38,40,42,43,45,46,47,49],"ascension_level":0}}