{"host":"l017gercouzhorma","time":1609472300,"event":{"mods":["AchievementEnabler","Aspiration","BaseMod","Challenge The Spire","Conspire","Downfall","Halation","Hermit","Hubris","Infinite Spire","Jorbs\u0027s Wanderer Trilogy","Mad Scientist","Marisa????????","Mimic Mod","Minty Spire (QoL Compilation)","Random Character Button","Rare Cards Sparkle","Relic Stats","Replay The Spire","Shade Mod","StSLib","The Cursed","The Disciple","The Hierophant","The Jungle","The Runesmith","The Servant 0.9.4"],"gold_per_floor":[118,131,131,144,161,186,198,55,79,79,90,126,138,175,187,312,324,372,406,422,422],"floor_reached":20,"playtime":1472,"items_purged":["Defend_MRS"],"score":178,"play_id":"da7fb9e3-50c7-420d-876b-8c19ae622e20","local_time":"20201231203820","is_ascension_mode":false,"campfire_choices":[{"floor":15,"key":"REST"}],"circlet_count":0,"master_deck":["Strike_MRS","Strike_MRS","Strike_MRS","Strike_MRS","Defend_MRS","Defend_MRS","Defend_MRS","MasterSpark","UpSweep","DragonMeteor","DoubleSpark","FinalSpark","WitchLeyline","FinalSpark","OortCloud","MeteoricShower","MagicAbsorber","Injury","EscapeVelocity+1","Singularity+1"],"relics":["MiniHakkero","Lantern","halation:IllGainedPizza","MawBank","Frozen Egg 2","halation:Prosthetics"],"acts_visited":["Exordium","TheCity"],"potions_floor_usage":[5,6,7,20,20],"damage_taken":[{"damage":5,"enemies":"2 Louse","floor":1,"turns":2},{"damage":11,"enemies":"Jaw Worm","floor":2,"turns":2},{"damage":8,"enemies":"Small Slimes","floor":4,"turns":2},{"damage":0,"enemies":"2 Fungi Beasts","floor":5,"turns":1},{"damage":24,"enemies":"Lagavulin","floor":6,"turns":4},{"damage":9,"enemies":"3 Louse","floor":7,"turns":3},{"damage":10,"enemies":"Looter","floor":11,"turns":2},{"damage":0,"enemies":"Lots of Slimes","floor":12,"turns":5},{"damage":9,"enemies":"Lots of Slimes","floor":14,"turns":4},{"damage":9,"enemies":"Fading Forest","floor":16,"turns":11},{"damage":19,"enemies":"3 Byrds","floor":18,"turns":6},{"damage":10,"enemies":"Spheric Guardian","floor":19,"turns":3},{"damage":14,"enemies":"Chosen and Byrds","floor":20,"turns":4}],"seed_played":"2969821663333279530","potions_obtained":[{"floor":1,"key":"sneckomod:MuddlingPotion"},{"floor":5,"key":"Dexterity Potion"},{"floor":6,"key":"PowerPotion"},{"floor":14,"key":"SpeedPotion"},{"floor":16,"key":"GamblersBrew"}],"is_trial":false,"path_per_floor":["M","M","?","M","M","E","M","$","T","$","M","MIM","?","M","R","B",null,"M","M","M"],"character_chosen":"MARISA","items_purchased":["MeteoricShower"],"campfire_rested":1,"item_purchase_floors":[8],"current_hp_per_floor":[77,66,66,58,58,34,25,25,25,25,15,15,15,6,30,29,47,28,18,4,4],"gold":422,"neow_bonus":"TEN_PERCENT_HP_BONUS","is_daily":false,"chose_seed":false,"campfire_upgraded":0,"win_rate":0.0,"timestamp":1609472300,"path_taken":["M","M","?","M","M","E","M","$","T","$","M","?","?","M","R","BOSS","M","M","M"],"items_purchased_type":["Card"],"build_version":"2020-12-22","purchased_purges":1,"victory":false,"max_hp_per_floor":[82,82,82,82,82,82,82,82,82,82,82,82,82,82,82,82,47,47,47,47,47],"relic_stats":{"counters":[13,49],"MawBank":96,"obtain_stats":[{"Lantern":6,"halation:IllGainedPizza":9,"MiniHakkero":0,"Frozen Egg 2":13,"halation:Prosthetics":17,"MawBank":12},{"Lantern":5,"halation:IllGainedPizza":6,"MiniHakkero":0,"Frozen Egg 2":8,"halation:Prosthetics":10,"MawBank":8},{"Lantern":11,"halation:IllGainedPizza":14,"MiniHakkero":0,"Frozen Egg 2":21,"halation:Prosthetics":36,"MawBank":21}]},"card_choices":[{"not_picked":["ShootTheMoon","SporeBomb"],"picked":"DragonMeteor","floor":1},{"not_picked":["UnstableBomb","MilkyWay"],"picked":"DoubleSpark","floor":2},{"not_picked":["DC","ShootTheMoon"],"picked":"FinalSpark","floor":4},{"not_picked":["DC","SporeBomb"],"picked":"WitchLeyline","floor":5},{"not_picked":["NonDirectionalLaser","UnstableBomb"],"picked":"FinalSpark","floor":6},{"not_picked":["OpenUniverse","GrandCross"],"picked":"OortCloud","floor":7},{"not_picked":["PulseMagic","AsteroidBelt","WitchOfGreed"],"picked":"SKIP","floor":11},{"not_picked":["AsteroidBelt","RefractionSpark"],"picked":"MagicAbsorber","floor":12},{"not_picked":["Acceleration","NonDirectionalLaser","DC"],"picked":"SKIP","floor":14},{"not_picked":["BigCrunch","MillisecondPulsars+1"],"picked":"EscapeVelocity+1","floor":16},{"not_picked":["DarkSpark","LuminesStrike+1","MysteriousBeam"],"picked":"SKIP","floor":18},{"not_picked":["SporeBomb","OrrerysSun+1"],"picked":"Singularity+1","floor":19}],"player_experience":829194,"relics_obtained":[{"floor":6,"key":"Lantern"},{"floor":9,"key":"halation:IllGainedPizza"},{"floor":12,"key":"MawBank"}],"event_choices":[],"is_beta":false,"boss_relics":[{"not_picked":["aspiration:DefectSkillbook","conspire:SpecialSausage"],"picked":"halation:Prosthetics"}],"items_purged_floors":[8],"is_endless":false,"potions_floor_spawned":[1,5,6,14,16],"killed_by":"Chosen and Byrds","ascension_level":0}}