{"host":"os9owiyb0rak6c8n","time":1609513941,"event":{"mods":["AchievementEnabler","BaseMod","Beaked The Cultist","Better Third Choice","Block Reminder","Colored Map","Colored Powertips","Dio Mod","Minty Spire (QoL Compilation)","Robot Space Explorer","Spicy Shops","StSLib","The Death Knight"],"gold_per_floor":[117,117,0,17,17,49,49,49,49],"floor_reached":8,"playtime":169,"items_purged":[],"score":91,"play_id":"7a622198-ebc8-42da-97a0-266f7ad17ee2","local_time":"20210101161221","is_ascension_mode":true,"campfire_choices":[],"circlet_count":0,"master_deck":["DeathKnight:Strike_DeathKnight","DeathKnight:Strike_DeathKnight","DeathKnight:Strike_DeathKnight","DeathKnight:Strike_DeathKnight","DeathKnight:Defend_DeathKnight","DeathKnight:Defend_DeathKnight","DeathKnight:Defend_DeathKnight","DeathKnight:Defend_DeathKnight","DeathKnight:Defend_DeathKnight","DeathKnight:RuneTap","DeathKnight:RuneStrike","DeathKnight:UnholyFrenzy","Enlightenment","DeathKnight:IceboundArmor","DeathKnight:Razorice","DeathKnight:RunicCorruption"],"relics":["DeathKnight:BrokenRuneblade","NeowsBlessing","DeathKnight:PreciousRibbon"],"acts_visited":["Exordium"],"potions_floor_usage":[8],"damage_taken":[{"damage":0,"enemies":"Small Slimes","floor":1,"turns":1},{"damage":0,"enemies":"Jaw Worm","floor":4,"turns":1},{"damage":0,"enemies":"3 Sentries","floor":6,"turns":1},{"damage":87,"enemies":"Gremlin Nob","floor":8,"turns":6}],"seed_played":"-7316272489542955997","potions_obtained":[{"floor":4,"key":"Fruit Juice"}],"is_trial":false,"path_per_floor":["M","?","?","M","$","E","?","E"],"character_chosen":"DEATH_KNIGHT","items_purchased":[],"campfire_rested":0,"item_purchase_floors":[],"current_hp_per_floor":[75,75,81,81,81,81,81,0,0],"gold":49,"neow_bonus":"THREE_ENEMY_KILL","is_daily":false,"chose_seed":false,"campfire_upgraded":0,"win_rate":0.0,"timestamp":1609513941,"path_taken":["M","?","?","?","?","E","?","E"],"items_purchased_type":[],"build_version":"2020-12-22","purchased_purges":0,"victory":false,"max_hp_per_floor":[75,75,81,81,81,81,81,86,86],"card_choices":[{"not_picked":["DeathKnight:MutagenicPlague","DeathKnight:RaiseAlly"],"picked":"DeathKnight:UnholyFrenzy","floor":1},{"not_picked":["DeathKnight:Hysteria","DeathKnight:AntiMagicShell"],"picked":"DeathKnight:IceboundArmor","floor":4},{"not_picked":["DeathKnight:HornOfWinter","DeathKnight:RaiseAlly"],"picked":"DeathKnight:Razorice","floor":6}],"player_experience":517510,"relics_obtained":[{"floor":6,"key":"DeathKnight:PreciousRibbon"}],"event_choices":[{"damage_healed":0,"gold_gain":0,"player_choice":"Leave","damage_taken":0,"max_hp_gain":0,"max_hp_loss":0,"event_name":"The Cleric","floor":2,"gold_loss":0},{"damage_healed":0,"gold_gain":0,"player_choice":"RENOUNCE","damage_taken":117,"max_hp_gain":0,"max_hp_loss":0,"event_name":"betterThird:BetterSerpent","floor":3,"gold_loss":117,"cards_obtained":["Enlightenment"]},{"damage_healed":0,"gold_gain":0,"cards_transformed":["DeathKnight:Strike_DeathKnight"],"player_choice":"Transformed","damage_taken":0,"max_hp_gain":0,"max_hp_loss":0,"event_name":"Transmorgrifier","floor":7,"gold_loss":0,"cards_obtained":["DeathKnight:RunicCorruption"]}],"is_beta":false,"boss_relics":[],"items_purged_floors":[],"is_endless":false,"potions_floor_spawned":[4],"killed_by":"Gremlin Nob","ascension_level":3}}