{"host":"e5u7qs1emxzejr12","time":1609526242,"event":{"mods":["2.2 Compatiblity","Act Like it!","BaseMod","CapriCore","Card Forge","Custom Start","Highlight Path","Luminous","Minty Spire (QoL Compilation)","Quick Restart","Replay The Spire","StSLib","SuperFastMode","The Animator","The Cursed","The Immortal","The Servant 0.9.4","UnlockEverythingMod"],"gold_per_floor":[129,210,255,255,93,186,231,312,336,435,435,519,615,732,744,975,987,1047,1059,1107,498,159,246,348,435,458,542,572,647,647,734,734,959,959,1004,1139,1181,1232,1212,1212,1212,290,290,389,87,141,243,294,294,294,294],"floor_reached":52,"playtime":2764,"items_purged":[],"score":3494,"play_id":"51dcd465-862c-4287-9fcf-d37daddd04b2","local_time":"20210102023722","daily_mods":["Heirloom","Flight","DeadlyEvents","Elite Swarm","Midas"],"is_ascension_mode":true,"campfire_choices":[{"floor":15.0,"key":"DIG"},{"floor":30.0,"key":"DIG"},{"floor":32.0,"key":"REST"},{"floor":40,"key":"DIG"},{"floor":41,"key":"DIG"},{"floor":49,"key":"REST"}],"circlet_count":0,"master_deck":["AscendersBane","MokouMod:HeatSpark+1","MokouMod:WarmUp+1","MokouMod:ControlledCombustion+1","MokouMod:InfernalWave+1","MokouMod:SacredFire+1","MokouMod:SacredFire+1","MokouMod:PhoenixForm+1","MokouMod:SacredFire+1","MokouMod:SacredFire+1","MokouMod:BlazingComet+1","MokouMod:InfernalWave+1","MokouMod:Extinguish+1","MokouMod:Extinguish+1","MokouMod:HouraiForge+1","MokouMod:HouraiForge+1","MokouMod:ResonatingAura+1","MokouMod:PhoenixFeathers+1","MokouMod:Meltdown"],"relics":["MokouMod:PhoenixFeather","Hammer of Thor","Seething Fire","Anvil of the Gods","Mango","Mummified Hand","Chemical X","TungstenRod","Shovel","Centennial Puzzle","Du-Vu Doll","ReplayFunnel","MawBank","Boot","Replay:Rubber Ducky","Replay:Grab Bag","Philosopher\u0027s Stone","Fusion Hammer","Snecko Heart","Ring of Chaos","TheAbacus","Garlic","Blue Doll","Happy Flower","Pondfish Scales","Calipers","Replay:Mystery Machine","Pet Ghost","War Paint","Dream Catcher","StoneCalendar","Replay:Wax Seal","Painkiller Herb","Unceasing Top","Incense Burner","PrismaticShard","Molten Egg 2","Potion Belt","Bottled Lightning","CaptainsWheel","Cauldron","Replay:Bottled Eggs","Ice Cream","Toolbox","Blood Vial","Membership Card","ReplayTheSpireMod:Ninjato","Strawberry"],"acts_visited":["Exordium","TheCity","TheBeyond"],"potions_floor_usage":[],"damage_taken":[{"damage":0.0,"enemies":"Cultist","floor":1.0,"turns":3.0},{"damage":0.0,"enemies":"2 Louse","floor":3.0,"turns":3.0},{"damage":11.0,"enemies":"Gremlin Nob","floor":6.0,"turns":3.0},{"damage":3.0,"enemies":"Small Slimes","floor":7.0,"turns":3.0},{"damage":38.0,"enemies":"Lagavulin","floor":8.0,"turns":4.0},{"damage":10.0,"enemies":"Replay:BlueRogue","floor":10.0,"turns":4.0},{"damage":0.0,"enemies":"Lagavulin","floor":12.0,"turns":2.0},{"damage":7.0,"enemies":"Gremlin Nob","floor":13.0,"turns":3.0},{"damage":10.0,"enemies":"3 Sentries","floor":14.0,"turns":4.0},{"damage":19.0,"enemies":"The Guardian","floor":16.0,"turns":3.0},{"damage":18.0,"enemies":"3 Byrds","floor":18.0,"turns":4.0},{"damage":0.0,"enemies":"Chosen","floor":20.0,"turns":3.0},{"damage":0.0,"enemies":"Replay:Snechameleon","floor":23.0,"turns":2.0},{"damage":6.0,"enemies":"Slavers","floor":24.0,"turns":3.0},{"damage":0.0,"enemies":"Gremlin Leader","floor":25.0,"turns":1.0},{"damage":13.0,"enemies":"Book of Stabbing","floor":27.0,"turns":2.0},{"damage":0.0,"enemies":"Snake Plant","floor":28.0,"turns":3.0},{"damage":0.0,"enemies":"Replay:Snechameleon","floor":29.0,"turns":2.0},{"damage":0.0,"enemies":"Book of Stabbing","floor":31.0,"turns":3.0},{"damage":0.0,"enemies":"Pondfish","floor":33.0,"turns":3.0},{"damage":0.0,"enemies":"Orb Walker","floor":35.0,"turns":2.0},{"damage":6,"enemies":"2 Orb Walkers","floor":36,"turns":2},{"damage":36,"enemies":"3 Shapes","floor":37,"turns":2},{"damage":0,"enemies":"Jaw Worm Horde","floor":38,"turns":1},{"damage":32,"enemies":"Reptomancer","floor":44,"turns":3},{"damage":0,"enemies":"Maw","floor":46,"turns":1},{"damage":0,"enemies":"R_Hoarder","floor":47,"turns":4},{"damage":0,"enemies":"4 Shapes","floor":48,"turns":3},{"damage":0,"enemies":"Time Eater","floor":50,"turns":4},{"damage":0,"enemies":"Donu and Deca","floor":51,"turns":5}],"seed_played":"-3661304044919959592","potions_obtained":[{"floor":8.0,"key":"Elixir"},{"floor":12.0,"key":"BlessingOfTheForge"},{"floor":39,"key":"Flashbang"},{"floor":42,"key":"Fire Potion"},{"floor":42,"key":"Fire Potion"}],"is_trial":true,"path_per_floor":["M","T","M","?","$","E","M","E","T","E","?","E","E","E","R","B",null,"M","?","M","$","$","E","E","E","T","E","M","E","R","E","R","B",null,"?","?","?","?","?","T","T","T","T","E","T","?","E","?","T","B","B",null],"character_chosen":"MKU","items_purchased":["Chemical X","MokouMod:InfernalWave","TheAbacus","Garlic","MokouMod:Extinguish","Blue Doll","Happy Flower","Bottled Lightning","MokouMod:PhoenixFeathers+1","MokouMod:Meltdown","CaptainsWheel","Cauldron","Membership Card","ReplayTheSpireMod:Ninjato"],"campfire_rested":2,"item_purchase_floors":[5,21,21,21,21,22,22,42,42,42,42,42,45,45],"current_hp_per_floor":[82,82,82,82,82,71,68,30,30,20,99,99,92,82,82,63,90,72,43,43,43,43,43,37,37,37,24,24,24,24,24,55,55,92,92,86,50,50,50,50,50,50,50,18,18,20,29,31,64,66,68],"gold":294,"neow_bonus":"","is_daily":false,"chose_seed":false,"campfire_upgraded":0,"win_rate":0.0,"timestamp":1609526242,"path_taken":["M","?","M","?","$","E","M","E","T","?","?","?","E","?","R","BOSS","M","?","?","$","$","E","E","E","T","E","?","E","R","?","R","BOSS","?","?","?","?","?","T","T","T","T","E","T","?","E","?","T","BOSS","BOSS"],"items_purchased_type":["Relic","Card","Relic","Relic","Card","Relic","Relic","Relic","Card","Card","Relic","Relic","Relic","Relic"],"build_version":"2020-12-22","purchased_purges":0,"victory":true,"max_hp_per_floor":[89,89,89,89,89,89,89,89,89,89,99,99,99,99,99,99,99,99,104,104,104,104,104,104,104,104,104,104,104,104,104,104,104,104,104,104,104,104,104,104,104,104,104,104,104,104,111,111,111,111,111],"card_choices":[{"not_picked":["MokouMod:Firecracker","MokouMod:SearingShot"],"picked":"MokouMod:WarmUp","floor":1.0},{"not_picked":["MokouMod:IgnitionBarrier","MokouMod:FlickeringFlame"],"picked":"MokouMod:ControlledCombustion","floor":3.0},{"not_picked":["MokouMod:SacredFire","MokouMod:Rekindle"],"picked":"MokouMod:Ventilation","floor":6.0},{"not_picked":["MokouMod:BlazingComet","MokouMod:Stoke"],"picked":"MokouMod:InfernalWave","floor":7.0},{"not_picked":["MokouMod:EnchantingBambooForest","MokouMod:Rebirth"],"picked":"MokouMod:SacredFire","floor":8.0},{"not_picked":["MokouMod:ResonatingAura","MokouMod:Rebirth"],"picked":"MokouMod:SacredFire","floor":10.0},{"not_picked":["MokouMod:Ventilation","MokouMod:SpontaneousHumanCombustion"],"picked":"MokouMod:PhoenixForm","floor":12.0},{"not_picked":["MokouMod:ProfanedFlare","MokouMod:Rebirth","MokouMod:SearingBlow"],"picked":"SKIP","floor":13.0},{"not_picked":["MokouMod:EnchantingBambooForest","MokouMod:RadiantBlade"],"picked":"MokouMod:SacredFire","floor":14.0},{"not_picked":["MokouMod:Ventilation","MokouMod:Geothermal"],"picked":"MokouMod:SacredFire","floor":16.0},{"not_picked":["MokouMod:SearingShot","MokouMod:EternalBurstReactor","MokouMod:UncontrollableSolarReaction"],"picked":"SKIP","floor":18.0},{"not_picked":["MokouMod:Sear","MokouMod:RoaringFlare"],"picked":"MokouMod:BlazingComet+1","floor":20.0},{"not_picked":["MokouMod:Rebirth","MokouMod:SearingBlow"],"picked":"MokouMod:HouraiForge","floor":23.0},{"not_picked":["MokouMod:SacredFire","MokouMod:Rebirth"],"picked":"MokouMod:HouraiForge","floor":24.0},{"not_picked":["MokouMod:RadiantBlade","MokouMod:ResonatingAura","MokouMod:ProfanedFlare"],"picked":"SKIP","floor":25.0},{"not_picked":["MokouMod:SearingBlow","MokouMod:Extinguish","MokouMod:Geothermal"],"picked":"SKIP","floor":27.0},{"not_picked":["MokouMod:Stoke","MokouMod:HeatCyclone","MokouMod:AdaptivePyromancy"],"picked":"SKIP","floor":28.0},{"not_picked":["MokouMod:PhoenixForm","MokouMod:ProfanedFlare","MokouMod:ExplosiveFlame"],"picked":"SKIP","floor":29.0},{"not_picked":["MokouMod:ResonatingAura","MokouMod:Extinguish","MokouMod:HouraiForge"],"picked":"SKIP","floor":31.0},{"not_picked":["MokouMod:Extinguish","MokouMod:HouraiForge"],"picked":"MokouMod:ResonatingAura","floor":31.0},{"not_picked":["MokouMod:UncontrollableSolarReaction","MokouMod:Stoke+1","MokouMod:ResonanceReactor"],"picked":"SKIP","floor":35.0},{"not_picked":["MokouMod:ScorchingColumn+1","Underhanded Strike+1","animator:Shuna+1"],"picked":"SKIP","floor":37},{"not_picked":["animator:Add","animator:Guy","animator:LizardPriest"],"picked":"SKIP","floor":38},{"not_picked":["KillingDoll+1","animator:SwordMaiden","Barricade"],"picked":"SKIP","floor":44},{"not_picked":["animator:Berserker+1","Rebound+1","Sabotage+1"],"picked":"SKIP","floor":46},{"not_picked":["MasterReality","Unload+1","ReplayTheSpireMod:From All Sides+1"],"picked":"SKIP","floor":47},{"not_picked":["Sentinel+1","Revamp","Rearm"],"picked":"SKIP","floor":48}],"player_experience":38194,"relics_obtained":[{"floor":2.0,"key":"Mummified Hand"},{"floor":6.0,"key":"TungstenRod"},{"floor":8.0,"key":"Shovel"},{"floor":9.0,"key":"Centennial Puzzle"},{"floor":10.0,"key":"Du-Vu Doll"},{"floor":12.0,"key":"ReplayFunnel"},{"floor":13.0,"key":"MawBank"},{"floor":14.0,"key":"Boot"},{"floor":15.0,"key":"Replay:Rubber Ducky"},{"floor":23.0,"key":"Pondfish Scales"},{"floor":24.0,"key":"Calipers"},{"floor":25.0,"key":"Replay:Mystery Machine"},{"floor":26.0,"key":"Pet Ghost"},{"floor":27.0,"key":"War Paint"},{"floor":29.0,"key":"Dream Catcher"},{"floor":30.0,"key":"StoneCalendar"},{"floor":31.0,"key":"Replay:Wax Seal"},{"floor":36,"key":"Unceasing Top"},{"floor":36,"key":"Incense Burner"},{"floor":36,"key":"PrismaticShard"},{"floor":40,"key":"Molten Egg 2"},{"floor":41,"key":"Potion Belt"},{"floor":43,"key":"Replay:Bottled Eggs"},{"floor":44,"key":"Ice Cream"},{"floor":44,"key":"Toolbox"},{"floor":44,"key":"Blood Vial"},{"floor":47,"key":"Strawberry"}],"event_choices":[{"damage_healed":0.0,"max_hp_gain":0.0,"max_hp_loss":0.0,"gold_gain":0.0,"event_name":"Upgrade Shrine","player_choice":"Ignored","floor":4.0,"gold_loss":0.0,"damage_taken":0.0},{"cards_removed":["MokouMod:Ventilation"],"damage_healed":69.0,"max_hp_gain":10.0,"max_hp_loss":0.0,"gold_gain":0.0,"event_name":"Bonfire Elementals","player_choice":"Offered Rare","floor":11.0,"gold_loss":0.0,"damage_taken":0.0},{"damage_healed":0.0,"max_hp_gain":5.0,"max_hp_loss":0.0,"gold_gain":0.0,"event_name":"Forgotten Altar","player_choice":"Shed Blood","floor":19.0,"gold_loss":0.0,"damage_taken":35.0},{"damage_healed":0,"gold_gain":0,"player_choice":"Fight","damage_taken":0,"max_hp_gain":0,"max_hp_loss":0,"event_name":"Mysterious Sphere","floor":36,"gold_loss":0},{"damage_healed":0,"gold_gain":0,"player_choice":"Bought 1 Potion","damage_taken":0,"max_hp_gain":0,"max_hp_loss":0,"event_name":"The Woman in Blue","floor":39,"gold_loss":0}],"is_beta":false,"boss_relics":[{"not_picked":["Kintsugi","Replay:Drink Me"],"picked":"Replay:Grab Bag"},{"not_picked":["Busted Crown","Cursed Key"],"picked":"Philosopher\u0027s Stone"},{"not_picked":["Coffee Dripper","Sozu"],"picked":"Fusion Hammer"},{"not_picked":["Honey Jar","Tiny House"],"picked":"Snecko Heart"},{"not_picked":["Pandora\u0027s Box","Snecko Eye"],"picked":"Ring of Chaos"},{"not_picked":["Velvet Choker","Empty Cage"],"picked":"Painkiller Herb"}],"items_purged_floors":[],"is_endless":false,"potions_floor_spawned":[8,12,13,16,18,23,25,27,38,47,48],"ascension_level":20}}