{"host":"2p6teegtjitvh23g","time":1609510438,"event":{"mods":["Act Like it!","Ascension Reborn","BaseMod","Better Note","Better Third Choice","Colored Map","Colored Powertips","Defuse TimeMaze Blight","Hermit","Marisa£®ÏF”Í°°ƒß¿Ì…≥£©","Minty Spire (QoL Compilation)","MostiFishMod","Quick Restart","Relic Stats","Replay The Spire","Shop Mod","Spicy Shops","StSLib","The Cursed","The Runesmith","UnlockEverythingMod","Waifu the Spire","noobMod","vexMod"],"gold_per_floor":[114,134,134,134,209,90,90,123,123,151,161,27,27,45,45,149,149,161,161,1,1,1,33,33,66,66,66,341,360,377,397,397,500,500,517,517,7,7,17,45,45,56,82,100,100,71,71,89,89,89,89,89,14,49,49],"floor_reached":56,"playtime":2397,"items_purged":["TheCursedMod:Strike_TheCursed"],"score":1621,"play_id":"6fcda391-eb8c-4ca4-9673-e6e932399f6a","local_time":"20210101221358","is_ascension_mode":true,"campfire_choices":[{"data":"TheCursedMod:SurpriseAttack","floor":7.0,"key":"SMITH"},{"data":"TheCursedMod:SurpriseAttack","floor":15.0,"key":"SMITH"},{"data":"TheCursedMod:SpitefulPlan","floor":24.0,"key":"SMITH"},{"data":"TheCursedMod:StingEye","floor":27.0,"key":"SMITH"},{"floor":32.0,"key":"RECALL"},{"data":"TheCursedMod:HellfireBreathing","floor":41.0,"key":"SMITH"},{"data":"TheCursedMod:ReleasedKnowledge","floor":49.0,"key":"SMITH"},{"data":"TheCursedMod:Stretching","floor":52,"key":"SMITH"}],"circlet_count":0,"master_deck":["TheCursedMod:Strike_TheCursed","TheCursedMod:CursedWand","TheCursedMod:CleanUpWorkshop+1","TheCursedMod:Dregs","TheCursedMod:Stretching+1","TheCursedMod:SurpriseAttack+1","MostiFishMod:OrdinaryWorld+1","TheCursedMod:SurpriseAttack+1","TheCursedMod:CursedShiv","TheCursedMod:StingEye+1","Apotheosis+1","TheCursedMod:CursedRelics+1","TheCursedMod:ManaCirculation+1","TheCursedMod:SpitefulPlan+1","Pain","MostiFishMod:MusicBox+1","TheCursedMod:CircleOfFocus","TheCursedMod:Evocation+1","TheCursedMod:SurpriseAttack","TheCursedMod:NeowsMight+1","TheCursedMod:CursedShiv","TheCursedMod:OutForBlood+1","TheCursedMod:Torture+1","MostiFishMod:Kaleido+1","TheCursedMod:HellfireBreathing+1","TheCursedMod:DarkBarrier+1","TheCursedMod:SpitefulPray+1","TheCursedMod:CursedShiv","TheCursedMod:SpitefulPray","TheCursedMod:ReleasedKnowledge+1","TheCursedMod:DarkBarrier+1","TheCursedMod:BlessingInDisguise","TheCursedMod:CollectTribute+1"],"relics":["TheCursedMod:BlackMagic101","ice","DaveBox","BirthdayGift-Tetrahedron","SynthV:TestCard","MerchantsRug","Ancient Tea Set","Vajra","BrkXgEgg","HereWithMe","WarpedTongs","Mirror","Replay:PocketPolymizer","Replay:Towering Pillar of Hats","ChiXiaoBlade","ImprovedEquipment","Incense Burner","Replay:Bottled Snecko","Oddly Smooth Stone"],"acts_visited":["Exordium","TheCity","TheBeyond","TheEnding"],"potions_floor_usage":[55,55],"damage_taken":[{"damage":0.0,"enemies":"Cultist","floor":1.0,"turns":5.0},{"damage":2.0,"enemies":"Small Slimes","floor":2.0,"turns":2.0},{"damage":3.0,"enemies":"Replay:BlueRogue","floor":8.0,"turns":2.0},{"damage":2.0,"enemies":"Lagavulin","floor":10.0,"turns":2.0},{"damage":0.0,"enemies":"Jaw Worm","floor":11.0,"turns":1.0},{"damage":0.0,"enemies":"Blue Slaver","floor":14.0,"turns":1.0},{"damage":4.0,"enemies":"Hexaghost","floor":16.0,"turns":3.0},{"damage":5.0,"enemies":"Chosen","floor":18.0,"turns":2.0},{"damage":41.0,"enemies":"Slavers","floor":23.0,"turns":3.0},{"damage":29.0,"enemies":"Book of Stabbing","floor":25.0,"turns":3.0},{"damage":3.0,"enemies":"2 Thieves","floor":29.0,"turns":1.0},{"damage":3.0,"enemies":"Cultist and Chosen","floor":30.0,"turns":2.0},{"damage":3.0,"enemies":"Snecko","floor":31.0,"turns":1.0},{"damage":15.0,"enemies":"Collector","floor":33.0,"turns":2.0},{"damage":0.0,"enemies":"Orb Walker","floor":35.0,"turns":1.0},{"damage":3.0,"enemies":"3 Shapes","floor":39.0,"turns":2.0},{"damage":7.0,"enemies":"Giant Head","floor":40.0,"turns":2.0},{"damage":7.0,"enemies":"3 Darklings","floor":42.0,"turns":1.0},{"damage":4.0,"enemies":"Writhing Mass","floor":44.0,"turns":1.0},{"damage":1.0,"enemies":"Maw","floor":48.0,"turns":1.0},{"damage":4.0,"enemies":"Awakened One","floor":50.0,"turns":2.0},{"damage":1,"enemies":"Shield and Spear","floor":54,"turns":1},{"damage":5,"enemies":"The Heart","floor":55,"turns":2}],"seed_played":"4963575991423753476","potions_obtained":[{"floor":8.0,"key":"Swift Potion"},{"floor":11.0,"key":"Fruit Juice"},{"floor":14.0,"key":"Dexterity Potion"},{"floor":21.0,"key":"BlessingOfTheForge"},{"floor":21.0,"key":"Cursed Concoction"},{"floor":21.0,"key":"Elixir"},{"floor":23.0,"key":"Adrenaline Potion"},{"floor":31.0,"key":"BlessingOfTheForge"},{"floor":40.0,"key":"SkillPotion"},{"floor":42.0,"key":"Elixir"},{"floor":44.0,"key":"Weak Potion"},{"floor":54,"key":"Dexterity Potion"}],"is_trial":false,"path_per_floor":["M","M","$","?","?","$","R","E","T","E","M","$","?","M","R","B",null,"M","?","$","?","?","E","R","E","T","R","?","M","M","M","R","B",null,"M","?","$","?","M","E","R","M","T","M","T","$","?","M","R","B",null,"R","$","E","B",null],"character_chosen":"THE_CURSED","items_purchased":["MerchantsRug","BrkXgEgg","MostiFishMod:MusicBox+1","ImprovedEquipment","MostiFishMod:Kaleido+1","TheCursedMod:HellfireBreathing","Replay:Bottled Snecko"],"campfire_rested":0,"item_purchase_floors":[6,12,20,37,37,37,46],"current_hp_per_floor":[75,73,73,41,30,30,30,27,27,25,30,30,30,30,30,26,80,75,75,75,75,75,34,34,55,55,55,55,52,49,46,46,31,130,130,130,130,130,127,120,120,113,113,109,109,109,109,108,108,104,130,130,130,129,124],"gold":49,"neow_bonus":"UPGRADE_CARD","is_daily":false,"chose_seed":false,"campfire_upgraded":7,"win_rate":0.0,"timestamp":1609510438,"path_taken":["M","?","$","?","?","?","R","E","T","E","?","$","?","M","R","BOSS","M","?","$","?","?","E","R","E","T","R","?","M","M","M","R","BOSS","M","?","?","?","?","E","R","M","T","M","?","$","?","M","R","BOSS","R","$","E","BOSS"],"items_purchased_type":["Relic","Relic","Card","Relic","Card","Card","Relic"],"build_version":"2020-12-22","purchased_purges":1,"victory":true,"max_hp_per_floor":[75,75,75,75,75,75,75,75,75,75,80,80,80,80,80,80,80,80,80,80,80,80,80,80,130,130,130,130,130,130,130,130,130,130,130,130,130,130,130,130,130,130,130,130,130,130,130,130,130,130,130,130,130,130,130],"relic_stats":{"counters":[23,43],"obtain_stats":[{"Gremlin Food":4,"TheCursedMod:BlackMagic101":0,"MerchantsRug":6,"Replay:PocketPolymizer":25,"DaveBox":0,"Replay:Towering Pillar of Hats":26,"ImprovedEquipment":37,"Vajra":10,"Oddly Smooth Stone":54,"BrkXgEgg":12,"ice":0,"Incense Burner":45,"Ancient Tea Set":8,"WarpedTongs":19,"Dream Catcher":43,"SynthV:TestCard":1,"Pantograph":40,"ChiXiaoBlade":34,"HereWithMe":17,"Replay:Bottled Snecko":46,"Mirror":23,"BirthdayGift-Tetrahedron":1},{"Gremlin Food":2,"TheCursedMod:BlackMagic101":0,"MerchantsRug":2,"Replay:PocketPolymizer":10,"DaveBox":0,"Replay:Towering Pillar of Hats":10,"ImprovedEquipment":15,"Vajra":4,"Oddly Smooth Stone":22,"BrkXgEgg":5,"ice":0,"Incense Burner":19,"Ancient Tea Set":3,"WarpedTongs":8,"Dream Catcher":18,"SynthV:TestCard":1,"Pantograph":17,"ChiXiaoBlade":14,"HereWithMe":7,"Replay:Bottled Snecko":19,"Mirror":9,"BirthdayGift-Tetrahedron":1},{"Gremlin Food":7,"TheCursedMod:BlackMagic101":0,"MerchantsRug":7,"Replay:PocketPolymizer":24,"DaveBox":0,"Replay:Towering Pillar of Hats":24,"ImprovedEquipment":31,"Vajra":11,"Oddly Smooth Stone":41,"BrkXgEgg":12,"ice":0,"Incense Burner":37,"Ancient Tea Set":9,"WarpedTongs":18,"Dream Catcher":36,"SynthV:TestCard":5,"Pantograph":35,"ChiXiaoBlade":30,"HereWithMe":16,"Replay:Bottled Snecko":37,"Mirror":21,"BirthdayGift-Tetrahedron":1}],"WarpedTongs":[19]},"card_choices":[{"not_picked":["TheCursedMod:FuryStrike","TheCursedMod:TacticalStrike"],"picked":"TheCursedMod:Stretching","floor":1.0},{"not_picked":["TheCursedMod:ManaBullet","TheCursedMod:CursedMace","TheCursedMod:CircleOfCorruption","TheCursedMod:BlessingInDisguise"],"picked":"TheCursedMod:SurpriseAttack","floor":2.0},{"not_picked":["TheCursedMod:CircleOfAmplification","TheCursedMod:CursedAmulet","TheCursedMod:CircleOfCorruption","TheCursedMod:VitalStrike"],"picked":"TheCursedMod:SurpriseAttack","floor":8.0},{"not_picked":["TheCursedMod:ReleasedKnowledge","TheCursedMod:FuryStrike","TheCursedMod:DoubleShield","TheCursedMod:CircleOfCorruption"],"picked":"TheCursedMod:CursedShiv","floor":10.0},{"not_picked":["TheCursedMod:CursedBlade","TheCursedMod:Stretching","TheCursedMod:Mangle","TheCursedMod:CircleOfCorruption"],"picked":"TheCursedMod:StingEye","floor":11.0},{"not_picked":["TheCursedMod:BloodBarrier","TheCursedMod:RavingStaff","TheCursedMod:Obscuration","TheCursedMod:CircleOfBlood"],"picked":"TheCursedMod:CursedRelics+1","floor":14.0},{"not_picked":["TheCursedMod:OutForBlood+1","TheCursedMod:Neurasthenia+1","TheCursedMod:NeowsMight+1","TheCursedMod:UltimatePain+1"],"picked":"TheCursedMod:ManaCirculation+1","floor":16.0},{"not_picked":["TheCursedMod:SoulReap","TheCursedMod:ManaBullet","TheCursedMod:FuryStrike+1","TheCursedMod:SaltUponWound"],"picked":"TheCursedMod:SpitefulPlan","floor":18.0},{"not_picked":["TheCursedMod:SaltUponWound","TheCursedMod:CursedBlade+1","TheCursedMod:AbyssShockwave","TheCursedMod:FuryStrike"],"picked":"TheCursedMod:Evocation+1","floor":23.0},{"not_picked":["TheCursedMod:CircleOfFlame","TheCursedMod:RapidMovement","TheCursedMod:ManaCirculation+1","TheCursedMod:Obscuration","TheCursedMod:UltimatePain+1"],"picked":"SKIP","floor":25.0},{"not_picked":["TheCursedMod:BlessingInDisguise","TheCursedMod:FleshFromBone","TheCursedMod:Stigma","TheCursedMod:CursedShiv"],"picked":"TheCursedMod:SurpriseAttack","floor":29.0},{"not_picked":["TheCursedMod:PrepareRite","TheCursedMod:WearCloak","TheCursedMod:CircleOfCorruption","TheCursedMod:CursedAmulet+1"],"picked":"TheCursedMod:NeowsMight+1","floor":30.0},{"not_picked":["TheCursedMod:CursedBlade","TheCursedMod:Obscuration","TheCursedMod:ReleasedStrength","TheCursedMod:CircleOfFocus"],"picked":"TheCursedMod:CursedShiv","floor":31.0},{"not_picked":["TheCursedMod:AntiAging+1","TheCursedMod:ShockAndAwe+1","TheCursedMod:ForbiddenAlchemy+1","TheCursedMod:UltimatePain+1"],"picked":"TheCursedMod:OutForBlood+1","floor":33.0},{"not_picked":["TheCursedMod:CircleOfBlood","TheCursedMod:BlessingInDisguise","TheCursedMod:SurpriseAttack+1","TheCursedMod:CursedAmulet+1"],"picked":"TheCursedMod:Torture+1","floor":35.0},{"not_picked":["TheCursedMod:ManaBullet+1","TheCursedMod:StingEye","TheCursedMod:CircleOfBlood+1","TheCursedMod:CursedAmulet+1"],"picked":"TheCursedMod:SpitefulPray+1","floor":39.0},{"not_picked":["TheCursedMod:CursedShiv","TheCursedMod:SoulCrush+1","TheCursedMod:UltimatePain+1","TheCursedMod:SoulReap+1","TheCursedMod:Wield+1"],"picked":"SKIP","floor":40.0},{"not_picked":["TheCursedMod:ManaBullet+1","TheCursedMod:Grudge","TheCursedMod:Stretching+1","TheCursedMod:CircleOfFocus"],"picked":"TheCursedMod:SpitefulPray","floor":42.0},{"not_picked":["TheCursedMod:WearCloak+1","TheCursedMod:RavingStaff+1","TheCursedMod:DoubleShield+1","TheCursedMod:CursedBoomerang+1"],"picked":"TheCursedMod:ReleasedKnowledge","floor":44.0},{"not_picked":["TheCursedMod:SoulReap+1","TheCursedMod:SurpriseAttack","TheCursedMod:Stigma","TheCursedMod:SpitefulStrike","TheCursedMod:LuckyCharm"],"picked":"SKIP","floor":48.0},{"not_picked":["TheCursedMod:CursedAmulet","TheCursedMod:Obscuration+1","TheCursedMod:CursedArmor","TheCursedMod:FleshFromBone+1"],"picked":"TheCursedMod:CollectTribute+1","floor":54}],"player_experience":309120,"relics_obtained":[{"floor":1.0,"key":"SynthV:TestCard"},{"floor":8.0,"key":"Ancient Tea Set"},{"floor":10.0,"key":"Vajra"},{"floor":23.0,"key":"Mirror"},{"floor":25.0,"key":"Replay:PocketPolymizer"},{"floor":26.0,"key":"Replay:Towering Pillar of Hats"},{"floor":40.0,"key":"Pantograph"},{"floor":43.0,"key":"Dream Catcher"},{"floor":45.0,"key":"Incense Burner"},{"floor":54,"key":"Oddly Smooth Stone"}],"event_choices":[{"damage_healed":0.0,"max_hp_gain":0.0,"max_hp_loss":0.0,"gold_gain":75.0,"event_name":"betterThird:BetterGoop","player_choice":"Gold","floor":5.0,"gold_loss":0.0,"damage_taken":11.0},{"damage_healed":30.0,"max_hp_gain":0.0,"max_hp_loss":80.0,"gold_gain":0.0,"event_name":"betterThird:BetterShining","player_choice":"Embrace","floor":13.0,"gold_loss":0.0,"damage_taken":0.0},{"damage_healed":0.0,"max_hp_gain":0.0,"max_hp_loss":0.0,"gold_gain":0.0,"event_name":"Accursed Blacksmith","player_choice":"Rummage","floor":19.0,"gold_loss":0.0,"damage_taken":0.0,"relics_obtained":["WarpedTongs"],"cards_obtained":["Pain"]},{"damage_healed":0.0,"max_hp_gain":0.0,"max_hp_loss":0.0,"gold_gain":0.0,"event_name":"Lab","player_choice":"Got Potions","floor":21.0,"gold_loss":0.0,"damage_taken":0.0},{"damage_healed":0.0,"max_hp_gain":0.0,"max_hp_loss":0.0,"gold_gain":0.0,"cards_transformed":["TheCursedMod:Strike_TheCursed"],"event_name":"Transmorgrifier","player_choice":"Transformed","floor":22.0,"gold_loss":0.0,"damage_taken":0.0,"cards_obtained":["TheCursedMod:CircleOfFocus"]},{"damage_healed":0.0,"max_hp_gain":0.0,"max_hp_loss":0.0,"gold_gain":275.0,"event_name":"Golden Shrine","player_choice":"Desecrate","floor":28.0,"gold_loss":0.0,"damage_taken":0.0,"cards_obtained":["Regret"]},{"cards_removed":["TheCursedMod:BloodBarrier"],"damage_healed":0.0,"max_hp_gain":0.0,"max_hp_loss":0.0,"gold_gain":0.0,"event_name":"Bonfire Elementals","player_choice":"Offered Uncommon","floor":36.0,"gold_loss":0.0,"damage_taken":0.0},{"damage_healed":0.0,"max_hp_gain":0.0,"max_hp_loss":0.0,"gold_gain":0.0,"cards_transformed":["TheCursedMod:Defend_TheCursed"],"event_name":"Transmorgrifier","player_choice":"Transformed","floor":38.0,"gold_loss":0.0,"damage_taken":0.0,"cards_obtained":["TheCursedMod:DarkBarrier"]},{"cards_removed":["Regret"],"damage_healed":0.0,"max_hp_gain":0.0,"max_hp_loss":0.0,"gold_gain":0.0,"event_name":"Purifier","player_choice":"Purged","floor":47.0,"gold_loss":0.0,"damage_taken":0.0}],"is_beta":false,"boss_relics":[{"not_picked":["GuanYuAspect","Replay:Drink Me"],"picked":"HereWithMe"},{"not_picked":["ChewingGum","Calling Bell"],"picked":"ChiXiaoBlade"}],"items_purged_floors":[53],"is_endless":false,"potions_floor_spawned":[8,11,14,23,31,40,42,44,54],"ascension_level":0}}