{"host":"obbn5gje3893ci3z","time":1609483739,"event":{"mods":["BaseMod","Colored Powertips","Minty Spire (QoL Compilation)","Reimu£®≤©¿ˆ¡È√Œ£©"],"gold_per_floor":[117,192,367,380,380,408,408,426,426,281,298,268,268,302,302,405,405,424,349,366,378,396,396,415,415,440,340,340,357,357,357],"floor_reached":30,"playtime":3071,"items_purged":["Doubt","Strike_Lin:ReiMu"],"score":290,"play_id":"b9508e05-499e-400d-b97c-48d72c61e9d7","local_time":"20210101144859","is_ascension_mode":false,"campfire_choices":[{"data":"DependentForm:ReiMu","floor":7.0,"key":"SMITH"},{"data":"CareerPray:ReiMu","floor":13.0,"key":"SMITH"},{"data":"Dreaming2:ReiMu","floor":15.0,"key":"SMITH"},{"data":"Authority:ReiMu","floor":23.0,"key":"SMITH"},{"floor":25.0,"key":"REST"}],"circlet_count":0,"master_deck":["Defend_Lin:ReiMu","Defend_Lin:ReiMu","Defend_Lin:ReiMu+1","NB:ReiMu+1","Stagnation:ReiMu","PrepareRite:ReiMu","CareerPray:ReiMu+1","DependentForm:ReiMu+1","YinYangSange:ReiMu","KyokaiOfKami:ReiMu","Dreaming2:ReiMu+1","YinYangSange:ReiMu","Authority:ReiMu+1","SafetyPray:ReiMu+1"],"relics":["FlyPower:ReiMu","NeowsBlessing","Pocketwatch","FossilizedHelix","War Paint","Empty Cage","Vajra"],"acts_visited":["Exordium","TheCity"],"potions_floor_usage":[30],"damage_taken":[{"damage":0.0,"enemies":"Cultist","floor":1.0,"turns":2.0},{"damage":0.0,"enemies":"Jaw Worm","floor":4.0,"turns":1.0},{"damage":0.0,"enemies":"Gremlin Nob","floor":6.0,"turns":1.0},{"damage":12.0,"enemies":"2 Louse","floor":8.0,"turns":3.0},{"damage":10.0,"enemies":"2 Fungi Beasts","floor":11.0,"turns":8.0},{"damage":0.0,"enemies":"Looter","floor":12.0,"turns":4.0},{"damage":0.0,"enemies":"Lagavulin","floor":14.0,"turns":9.0},{"damage":25.0,"enemies":"The Guardian","floor":16.0,"turns":9.0},{"damage":20.0,"enemies":"Spheric Guardian","floor":18.0,"turns":5.0},{"damage":5.0,"enemies":"Chosen","floor":20.0,"turns":7.0},{"damage":22.0,"enemies":"Sentry and Sphere","floor":21.0,"turns":11.0},{"damage":13.0,"enemies":"Shelled Parasite and Fungi","floor":22.0,"turns":7.0},{"damage":7.0,"enemies":"Centurion and Healer","floor":24.0,"turns":6.0},{"damage":16.0,"enemies":"Snake Plant","floor":29.0,"turns":8.0},{"damage":11,"enemies":"Colosseum Slavers","floor":30,"turns":3}],"seed_played":"8464328703994970801","potions_obtained":[{"floor":1.0,"key":"Explosive Potion"},{"floor":4.0,"key":"Strength Potion"},{"floor":14.0,"key":"BlessingOfTheForge"},{"floor":21.0,"key":"LiquidFlight:ReiMu"},{"floor":22.0,"key":"Fire Potion"},{"floor":24.0,"key":"BottledKami:ReiMu"}],"is_trial":false,"path_per_floor":["M","?","?","M","?","E","R","M","T","$","M","M","R","E","R","B",null,"M","?","M","M","M","R","M","R","T","$","?","M","?"],"character_chosen":"REIMU","items_purchased":["Dreaming2:ReiMu"],"campfire_rested":1,"item_purchase_floors":[10],"current_hp_per_floor":[65,54,54,54,54,54,54,42,42,42,46,46,46,58,58,42,65,45,45,40,23,10,10,3,22,22,22,22,6,0,0],"gold":357,"neow_bonus":"THREE_ENEMY_KILL","is_daily":false,"chose_seed":false,"campfire_upgraded":4,"win_rate":0.0,"timestamp":1609483739,"path_taken":["M","?","?","M","?","E","R","M","T","$","M","?","R","E","R","BOSS","M","?","M","M","M","R","M","R","T","$","?","M","?"],"items_purchased_type":["Card"],"build_version":"2020-12-22","purchased_purges":2,"victory":false,"max_hp_per_floor":[65,65,65,65,65,65,65,65,65,65,65,65,65,65,65,65,65,65,65,65,65,65,65,65,65,65,65,65,65,65,65],"card_choices":[{"not_picked":["CollectionFlower2:ReiMu","EmergencyTakeOff:ReiMu"],"picked":"PrepareRite:ReiMu","floor":1.0},{"not_picked":["OrbThrow:ReiMu","TightArray:ReiMu"],"picked":"CareerPray:ReiMu","floor":4.0},{"not_picked":["Meditation:ReiMu","PayForSelf:ReiMu"],"picked":"YinYangSange:ReiMu","floor":6.0},{"not_picked":["SubcavityInstant:ReiMu","AlertArray:ReiMu"],"picked":"KyokaiOfKami:ReiMu","floor":8.0},{"not_picked":["KamiSacrifice:ReiMu","PayForSelf:ReiMu"],"picked":"YinYangSange:ReiMu","floor":11.0},{"not_picked":["Conquer:ReiMu","SubcavityInstant:ReiMu","YinYangSign:ReiMu"],"picked":"SKIP","floor":12.0},{"not_picked":["Conquer:ReiMu","CollectionFlower2:ReiMu","Enchanting:ReiMu"],"picked":"SKIP","floor":14.0},{"not_picked":["DependentForm:ReiMu","BlastKick2:ReiMu"],"picked":"Authority:ReiMu","floor":16.0},{"not_picked":["AirManeuver:ReiMu","OctopathBindingBorder2:ReiMu","FoulBorder2:ReiMu"],"picked":"SKIP","floor":18.0},{"not_picked":["AlertArray:ReiMu","Meditation:ReiMu"],"picked":"SafetyPray:ReiMu+1","floor":20.0},{"not_picked":["AlertArray:ReiMu+1","AirStrike:ReiMu+1","EmergencyTakeOff:ReiMu"],"picked":"SKIP","floor":21.0},{"not_picked":["YinYangSign:ReiMu","PhosphorusFlame:ReiMu","CareerPray:ReiMu"],"picked":"SKIP","floor":22.0},{"not_picked":["AirStrike:ReiMu","OctopathBindingBorder2:ReiMu","PhosphorusFlame:ReiMu"],"picked":"SKIP","floor":24.0},{"not_picked":["Conquer:ReiMu","Enchanting:ReiMu","OrbThrow:ReiMu"],"picked":"SKIP","floor":29.0}],"player_experience":32770,"relics_obtained":[{"floor":6.0,"key":"Pocketwatch"},{"floor":9.0,"key":"FossilizedHelix"},{"floor":14.0,"key":"War Paint"},{"floor":26.0,"key":"Vajra"}],"event_choices":[{"damage_healed":0.0,"max_hp_gain":0.0,"max_hp_loss":0.0,"gold_gain":75.0,"event_name":"World of Goop","player_choice":"Gather Gold","floor":2.0,"gold_loss":0.0,"damage_taken":11.0},{"damage_healed":0.0,"max_hp_gain":0.0,"max_hp_loss":0.0,"gold_gain":175.0,"event_name":"Liars Game","player_choice":"AGREE","floor":3.0,"gold_loss":0.0,"damage_taken":0.0,"cards_obtained":["Doubt"]},{"damage_healed":0.0,"max_hp_gain":0.0,"max_hp_loss":0.0,"gold_gain":0.0,"cards_transformed":["Strike_Lin:ReiMu"],"event_name":"Transmorgrifier","player_choice":"Transformed","floor":5.0,"gold_loss":0.0,"damage_taken":0.0,"cards_obtained":["DependentForm:ReiMu"]},{"cards_removed":["Strike_Lin:ReiMu"],"damage_healed":0.0,"max_hp_gain":0.0,"max_hp_loss":0.0,"gold_gain":0.0,"event_name":"Beggar","player_choice":"Gave Gold","floor":19.0,"gold_loss":75.0,"damage_taken":0.0},{"damage_healed":0.0,"max_hp_gain":0.0,"max_hp_loss":0.0,"gold_gain":0.0,"event_name":"Vampires","player_choice":"Ignored","floor":28.0,"gold_loss":0.0,"damage_taken":0.0},{"damage_healed":0,"gold_gain":0,"player_choice":"Fight","damage_taken":0,"max_hp_gain":0,"max_hp_loss":0,"event_name":"Colosseum","floor":30,"gold_loss":0}],"is_beta":false,"boss_relics":[{"not_picked":["Coffee Dripper","Astrolabe"],"picked":"Empty Cage"}],"items_purged_floors":[10,27],"is_endless":false,"potions_floor_spawned":[1,4,14,21,22,24,29],"killed_by":"Colosseum Slavers","ascension_level":0}}