{"host":"51qmnr9isyv85d0p","time":1609483563,"event":{"mods":["AchievementEnabler","BaseMod","Colored Map","Colored Powertips","Curses Come First","Downfall","Minty Spire (QoL Compilation)","Relic Stats","StSLib","TestMod","vexMod"],"gold_per_floor":[99,112,9999,9070,9121,9121,9166,9202,9227,8859,8859,8884,8884,8906,8930,9048,9048,9048,9068,9092,8423,8423,7821,7901,7018,7057,7057,7093,7122,7157,7157,7172,7283,7283,7283,7306,7334,6576,6576,6576,6576,6576,5757,5757,5777,5777,5801,4834,4860,4878],"floor_reached":51,"playtime":1675,"items_purged":["champ:Defend","champ:Defend","champ:Strike","champ:Defend","champ:Strike","champ:Taunt+1","champ:Duel+1","champ:FocusedGladiator+1"],"score":1305,"play_id":"cd05b243-2814-4a8b-bbb2-5970de09423a","local_time":"20210101144603","is_ascension_mode":true,"campfire_choices":[{"data":"champ:Taunt","floor":1.0,"key":"SMITH"},{"data":"champ:FocusedGladiator","floor":11,"key":"SMITH"},{"data":"champ:Execute","floor":13,"key":"SMITH"},{"data":"Finesse","floor":18,"key":"SMITH"},{"data":"champ:PerfectForm","floor":27,"key":"SMITH"},{"data":"champ:Duel","floor":35,"key":"SMITH"},{"floor":42,"key":"REST"},{"floor":44,"key":"REST"},{"floor":46,"key":"REST"}],"circlet_count":0,"master_deck":["champ:Execute+1","champ:PerfectForm+1","Finesse+1","Violence+1"],"relics":["champ:ChampionCrown","testmod-TestBox","testmod-DeterminationOfClimber","testmod-Fortitude","Letter Opener","Guardian:PocketSentry","testmod-AssaultLearning","Kunai","TungstenRod","vexMod:Cooldron","testmod-Fanaticism","testmod-IndustrialRevolution","Darkstone Periapt","OrangePellets","Anchor","vexMod:MemoryStick","HandDrill","testmod-Hope","testmod-ArcanaOfDestiny","vexMod:CardConverter","Chemical X","champ:DefensiveTrainingManual","Incense Burner","Dream Catcher","Sozu","Strawberry","Pear","vexMod:Spyglass","Lantern","War Paint","testmod-FatalChain","Regal Pillow","TheAbacus","Pantograph","testmod-HeartOfStrike","Frozen Eye"],"acts_visited":["Exordium","TheCity","TheBeyond"],"potions_floor_usage":[16],"damage_taken":[{"damage":10.0,"enemies":"Cultist","floor":2.0,"turns":2.0},{"damage":10.0,"enemies":"Jaw Worm","floor":3.0,"turns":4.0},{"damage":20.0,"enemies":"downfall:FleeingMerchant","floor":4.0,"turns":4.0},{"damage":13.0,"enemies":"3 Sentries","floor":8.0,"turns":4.0},{"damage":10.0,"enemies":"Small Slimes","floor":9.0,"turns":1.0},{"damage":55.0,"enemies":"downfall:FleeingMerchant","floor":10.0,"turns":2.0},{"damage":16,"enemies":"Lagavulin","floor":12,"turns":1},{"damage":4,"enemies":"2 Fungi Beasts","floor":14,"turns":1},{"damage":4,"enemies":"Large Slime","floor":15,"turns":1},{"damage":24,"enemies":"downfall:Watcher","floor":16,"turns":1},{"damage":12,"enemies":"Shell Parasite","floor":19,"turns":1},{"damage":16,"enemies":"Chosen","floor":20,"turns":1},{"damage":16,"enemies":"Gremlin Leader","floor":26,"turns":1},{"damage":16,"enemies":"Slavers","floor":28,"turns":1},{"damage":16,"enemies":"3 Cultists","floor":29,"turns":1},{"damage":16,"enemies":"Gremlin Leader","floor":30,"turns":1},{"damage":4,"enemies":"Snake Plant","floor":32,"turns":1},{"damage":24,"enemies":"downfall:Ironclad","floor":33,"turns":1},{"damage":8,"enemies":"Orb Walker","floor":36,"turns":1},{"damage":0,"enemies":"3 Darklings","floor":37,"turns":1},{"damage":8,"enemies":"Jaw Worm Horde","floor":45,"turns":1},{"damage":16,"enemies":"Spire Growth","floor":47,"turns":1},{"damage":12,"enemies":"Sphere and 2 Shapes","floor":49,"turns":1},{"damage":32,"enemies":"downfall:Silent","floor":50,"turns":1}],"seed_played":"-807838236279559963","potions_obtained":[{"floor":2.0,"key":"Fruit Juice"},{"floor":14,"key":"EntropicBrew"},{"floor":16,"key":"EntropicBrew"},{"floor":20,"key":"EntropicBrew"}],"is_trial":false,"path_per_floor":["R","M","M","$","T","?","T","E","M","$","R","E","R","M","M","B",null,"R","M","M","$","?","$","T","$","E","R","E","M","E","?","M","B",null,"R","M","M","?","T","?","T","R","$","R","M","R","M","$","M","B",null],"character_chosen":"THE_CHAMP","items_purchased":["testmod-Fortitude","Letter Opener","Finesse","ColorlessPotion","DuplicationPotion","champ:TechniquePotion","TungstenRod","vexMod:Cooldron","Violence","testmod-IndustrialRevolution","Darkstone Periapt","OrangePellets","Anchor","vexMod:MemoryStick","HandDrill","testmod-ArcanaOfDestiny","vexMod:CardConverter","Chemical X","Strawberry","Pear","vexMod:Spyglass","testmod-FatalChain","Regal Pillow","TheAbacus","Pantograph","testmod-HeartOfStrike","Frozen Eye"],"campfire_rested":3,"item_purchase_floors":[4,4,4,4,4,4,10,10,10,21,21,21,23,23,23,25,25,25,38,38,38,43,43,43,48,48,48],"current_hp_per_floor":[63,70,74,82,82,82,82,87,95,95,95,95,95,95,95,95,95,95,95,95,95,95,95,95,95,95,95,95,95,95,95,95,95,95,95,95,95,112,112,112,112,112,112,112,112,112,112,112,112,112],"gold":4878,"neow_bonus":"REMOVE_TWO","is_daily":false,"chose_seed":false,"campfire_upgraded":6,"win_rate":0.0,"timestamp":1609483563,"path_taken":["R","M","M","$","?","?","T","E","M","$","R","E","R","M","M","BOSS","R","M","M","$","?","$","T","$","E","R","E","M","E","?","M","BOSS","R","M","M","?","?","?","T","R","$","R","M","R","M","$","M","BOSS"],"items_purchased_type":["Relic","Relic","Card","Potion","Potion","Potion","Relic","Relic","Card","Relic","Relic","Relic","Relic","Relic","Relic","Relic","Relic","Relic","Relic","Relic","Relic","Relic","Relic","Relic","Relic","Relic","Relic"],"build_version":"2020-12-22","purchased_purges":8,"victory":true,"max_hp_per_floor":[90,95,95,95,95,95,95,95,95,95,95,95,95,95,95,95,95,95,95,95,95,95,95,95,95,95,95,95,95,95,95,95,95,95,95,95,95,112,112,112,112,112,112,112,112,112,112,112,112,112],"relic_stats":{"Darkstone Periapt":0,"Regal Pillow":0,"counters":[24,34],"Letter Opener":[286],"War Paint":["Violence"],"Sozu":0,"OrangePellets":[0],"Dream Catcher":3,"TheAbacus":[342],"Pantograph":0,"HandDrill":[10],"Kunai":[28],"Chemical X":[1],"obtain_stats":[{"Darkstone Periapt":21,"testmod-HeartOfStrike":48,"vexMod:MemoryStick":23,"Lantern":39,"Regal Pillow":43,"champ:ChampionCrown":0,"Incense Burner":28,"vexMod:Spyglass":38,"Sozu":34,"testmod-Fanaticism":17,"Frozen Eye":48,"Dream Catcher":30,"TheAbacus":43,"vexMod:CardConverter":25,"champ:DefensiveTrainingManual":26,"Strawberry":38,"Pantograph":48,"testmod-DeterminationOfClimber":0,"HandDrill":23,"Kunai":8,"Chemical X":25,"testmod-ArcanaOfDestiny":25,"testmod-TestBox":0,"Pear":38,"testmod-FatalChain":43,"Guardian:PocketSentry":5,"Letter Opener":4,"War Paint":41,"testmod-IndustrialRevolution":21,"testmod-Fortitude":4,"OrangePellets":21,"vexMod:Cooldron":10,"Anchor":23,"testmod-AssaultLearning":7,"testmod-Hope":24,"TungstenRod":10},{"Darkstone Periapt":12,"testmod-HeartOfStrike":22,"vexMod:MemoryStick":12,"Lantern":20,"Regal Pillow":20,"champ:ChampionCrown":0,"Incense Burner":14,"vexMod:Spyglass":20,"Sozu":18,"testmod-Fanaticism":10,"Frozen Eye":22,"Dream Catcher":16,"TheAbacus":20,"vexMod:CardConverter":12,"champ:DefensiveTrainingManual":13,"Strawberry":20,"Pantograph":22,"testmod-DeterminationOfClimber":0,"HandDrill":12,"Kunai":4,"Chemical X":12,"testmod-ArcanaOfDestiny":12,"testmod-TestBox":0,"Pear":20,"testmod-FatalChain":20,"Guardian:PocketSentry":3,"Letter Opener":3,"War Paint":20,"testmod-IndustrialRevolution":12,"testmod-Fortitude":3,"OrangePellets":12,"vexMod:Cooldron":6,"Anchor":12,"testmod-AssaultLearning":3,"testmod-Hope":12,"TungstenRod":6},{"Darkstone Periapt":22,"testmod-HeartOfStrike":32,"vexMod:MemoryStick":22,"Lantern":30,"Regal Pillow":30,"champ:ChampionCrown":0,"Incense Burner":24,"vexMod:Spyglass":30,"Sozu":28,"testmod-Fanaticism":20,"Frozen Eye":32,"Dream Catcher":26,"TheAbacus":30,"vexMod:CardConverter":22,"champ:DefensiveTrainingManual":23,"Strawberry":30,"Pantograph":32,"testmod-DeterminationOfClimber":0,"HandDrill":22,"Kunai":13,"Chemical X":22,"testmod-ArcanaOfDestiny":22,"testmod-TestBox":0,"Pear":30,"testmod-FatalChain":30,"Guardian:PocketSentry":10,"Letter Opener":10,"War Paint":30,"testmod-IndustrialRevolution":22,"testmod-Fortitude":10,"OrangePellets":22,"vexMod:Cooldron":16,"Anchor":22,"testmod-AssaultLearning":10,"testmod-Hope":22,"TungstenRod":16}],"TungstenRod":67},"card_choices":[{"not_picked":["champ:CrookedStrike","champ:FanOfKnives"],"picked":"champ:FocusedGladiator","floor":2.0},{"not_picked":["champ:DefensiveShout","champ:FalseCounter","champ:AdrenalArmor"],"picked":"SKIP","floor":3.0},{"not_picked":["champ:Backstep","champ:Control"],"picked":"champ:PerfectForm","floor":4.0},{"not_picked":["champ:RecklessLeap","champ:TornadoPunch","champ:DefensiveStyle"],"picked":"SKIP","floor":8.0},{"not_picked":["champ:Circumvent","champ:GladiatorsShout"],"picked":"champ:Duel","floor":9.0},{"not_picked":["champ:SkillfulDodge","champ:RecklessLeap","champ:RapidStrikes"],"picked":"SKIP","floor":12},{"not_picked":["champ:RisingSlash","champ:DeathBlow","champ:BerserkersShout"],"picked":"SKIP","floor":14},{"not_picked":["champ:BerserkersShout","champ:TornadoPunch","champ:HeavySlash"],"picked":"SKIP","floor":15},{"not_picked":["champ:Circumvent+1","champ:BringItOn+1","champ:IronFortress"],"picked":"SKIP","floor":19},{"not_picked":["champ:HeartStrike","champ:Backstep+1","champ:GutPunch"],"picked":"SKIP","floor":20},{"not_picked":["champ:Haymaker+1","champ:EndlessRage","champ:TornadoPunch+1"],"picked":"SKIP","floor":26},{"not_picked":["champ:DeathBlow","champ:RapidStrikes","champ:Aggression+1"],"picked":"SKIP","floor":28},{"not_picked":["champ:GladiatorStyle","champ:HeartStrike","champ:BerserkerStyle+1"],"picked":"SKIP","floor":29},{"not_picked":["champ:StanceDance","champ:FocusedGladiator","champ:Encircle"],"picked":"SKIP","floor":30},{"not_picked":["champ:BerserkersShout","champ:CalledShot","champ:Control"],"picked":"SKIP","floor":32},{"not_picked":["champ:IronFortress","champ:AdrenalArmor+1","champ:StanceDance+1"],"picked":"SKIP","floor":36},{"not_picked":["champ:CrookedStrike","champ:StanceDance+1","champ:Duel+1"],"picked":"SKIP","floor":37},{"not_picked":["champ:FocusedGladiator","champ:Circumvent","champ:BringItOn"],"picked":"SKIP","floor":45},{"not_picked":["champ:TornadoPunch+1","champ:FanOfKnives+1","champ:EnragedBash+1"],"picked":"SKIP","floor":47},{"not_picked":["champ:FanOfKnives","champ:HeavySlash","champ:CrookedStrike+1"],"picked":"SKIP","floor":49}],"player_experience":53493,"relics_obtained":[{"floor":5.0,"key":"Guardian:PocketSentry"},{"floor":7.0,"key":"testmod-AssaultLearning"},{"floor":8.0,"key":"Kunai"},{"floor":24,"key":"testmod-Hope"},{"floor":26,"key":"champ:DefensiveTrainingManual"},{"floor":28,"key":"Incense Burner"},{"floor":30,"key":"Dream Catcher"},{"floor":39,"key":"Lantern"},{"floor":41,"key":"War Paint"}],"event_choices":[{"cards_removed":["champ:Strike"],"damage_healed":0.0,"max_hp_gain":0.0,"max_hp_loss":0.0,"gold_gain":0.0,"event_name":"The Cleric","player_choice":"Card Removal","floor":6.0,"gold_loss":0.0,"damage_taken":0.0},{"damage_healed":0,"gold_gain":0,"player_choice":"Ignored","damage_taken":0,"max_hp_gain":0,"max_hp_loss":0,"event_name":"给自己的盒子","floor":31,"gold_loss":0},{"damage_healed":0,"gold_gain":0,"player_choice":"Ignored","damage_taken":0,"max_hp_gain":0,"max_hp_loss":0,"event_name":"Transmorgrifier","floor":40,"gold_loss":0}],"is_beta":false,"boss_relics":[{"not_picked":["expansioncontent:StudyCardRelic","testmod-CardMagician"],"picked":"testmod-Fanaticism"},{"not_picked":["testmod-IncinerationGenerator","testmod-Nine"],"picked":"Sozu"}],"items_purged_floors":[4,10,21,23,25,38,43,48],"is_endless":false,"potions_floor_spawned":[2,9,14,16,20,28,45,47,49],"ascension_level":1}}