{"host":"qc268ltokmxwqyrx","time":1609461107,"event":{"mods":["BaseMod","Colored Map","Colored Powertips","Minty Spire (QoL Compilation)","Relic Stats","Slay the Relics Exporter","StSLib","ojb\u0027s Info Mod"],"gold_per_floor":[110,126,126,140,140,140,192,192,216,250,6,6,6,29,29,124,124,140,190,190,19,40,40,78,78,78,78,78,78],"floor_reached":28,"playtime":839,"items_purged":["Strike_G"],"score":464,"play_id":"3b1381f5-70a9-4a22-9c01-bd655261e97a","local_time":"20201231183147","is_ascension_mode":true,"campfire_choices":[{"data":"Noxious Fumes","floor":6,"key":"SMITH"},{"data":"Neutralize","floor":8,"key":"SMITH"},{"floor":13,"key":"REST"},{"data":"Calculated Gamble","floor":15,"key":"SMITH"},{"data":"Adrenaline","floor":23,"key":"SMITH"},{"floor":25,"key":"REST"},{"floor":27,"key":"REST"}],"circlet_count":0,"master_deck":["AscendersBane","Strike_G+1","Strike_G","Strike_G","Strike_G+1","Defend_G","Defend_G","Defend_G","Defend_G","Defend_G","Survivor+1","Neutralize+1","Backstab+1","Blade Dance","Noxious Fumes+1","Malaise+1","Calculated Gamble+1","Adrenaline+1","Leg Sweep","PiercingWail+1","Skewer","Backflip"],"relics":["SacredBark","Golden Idol","Dream Catcher","Whetstone","Philosopher\u0027s Stone","OrangePellets","Bag of Marbles","Mummified Hand"],"acts_visited":["Exordium","TheCity"],"potions_floor_usage":[10,16,24,24,28],"damage_taken":[{"damage":3,"enemies":"Cultist","floor":1,"turns":5},{"damage":0,"enemies":"Small Slimes","floor":2,"turns":3},{"damage":0,"enemies":"2 Louse","floor":4,"turns":3},{"damage":21,"enemies":"Gremlin Nob","floor":10,"turns":4},{"damage":4,"enemies":"Red Slaver","floor":14,"turns":4},{"damage":21,"enemies":"The Guardian","floor":16,"turns":15},{"damage":5,"enemies":"Shell Parasite","floor":18,"turns":7},{"damage":4,"enemies":"Chosen","floor":22,"turns":8},{"damage":33,"enemies":"Slavers","floor":24,"turns":7},{"damage":46,"enemies":"Gremlin Leader","floor":28,"turns":5}],"seed_played":"51084531672824552","potions_obtained":[{"floor":4,"key":"AttackPotion"},{"floor":10,"key":"Strength Potion"},{"floor":22,"key":"EssenceOfSteel"},{"floor":24,"key":"SneckoOil"}],"is_trial":false,"path_per_floor":["M","M","?","M","?","R","?","R","T","E","$","?","R","M","R","B",null,"M","?","T","$","M","R","E","R","T","R","E"],"character_chosen":"THE_SILENT","items_purchased":["Malaise","DuplicationPotion","OrangePellets"],"campfire_rested":3,"item_purchase_floors":[11,11,21],"current_hp_per_floor":[56,56,36,36,36,36,36,36,36,15,15,15,33,29,29,8,47,42,42,42,42,38,38,5,23,23,41,0,0],"gold":78,"neow_bonus":"BOSS_RELIC","is_daily":false,"chose_seed":false,"campfire_upgraded":4,"win_rate":0.0,"timestamp":1609461107,"path_taken":["M","M","?","M","?","R","?","R","T","E","$","?","R","M","R","BOSS","M","?","?","$","M","R","E","R","T","R","E"],"items_purchased_type":["Card","Potion","Relic"],"build_version":"2020-12-22","purchased_purges":1,"victory":false,"max_hp_per_floor":[66,66,66,66,60,60,60,60,60,60,60,60,60,60,60,60,60,60,60,60,60,60,60,60,60,60,60,60,60],"relic_stats":{"OrangePellets":[1],"Dream Catcher":3,"counters":[10,61],"Golden Idol":46,"Mummified Hand":[1],"Whetstone":["Backstab","Strike_G"],"obtain_stats":[{"OrangePellets":21,"Dream Catcher":9,"Golden Idol":5,"Mummified Hand":26,"SacredBark":0,"Philosopher\u0027s Stone":17,"Bag of Marbles":24,"Whetstone":10,"Ring of the Snake":0},{"OrangePellets":7,"Dream Catcher":3,"Golden Idol":3,"Mummified Hand":9,"SacredBark":0,"Philosopher\u0027s Stone":6,"Bag of Marbles":9,"Whetstone":4,"Ring of the Snake":0},{"OrangePellets":41,"Dream Catcher":11,"Golden Idol":11,"Mummified Hand":56,"SacredBark":0,"Philosopher\u0027s Stone":34,"Bag of Marbles":56,"Whetstone":15,"Ring of the Snake":0}]},"card_choices":[{"not_picked":["Dagger Throw","Well Laid Plans"],"picked":"Backstab","floor":1},{"not_picked":["Flying Knee","Backflip"],"picked":"Blade Dance","floor":2},{"not_picked":["Bouncing Flask","Flying Knee"],"picked":"Noxious Fumes","floor":4},{"not_picked":["Distraction","Prepared","Bane"],"picked":"SKIP","floor":10},{"not_picked":["PiercingWail","Blade Dance"],"picked":"Calculated Gamble","floor":14},{"not_picked":["Phantasmal Killer","After Image"],"picked":"Adrenaline","floor":16},{"not_picked":["Cloak And Dagger","Escape Plan"],"picked":"Leg Sweep","floor":18},{"not_picked":["Poisoned Stab","Expertise","Cloak And Dagger"],"picked":"SKIP","floor":22},{"not_picked":["Riddle With Holes","Die Die Die"],"picked":"PiercingWail+1","floor":24},{"not_picked":["Dodge and Roll","Flying Knee"],"picked":"Skewer","floor":25},{"not_picked":["Calculated Gamble","Reflex"],"picked":"Backflip","floor":27}],"player_experience":1782071,"relics_obtained":[{"floor":9,"key":"Dream Catcher"},{"floor":10,"key":"Whetstone"},{"floor":24,"key":"Bag of Marbles"},{"floor":26,"key":"Mummified Hand"}],"event_choices":[{"damage_healed":0,"gold_gain":0,"player_choice":"Entered Light","damage_taken":20,"max_hp_gain":0,"max_hp_loss":0,"event_name":"Shining Light","floor":3,"gold_loss":0,"cards_upgraded":["Survivor","Strike_G"]},{"damage_healed":0,"gold_gain":0,"player_choice":"Lose Max HP","damage_taken":0,"relics_obtained":["Golden Idol"],"max_hp_gain":0,"max_hp_loss":6,"event_name":"Golden Idol","floor":5,"gold_loss":0},{"damage_healed":0,"gold_gain":52,"player_choice":"Gained Gold","damage_taken":0,"max_hp_gain":0,"max_hp_loss":0,"event_name":"Golden Wing","floor":7,"gold_loss":0},{"damage_healed":0,"gold_gain":0,"player_choice":"Upgraded","damage_taken":0,"max_hp_gain":0,"max_hp_loss":0,"event_name":"Upgrade Shrine","floor":12,"gold_loss":0,"cards_upgraded":["Malaise"]},{"damage_healed":0,"gold_gain":50,"player_choice":"Stole From Cult","damage_taken":0,"max_hp_gain":0,"max_hp_loss":0,"event_name":"Nest","floor":19,"gold_loss":0}],"is_beta":false,"boss_relics":[{"not_picked":["HoveringKite","Busted Crown"],"picked":"Philosopher\u0027s Stone"}],"items_purged_floors":[11],"is_endless":false,"potions_floor_spawned":[4,10,14,22,24],"killed_by":"Gremlin Leader","ascension_level":20}}