{"host":"w36evy4uyf1bcavi","time":1609503188,"event":{"mods":["Act Like it!","Aspiration","BaseMod","Conspire","Hallownest","Jedi Mod","Minty Spire (QoL Compilation)","Replay The Spire","Spicy Shops","StSLib","The Hayseed","The Hierophant"],"gold_per_floor":[116,129,139,153,153,182,198,198,198,211,211,223,223,254,266,378,390,417,429,716,748,773,802,847,859,896,908,937,155,224,234,234,332,332,342,359,370,293,339,369,369,384,407,417,437,468,485,499,499,499,499,499,15,41,41,41],"floor_reached":55,"playtime":30453,"items_purged":["Regret"],"score":717,"play_id":"c8fbc6b3-067d-46f0-a8f3-3491d74d7fee","local_time":"20210101201308","is_ascension_mode":false,"campfire_choices":[{"floor":8.0,"key":"REST"},{"data":"TheSimpletonMod:BuzzBomb","floor":11.0,"key":"SMITH"},{"data":"TheSimpletonMod:Biorefinement","floor":15.0,"key":"SMITH"},{"floor":32.0,"key":"REST"},{"floor":49.0,"key":"RECALL"},{"data":"TheSimpletonMod:ResistantStrain","floor":52,"key":"SMITH"}],"circlet_count":0,"master_deck":["TheSimpletonMod:Strike_TheSimpleton","TheSimpletonMod:Strike_TheSimpleton+1","TheSimpletonMod:Strike_TheSimpleton","TheSimpletonMod:Strike_TheSimpleton+1","TheSimpletonMod:Defend_TheSimpleton","TheSimpletonMod:Defend_TheSimpleton","TheSimpletonMod:Defend_TheSimpleton","TheSimpletonMod:Haymaker","TheSimpletonMod:BuzzBomb+1","TheSimpletonMod:SoilSample","TheSimpletonMod:Pruning","TheSimpletonMod:Onions","TheSimpletonMod:Swelter","TheSimpletonMod:ReekAndSow","TheSimpletonMod:BirdFeeder+1","TheSimpletonMod:Innovate","TheSimpletonMod:Ferment","TheSimpletonMod:VineRipen","TheSimpletonMod:Biorefinement+1","TheSimpletonMod:ResistantStrain+1","TheSimpletonMod:ToughenUp+1","TheSimpletonMod:RootDown","TheSimpletonMod:Sunseed+1","TheSimpletonMod:Ferment+1","TheSimpletonMod:Turnips","TheSimpletonMod:Onions+1","TheSimpletonMod:Turnips","TheSimpletonMod:Germinate","TheSimpletonMod:VolatileFumes+1","CurseOfTheBell","TheSimpletonMod:Onions","TheSimpletonMod:Swelter","TheSimpletonMod:Pruning","TheSimpletonMod:Thresh","TheSimpletonMod:CropRotation+1","TheSimpletonMod:Onions+1","TheSimpletonMod:Rototilling","TheSimpletonMod:Surplus","TheSimpletonMod:Thresh+1","TheSimpletonMod:Germinate+1","TheSimpletonMod:Turnips","TheSimpletonMod:Onions+1"],"relics":["TheSimpletonMod:SpudOfTheInnocent","TheSimpletonMod:NightSoil","TheSimpletonMod:TheHarvester","Mercury Hourglass","jedi:heavyjacket","MawBank","Painkiller Herb","ReplayTheSpireMod:Shallot","Replay:Wax Seal","OrangePellets","Mirror","Gremlin Food","jedi:shrinkray","Ornamental Fan","Calling Bell","aspiration:ChemicalBlood","White Beast Statue","Kunai","Boot","Bird Faced Urn","PreservedInsect","Pen Nib","jedi:arcanewood","Lee\u0027s Waffle","Whetstone","ReplayFunnel","Replay:Mystery Machine"],"acts_visited":["Exordium","TheCity","TheBeyond","TheEnding"],"potions_floor_usage":[55,55,55,55,55,55,55],"damage_taken":[{"damage":0.0,"enemies":"conspire:RoseBush","floor":1.0,"turns":2.0},{"damage":9.0,"enemies":"2 Louse","floor":2.0,"turns":2.0},{"damage":0.0,"enemies":"Cultist","floor":3.0,"turns":2.0},{"damage":17.0,"enemies":"Gremlin Gang","floor":4.0,"turns":5.0},{"damage":9.0,"enemies":"Replay:BlueRogue","floor":6.0,"turns":6.0},{"damage":10.0,"enemies":"Exordium Thugs","floor":7.0,"turns":3.0},{"damage":7.0,"enemies":"conspire:2 RoseBushes","floor":10.0,"turns":5.0},{"damage":7.0,"enemies":"Exordium Wildlife","floor":12.0,"turns":4.0},{"damage":13.0,"enemies":"Lagavulin","floor":14.0,"turns":7.0},{"damage":38.0,"enemies":"Hexaghost","floor":16.0,"turns":9.0},{"damage":2.0,"enemies":"3 Byrds","floor":18.0,"turns":5.0},{"damage":34.0,"enemies":"2 Thieves","floor":21.0,"turns":5.0},{"damage":14.0,"enemies":"Snecko","floor":22.0,"turns":5.0},{"damage":12.0,"enemies":"Centurion and Healer","floor":23.0,"turns":8.0},{"damage":30.0,"enemies":"conspire:SneckoGhost","floor":24.0,"turns":7.0},{"damage":57.0,"enemies":"Snake Plant","floor":28.0,"turns":7.0},{"damage":0.0,"enemies":"Snecko","floor":31.0,"turns":5.0},{"damage":16.0,"enemies":"Champ","floor":33.0,"turns":14.0},{"damage":0.0,"enemies":"Orb Walker","floor":35.0,"turns":4.0},{"damage":6.0,"enemies":"3 Darklings","floor":36.0,"turns":11.0},{"damage":7.0,"enemies":"Sphere and 2 Shapes","floor":37.0,"turns":4.0},{"damage":30.0,"enemies":"2 Orb Walkers","floor":39.0,"turns":8.0},{"damage":0.0,"enemies":"R_Hoarder","floor":40.0,"turns":18.0},{"damage":0.0,"enemies":"Maw","floor":42.0,"turns":10.0},{"damage":3.0,"enemies":"Writhing Mass","floor":44.0,"turns":5.0},{"damage":0.0,"enemies":"4 Shapes","floor":45.0,"turns":4.0},{"damage":30.0,"enemies":"Reptomancer","floor":46.0,"turns":3.0},{"damage":0.0,"enemies":"Jaw Worm Horde","floor":47.0,"turns":4.0},{"damage":0.0,"enemies":"3 Darklings","floor":48.0,"turns":4.0},{"damage":68.0,"enemies":"Replay:Hell Engine","floor":50.0,"turns":34.0},{"damage":28,"enemies":"Shield and Spear","floor":54,"turns":10},{"damage":180,"enemies":"The Heart","floor":55,"turns":14}],"seed_played":"7635873343581324673","potions_obtained":[{"floor":2.0,"key":"Strength Potion"},{"floor":7.0,"key":"Dexterity Potion"},{"floor":10.0,"key":"Block Potion"},{"floor":12.0,"key":"Weak Potion"},{"floor":16.0,"key":"BlessingOfTheForge"},{"floor":21.0,"key":"SteroidPotion"},{"floor":23.0,"key":"jedi:tentaclejuice"},{"floor":24.0,"key":"FearPotion"},{"floor":28.0,"key":"Swift Potion"},{"floor":33.0,"key":"Fire Potion"},{"floor":35.0,"key":"FairyPotion"},{"floor":36.0,"key":"Explosive Potion"},{"floor":37.0,"key":"Elixir"},{"floor":39.0,"key":"BlessingOfTheForge"},{"floor":39.0,"key":"Venom Potion"},{"floor":40.0,"key":"Languid Potion"},{"floor":42.0,"key":"Dexterity Potion"},{"floor":45.0,"key":"Strength Potion"},{"floor":46.0,"key":"jedi:StrikingPotion"},{"floor":46.0,"key":"Energy Potion"},{"floor":46.0,"key":"Adrenaline Potion"},{"floor":47.0,"key":"Fire Potion"},{"floor":48.0,"key":"ColorlessPotion"},{"floor":55,"key":"Elixir"}],"is_trial":false,"path_per_floor":["M","M","M","M","?","E","M","R","T","M","R","M","?","E","R","B",null,"?","T","?","?","?","?","E","T","T","T","?","T","T","?","T","B",null,"?","?","?","T","?","E","?","?","T","?","?","E","?","?","T","B",null,"T","T","E","B"],"character_chosen":"THE_SIMPLETON","items_purchased":["Replay:Wax Seal","OrangePellets","Mirror","Gremlin Food","jedi:shrinkray","TheSimpletonMod:Turnips","Boot","Lee\u0027s Waffle","TheSimpletonMod:Turnips","Whetstone","ReplayFunnel"],"campfire_rested":2,"item_purchase_floors":[29,29,29,29,29,29,38,53,53,53,53],"current_hp_per_floor":[75,70,74,61,52,47,41,63,63,64,64,69,69,60,60,26,75,73,73,73,55,53,53,39,39,39,39,2,2,2,10,32,40,75,75,75,75,75,45,75,75,75,75,74,75,47,65,75,75,23,75,75,82,82,0,0],"gold":41,"neow_bonus":"RANDOM_EVENT","is_daily":false,"chose_seed":false,"campfire_upgraded":3,"win_rate":0.0,"timestamp":1609503188,"path_taken":["M","M","M","M","?","E","M","R","T","M","R","M","?","E","R","BOSS","?","T","?","?","?","?","E","T","T","?","?","T","?","?","T","BOSS","?","?","?","T","?","E","?","?","T","?","?","E","?","?","T","BOSS","T","T","E","BOSS"],"items_purchased_type":["Relic","Relic","Relic","Relic","Relic","Card","Relic","Relic","Card","Relic","Relic"],"build_version":"2020-12-22","purchased_purges":1,"victory":false,"max_hp_per_floor":[75,75,75,75,75,75,75,75,75,75,75,75,75,75,75,75,75,75,75,75,75,75,75,75,75,75,75,75,75,75,75,75,75,75,75,75,75,75,75,75,75,75,75,75,75,75,75,75,75,75,75,75,82,82,82,82],"card_choices":[{"not_picked":["TheSimpletonMod:SeedCoat","TheSimpletonMod:ToughenUp"],"picked":"TheSimpletonMod:SoilSample","floor":1.0},{"not_picked":["TheSimpletonMod:BumperCrop","TheSimpletonMod:PestManagement"],"picked":"TheSimpletonMod:Pruning","floor":2.0},{"not_picked":["TheSimpletonMod:Pruning","TheSimpletonMod:SlashAndBurn"],"picked":"TheSimpletonMod:Onions","floor":3.0},{"not_picked":["TheSimpletonMod:ToughenUp","TheSimpletonMod:Thresh"],"picked":"TheSimpletonMod:Swelter","floor":4.0},{"not_picked":["TheSimpletonMod:SeedCoat","TheSimpletonMod:CloseScrape"],"picked":"TheSimpletonMod:BirdFeeder","floor":6.0},{"not_picked":["TheSimpletonMod:Ferment","TheSimpletonMod:Sunseed"],"picked":"TheSimpletonMod:Innovate","floor":7.0},{"not_picked":["TheSimpletonMod:Rake","TheSimpletonMod:Swelter"],"picked":"TheSimpletonMod:Ferment","floor":10.0},{"not_picked":["TheSimpletonMod:CullingStrike","TheSimpletonMod:DoubleBarrel"],"picked":"TheSimpletonMod:VineRipen","floor":12.0},{"not_picked":["TheSimpletonMod:Germinate","TheSimpletonMod:Swelter"],"picked":"TheSimpletonMod:Biorefinement","floor":14.0},{"not_picked":["TheSimpletonMod:Surplus","TheSimpletonMod:TakeHeart"],"picked":"TheSimpletonMod:ResistantStrain","floor":16.0},{"not_picked":["TheSimpletonMod:SpiceUp+1","TheSimpletonMod:Aerate"],"picked":"TheSimpletonMod:ToughenUp+1","floor":18.0},{"not_picked":["TheSimpletonMod:Innovate+1","TheSimpletonMod:ControlledBurn"],"picked":"TheSimpletonMod:RootDown","floor":21.0},{"not_picked":["TheSimpletonMod:CullingStrike","TheSimpletonMod:SpiceUp+1"],"picked":"TheSimpletonMod:Sunseed","floor":22.0},{"not_picked":["TheSimpletonMod:PestManagement+1","TheSimpletonMod:BumperCrop+1"],"picked":"TheSimpletonMod:Ferment+1","floor":23.0},{"not_picked":["TheSimpletonMod:SeedCoat","TheSimpletonMod:Germinate"],"picked":"TheSimpletonMod:Turnips","floor":24.0},{"not_picked":["TheSimpletonMod:HitTheSack","TheSimpletonMod:Thresh"],"picked":"TheSimpletonMod:Onions+1","floor":28.0},{"not_picked":["TheSimpletonMod:Swelter","TheSimpletonMod:Onions"],"picked":"TheSimpletonMod:Germinate","floor":31.0},{"not_picked":["TheSimpletonMod:Strawberries","TheSimpletonMod:FlashPasteurize"],"picked":"TheSimpletonMod:VolatileFumes","floor":33.0},{"not_picked":["TheSimpletonMod:StockTheCellar","TheSimpletonMod:Fertilaser+1"],"picked":"TheSimpletonMod:Onions","floor":35.0},{"not_picked":["TheSimpletonMod:SeedCoat+1","TheSimpletonMod:StockTheCellar+1"],"picked":"TheSimpletonMod:Swelter","floor":36.0},{"not_picked":["TheSimpletonMod:PestManagement","TheSimpletonMod:CullingStrike"],"picked":"TheSimpletonMod:Pruning","floor":37.0},{"not_picked":["TheSimpletonMod:Rake","TheSimpletonMod:KeenEdge"],"picked":"TheSimpletonMod:Thresh","floor":39.0},{"not_picked":["TheSimpletonMod:OnionBloom","TheSimpletonMod:HitTheSack"],"picked":"TheSimpletonMod:CropRotation+1","floor":40.0},{"not_picked":["TheSimpletonMod:ControlledBurn+1","TheSimpletonMod:Swelter"],"picked":"TheSimpletonMod:Onions+1","floor":42.0},{"not_picked":["TheSimpletonMod:Fertilaser","TheSimpletonMod:Swelter"],"picked":"TheSimpletonMod:Rototilling","floor":44.0},{"not_picked":["TheSimpletonMod:Rototilling+1","TheSimpletonMod:DoubleBarrel+1"],"picked":"TheSimpletonMod:Surplus","floor":45.0},{"not_picked":["TheSimpletonMod:Sunseed","TheSimpletonMod:DoubleBarrel+1"],"picked":"TheSimpletonMod:Thresh+1","floor":46.0},{"not_picked":["TheSimpletonMod:Fertilaser","TheSimpletonMod:SaladShooter+1"],"picked":"TheSimpletonMod:Germinate+1","floor":47.0},{"not_picked":["TheSimpletonMod:DoubleBarrel","TheSimpletonMod:ControlledBurn","TheSimpletonMod:KeenEdge"],"picked":"SKIP","floor":48.0},{"not_picked":["TheSimpletonMod:Swelter+1","TheSimpletonMod:OnionBloom+1"],"picked":"TheSimpletonMod:Onions+1","floor":54}],"player_experience":370770,"relics_obtained":[{"floor":6.0,"key":"Mercury Hourglass"},{"floor":9.0,"key":"jedi:heavyjacket"},{"floor":14.0,"key":"MawBank"},{"floor":24.0,"key":"ReplayTheSpireMod:Shallot"},{"floor":30.0,"key":"Ornamental Fan"},{"floor":34.0,"key":"aspiration:ChemicalBlood"},{"floor":34.0,"key":"White Beast Statue"},{"floor":34.0,"key":"Kunai"},{"floor":39.0,"key":"Bird Faced Urn"},{"floor":40.0,"key":"PreservedInsect"},{"floor":43.0,"key":"Pen Nib"},{"floor":46.0,"key":"jedi:arcanewood"},{"floor":54,"key":"Replay:Mystery Machine"}],"event_choices":[{"damage_healed":0.0,"max_hp_gain":0.0,"max_hp_loss":0.0,"gold_gain":0.0,"cards_transformed":["TheSimpletonMod:Defend_TheSimpleton"],"event_name":"Living Wall","player_choice":"Change","floor":0.0,"gold_loss":0.0,"damage_taken":0.0,"cards_obtained":["TheSimpletonMod:BuzzBomb"]},{"damage_healed":0.0,"max_hp_gain":0.0,"max_hp_loss":0.0,"gold_gain":0.0,"event_name":"Upgrade Shrine","player_choice":"Upgraded","floor":13.0,"gold_loss":0.0,"damage_taken":0.0,"cards_upgraded":["TheSimpletonMod:BirdFeeder"]},{"damage_healed":0.0,"max_hp_gain":0.0,"max_hp_loss":0.0,"gold_gain":275.0,"event_name":"Golden Shrine","player_choice":"Desecrate","floor":20.0,"gold_loss":0.0,"damage_taken":0.0,"cards_obtained":["Regret"]},{"damage_healed":0.0,"max_hp_gain":0.0,"max_hp_loss":0.0,"gold_gain":0.0,"event_name":"Mysterious Sphere","player_choice":"Fight","floor":39.0,"gold_loss":0.0,"damage_taken":0.0},{"damage_healed":0.0,"max_hp_gain":0.0,"max_hp_loss":0.0,"gold_gain":0.0,"event_name":"Upgrade Shrine","player_choice":"Upgraded","floor":41.0,"gold_loss":0.0,"damage_taken":0.0,"cards_upgraded":["TheSimpletonMod:VolatileFumes"]}],"is_beta":false,"boss_relics":[{"not_picked":["Replay:Wanted Poster","jedi:paperlyon"],"picked":"Painkiller Herb"},{"not_picked":["Kintsugi","Pandora\u0027s Box"],"picked":"Calling Bell"}],"items_purged_floors":[29],"is_endless":false,"potions_floor_spawned":[2,7,10,12,16,21,23,24,28,33,35,36,37,39,40,42,44,45,46,47,48,54],"killed_by":"The Heart","ascension_level":0}}