{"host":"2461dio7vetlq1z3","time":1609532768,"event":{"mods":["2.2 Compatiblity","AchievementEnabler","BaseMod","Better Third Choice","Friendly Minions","Infinite Spire","Minty Spire (QoL Compilation)","Relic Stats","Spicy Shops","StSLib","Waifu the Spire"],"gold_per_floor":[368,385,7,0,0,29,29,61,61,90,109,138,156,38,38,115,115,89,89,104,104,104],"floor_reached":21,"playtime":974,"items_purged":["Regret"],"score":464,"play_id":"d53a8ee0-1d73-451c-b452-9752ab612ad9","local_time":"20210101212608","is_ascension_mode":true,"campfire_choices":[{"data":"Dash","floor":7,"key":"SMITH"},{"data":"Enlightenment","floor":15,"key":"SMITH"}],"circlet_count":0,"master_deck":["AscendersBane","Strike_G","Strike_G","Strike_G","Strike_G","Defend_G","Defend_G","Defend_G","Defend_G","Defend_G","Survivor","Neutralize","Dash+1","Quick Slash","Burst","Enlightenment+1","Dash","Envenom","Backstab","Blade Dance","Blade Dance","Sucker Punch","Venomology"],"relics":["Ring of the Snake","Sling","Letter Opener","Potion Belt","Smiling Mask","Ginger","Akabeko","PreservedInsect","Black Star"],"acts_visited":["Exordium","TheCity"],"potions_floor_usage":[8,12,16,20,21,21],"damage_taken":[{"damage":0,"enemies":"Cultist","floor":1,"turns":4},{"damage":2,"enemies":"Jaw Worm","floor":2,"turns":6},{"damage":9,"enemies":"3 Sentries","floor":6,"turns":14},{"damage":0,"enemies":"Gremlin Nob","floor":8,"turns":3},{"damage":12,"enemies":"3 Sentries","floor":10,"turns":8},{"damage":0,"enemies":"2 Louse","floor":11,"turns":2},{"damage":6,"enemies":"Gremlin Nob","floor":12,"turns":3},{"damage":0,"enemies":"Blue Slaver","floor":13,"turns":2},{"damage":15,"enemies":"Hexaghost","floor":16,"turns":7},{"damage":14,"enemies":"2 Thieves","floor":18,"turns":4},{"damage":12,"enemies":"Shell Parasite","floor":20,"turns":5},{"damage":11,"enemies":"Snake Plant","floor":21,"turns":3}],"seed_played":"5596542914288173566","potions_obtained":[{"floor":2,"key":"Strength Potion"},{"floor":6,"key":"Fire Potion"},{"floor":8,"key":"CultistPotion"},{"floor":20,"key":"CunningPotion"}],"is_trial":false,"path_per_floor":["M","M","$","?","?","E","R","E","T","E","M","E","M","$","R","B",null,"M","?","M","M"],"character_chosen":"THE_SILENT","items_purchased":["Burst","Sling","PreservedInsect"],"campfire_rested":0,"item_purchase_floors":[3,3,14],"current_hp_per_floor":[59,57,57,63,63,54,54,54,54,42,42,36,36,36,36,21,55,41,23,11,0,0],"gold":104,"neow_bonus":"TWO_FIFTY_GOLD","is_daily":false,"chose_seed":false,"campfire_upgraded":2,"win_rate":0.0,"timestamp":1609532768,"path_taken":["M","M","$","?","?","E","R","E","T","E","?","E","M","$","R","BOSS","M","?","M","M"],"items_purchased_type":["Card","Relic","Relic"],"build_version":"2020-12-22","purchased_purges":1,"victory":false,"max_hp_per_floor":[60,60,60,66,66,66,66,66,66,66,66,66,66,66,66,66,66,66,71,71,71,71],"relic_stats":{"counters":[12,61],"PreservedInsect":0,"Black Star":0,"Letter Opener":[45],"Ginger":[2],"Smiling Mask":25,"obtain_stats":[{"Potion Belt":8,"PreservedInsect":14,"Black Star":17,"Letter Opener":6,"Ginger":10,"Sling":3,"Smiling Mask":9,"Akabeko":12,"Ring of the Snake":0},{"Potion Belt":4,"PreservedInsect":8,"Black Star":9,"Letter Opener":3,"Ginger":5,"Sling":2,"Smiling Mask":4,"Akabeko":7,"Ring of the Snake":0},{"Potion Belt":27,"PreservedInsect":42,"Black Star":49,"Letter Opener":24,"Ginger":35,"Sling":10,"Smiling Mask":27,"Akabeko":40,"Ring of the Snake":0}],"Ring of the Snake":[24]},"card_choices":[{"not_picked":["Endless Agony","Accuracy"],"picked":"Dash","floor":1},{"not_picked":["Flechettes","Choke"],"picked":"Quick Slash","floor":2},{"not_picked":["Distraction","Sucker Punch"],"picked":"Dash","floor":6},{"not_picked":["Cloak And Dagger","Slice"],"picked":"Envenom","floor":8},{"not_picked":["Endless Agony","Deflect"],"picked":"Backstab","floor":10},{"not_picked":["Prepared","Flying Knee"],"picked":"Blade Dance","floor":11},{"not_picked":["Quick Slash","Underhanded Strike"],"picked":"Blade Dance","floor":12},{"not_picked":["Expertise","Caltrops"],"picked":"Sucker Punch","floor":13},{"not_picked":["Doppelganger","Phantasmal Killer"],"picked":"Venomology","floor":16},{"not_picked":["Dagger Spray","Poisoned Stab+1","Predator"],"picked":"SKIP","floor":18},{"not_picked":["Bane","Choke+1","All Out Attack"],"picked":"SKIP","floor":20}],"player_experience":992241,"relics_obtained":[{"floor":6,"key":"Letter Opener"},{"floor":8,"key":"Potion Belt"},{"floor":9,"key":"Smiling Mask"},{"floor":10,"key":"Ginger"},{"floor":12,"key":"Akabeko"}],"event_choices":[{"damage_healed":0,"gold_gain":0,"player_choice":"RENOUNCE","damage_taken":7,"max_hp_gain":0,"max_hp_loss":0,"event_name":"betterThird:BetterSerpent","floor":4,"gold_loss":7,"cards_obtained":["Enlightenment"]},{"cards_removed":["Strike_G"],"damage_healed":0,"gold_gain":0,"player_choice":"Offered Basic","damage_taken":0,"max_hp_gain":0,"max_hp_loss":0,"event_name":"Bonfire Elementals","floor":5,"gold_loss":0},{"damage_healed":0,"gold_gain":0,"player_choice":"Shed Blood","damage_taken":23,"max_hp_gain":5,"max_hp_loss":0,"event_name":"Forgotten Altar","floor":19,"gold_loss":0}],"is_beta":false,"boss_relics":[{"not_picked":["Sozu","Runic Dome"],"picked":"Black Star"}],"items_purged_floors":[14],"is_endless":false,"potions_floor_spawned":[2,6,8,20],"killed_by":"Snake Plant","ascension_level":20}}