{"host":"sc0o2qwpf9j16a4i","time":1609502961,"event":{"mods":["AchievementEnabler","BaseMod","BetterRewards","Block Reminder","Colored Map","Colored Powertips","Custom Start","Highlight Path","Minty Spire (QoL Compilation)","Relic Stats"],"gold_per_floor":[110,121,46,18,18,18,53,69,69,69,80,113,38,38,38,115,115,130,130,130,156,174,174,174],"floor_reached":23,"playtime":555,"items_purged":["Strike_B"],"score":594,"play_id":"54697d91-43ae-422b-804d-1d17c704a8c9","local_time":"20210101140921","is_ascension_mode":true,"campfire_choices":[{"data":"Sweeping Beam","floor":6.0,"key":"SMITH"},{"floor":10,"key":"REST"},{"data":"Beam Cell","floor":15,"key":"SMITH"}],"circlet_count":0,"master_deck":["AscendersBane","Strike_B","Defend_B","Defend_B","Defend_B","Defend_B","Zap","Dualcast","Self Repair","Gash","Sweeping Beam+1","Beam Cell+1","Leap","Gash","Ball Lightning","Cold Snap","Seek","Coolheaded","Go for the Eyes"],"relics":["Cracked Core","Oddly Smooth Stone","Calipers","Symbiotic Virus","Regal Pillow","Runic Pyramid","Nilry\u0027s Codex","Smiling Mask"],"acts_visited":["Exordium","TheCity"],"potions_floor_usage":[11,12,16,23],"damage_taken":[{"damage":0.0,"enemies":"Jaw Worm","floor":1.0,"turns":3.0},{"damage":4.0,"enemies":"Small Slimes","floor":2.0,"turns":3.0},{"damage":50.0,"enemies":"Gremlin Nob","floor":7.0,"turns":5.0},{"damage":0,"enemies":"Cultist","floor":8,"turns":3},{"damage":0,"enemies":"Lots of Slimes","floor":11,"turns":2},{"damage":22,"enemies":"Lagavulin","floor":12,"turns":5},{"damage":6,"enemies":"Hexaghost","floor":16,"turns":9},{"damage":24,"enemies":"3 Byrds","floor":18,"turns":4},{"damage":16,"enemies":"2 Thieves","floor":22,"turns":4},{"damage":19,"enemies":"Gremlin Leader","floor":23,"turns":2}],"seed_played":"4390093375725920470","potions_obtained":[{"floor":1.0,"key":"PowerPotion"},{"floor":8,"key":"ColorlessPotion"},{"floor":11,"key":"Weak Potion"},{"floor":18,"key":"LiquidMemories"}],"is_trial":false,"path_per_floor":["M","M","?","$","?","R","E","M","T","R","M","E","$","?","R","B",null,"M","?","?","T","M","E"],"character_chosen":"DEFECT","items_purchased":["Self Repair","Oddly Smooth Stone","Gash","Sweeping Beam","Leap"],"campfire_rested":1,"item_purchase_floors":[0,0,0,0,4],"current_hp_per_floor":[56,59,59,59,59,59,16,23,23,44,44,29,29,29,29,30,61,44,23,23,23,14,0,0],"gold":174,"neow_bonus":"","is_daily":false,"chose_seed":false,"campfire_upgraded":2,"win_rate":0.0,"timestamp":1609502961,"path_taken":["M","M","?","$","?","R","E","M","T","R","M","E","$","?","R","BOSS","M","?","?","?","M","E"],"items_purchased_type":["Card","Relic","Card","Card","Card"],"build_version":"2020-12-22","purchased_purges":1,"victory":false,"max_hp_per_floor":[71,71,71,71,71,71,71,71,71,71,71,71,71,71,71,71,71,71,71,71,71,71,71,71],"relic_stats":{"Regal Pillow":0,"counters":[20,86],"Smiling Mask":0,"obtain_stats":[{"Regal Pillow":12,"Calipers":7,"NeowsBlessing":0,"Nilry\u0027s Codex":19,"Dead Branch":14,"Oddly Smooth Stone":13,"Smiling Mask":21,"DataDisk":10,"Busted Crown":17,"Tiny Chest":9,"Cracked Core":0,"Symbiotic Virus":9,"Toy Ornithopter":7,"Runic Pyramid":17},{"Regal Pillow":16,"Calipers":13,"NeowsBlessing":0,"Nilry\u0027s Codex":18,"Dead Branch":7,"Oddly Smooth Stone":6,"Smiling Mask":18,"DataDisk":5,"Busted Crown":8,"Tiny Chest":4,"Cracked Core":0,"Symbiotic Virus":14,"Toy Ornithopter":3,"Runic Pyramid":17},{"Regal Pillow":67,"Calipers":57,"NeowsBlessing":0,"Nilry\u0027s Codex":80,"Dead Branch":23,"Oddly Smooth Stone":19,"Smiling Mask":80,"DataDisk":15,"Busted Crown":36,"Tiny Chest":5,"Cracked Core":0,"Symbiotic Virus":60,"Toy Ornithopter":3,"Runic Pyramid":76}]},"card_choices":[{"not_picked":["Turbo","Tempest","Steam"],"picked":"SKIP","floor":1.0},{"not_picked":["Turbo","Tempest","Steam"],"picked":"SKIP","floor":1.0},{"not_picked":["Streamline","Skim"],"picked":"Beam Cell","floor":2.0},{"not_picked":["Ball Lightning","Melter"],"picked":"Gash","floor":7},{"not_picked":["Heatsinks","Sunder","Barrage"],"picked":"SKIP","floor":8},{"not_picked":["Redo","Sunder"],"picked":"Ball Lightning","floor":11},{"not_picked":["Core Surge","BootSequence"],"picked":"Cold Snap","floor":12},{"not_picked":["Meteor Strike","Thunder Strike"],"picked":"Seek","floor":16},{"not_picked":["Leap","Sweeping Beam"],"picked":"Coolheaded","floor":18},{"not_picked":["Rebound","Compile Driver"],"picked":"Go for the Eyes","floor":22}],"player_experience":465994,"relics_obtained":[{"floor":7,"key":"Calipers"},{"floor":9,"key":"Symbiotic Virus"},{"floor":12,"key":"Regal Pillow"},{"floor":19,"key":"Nilry\u0027s Codex"},{"floor":21,"key":"Smiling Mask"}],"event_choices":[{"cards_removed":["Strike_B"],"damage_healed":0.0,"max_hp_gain":0.0,"max_hp_loss":0.0,"gold_gain":0.0,"event_name":"The Cleric","player_choice":"Card Removal","floor":3.0,"gold_loss":75.0,"damage_taken":0.0},{"damage_healed":0.0,"max_hp_gain":0.0,"max_hp_loss":0.0,"gold_gain":0.0,"event_name":"Liars Game","player_choice":"Ignored","floor":5.0,"gold_loss":0.0,"damage_taken":0.0},{"damage_healed":0,"gold_gain":0,"player_choice":"Ignored","damage_taken":0,"max_hp_gain":0,"max_hp_loss":0,"event_name":"Shining Light","floor":14,"gold_loss":0},{"damage_healed":0,"gold_gain":0,"player_choice":"Obtained Book","damage_taken":21,"max_hp_gain":0,"max_hp_loss":0,"event_name":"Cursed Tome","floor":19,"gold_loss":0},{"cards_removed":["Strike_B"],"damage_healed":0,"gold_gain":0,"player_choice":"Elegance","damage_taken":0,"max_hp_gain":0,"max_hp_loss":0,"event_name":"Back to Basics","floor":20,"gold_loss":0}],"is_beta":false,"boss_relics":[{"not_picked":["Snecko Eye","Cursed Key"],"picked":"Runic Pyramid"}],"items_purged_floors":[13],"is_endless":false,"potions_floor_spawned":[1,8,11,18],"killed_by":"Gremlin Leader","ascension_level":20}}