{"host":"uonldg9uriwfhjjx","time":1609496667,"event":{"mods":["AchievementEnabler","BaseMod","Minty Spire (QoL Compilation)","Relic Stats"],"gold_per_floor":[114,15,30,45,45,45,220,250,250,102,132,132,162,47,47,147,147,162,162,12,112,127,127,157,172,172,202,217,247,247,262,262,362,362,377,377,419,434,79,79,109,109,109,139,14,44,59,59,59,59],"floor_reached":51,"playtime":4329,"items_purged":["Doubt","Grand Finale","Glass Knife"],"score":1107,"play_id":"09f34088-28a1-4be7-bccf-011807d1d763","local_time":"20210101052427","daily_mods":["Shiny","ControlledChaos","Elite Swarm"],"is_ascension_mode":false,"campfire_choices":[{"data":"Adrenaline","floor":6.0,"key":"SMITH"},{"data":"Accuracy","floor":12.0,"key":"SMITH"},{"data":"Storm of Steel","floor":15.0,"key":"SMITH"},{"data":"Blade Dance","floor":23,"key":"SMITH"},{"data":"Adrenaline","floor":32,"key":"SMITH"},{"data":"Storm of Steel","floor":40,"key":"SMITH"},{"data":"Burst","floor":42,"key":"SMITH"},{"data":"A Thousand Cuts","floor":49,"key":"SMITH"}],"circlet_count":0,"master_deck":["Venomology","Corpse Explosion","Malaise","Phantasmal Killer","Die Die Die","Adrenaline+1","Envenom","Doppelganger","Burst+1","Wraith Form v2","Tools of the Trade","Night Terror","Unload","After Image","Bullet Time","Storm of Steel+1","A Thousand Cuts+1","Backflip","Prepared","Escape Plan","Backflip","Burst+1","Accuracy+1","Adrenaline","Adrenaline+1","Infinite Blades","Prepared","Envenom","Blade Dance+1","Accuracy+1","Blade Dance+1","Storm of Steel+1","Footwork","Accuracy+1","Blade Dance+1","Accuracy+1","Footwork","PiercingWail","Bullet Time","Adrenaline"],"relics":["Ring of the Snake","Frozen Eye","Prayer Wheel","PreservedInsect","Orichalcum","Snake Skull","Coffee Dripper","Nilry\u0027s Codex","DollysMirror","Strawberry","Singing Bowl","Pen Nib","White Beast Statue","SacredBark","Lizard Tail","Lee\u0027s Waffle","Happy Flower","TungstenRod","Question Card","Shuriken"],"acts_visited":["Exordium","TheCity","TheBeyond"],"potions_floor_usage":[33,37,41,44,50],"damage_taken":[{"damage":0.0,"enemies":"Cultist","floor":1.0,"turns":3.0},{"damage":4.0,"enemies":"Small Slimes","floor":3.0,"turns":3.0},{"damage":7.0,"enemies":"2 Louse","floor":4.0,"turns":3.0},{"damage":0.0,"enemies":"3 Sentries","floor":8.0,"turns":3.0},{"damage":0.0,"enemies":"Lagavulin","floor":11.0,"turns":4.0},{"damage":0.0,"enemies":"Gremlin Nob","floor":13.0,"turns":3.0},{"damage":0.0,"enemies":"Hexaghost","floor":16.0,"turns":5.0},{"damage":0.0,"enemies":"Chosen","floor":18.0,"turns":4.0},{"damage":0,"enemies":"3 Byrds","floor":22,"turns":3},{"damage":8,"enemies":"Gremlin Leader","floor":24,"turns":3},{"damage":0,"enemies":"Centurion and Healer","floor":25,"turns":2},{"damage":0,"enemies":"Book of Stabbing","floor":27,"turns":3},{"damage":0,"enemies":"3 Cultists","floor":28,"turns":2},{"damage":5,"enemies":"Gremlin Leader","floor":29,"turns":3},{"damage":7,"enemies":"Snake Plant","floor":31,"turns":2},{"damage":8,"enemies":"Automaton","floor":33,"turns":4},{"damage":15,"enemies":"3 Darklings","floor":35,"turns":3},{"damage":10,"enemies":"2 Orb Walkers","floor":37,"turns":2},{"damage":7,"enemies":"3 Shapes","floor":38,"turns":3},{"damage":0,"enemies":"Nemesis","floor":41,"turns":3},{"damage":2,"enemies":"Reptomancer","floor":44,"turns":3},{"damage":0,"enemies":"Giant Head","floor":46,"turns":2},{"damage":9,"enemies":"Spire Growth","floor":47,"turns":2},{"damage":41,"enemies":"Awakened One","floor":50,"turns":4}],"seed_played":"-2495295926900846280","potions_obtained":[{"floor":1.0,"key":"GamblersBrew"},{"floor":16.0,"key":"CultistPotion"},{"floor":24,"key":"PowerPotion"},{"floor":25,"key":"CunningPotion"},{"floor":33,"key":"Weak Potion"},{"floor":37,"key":"DuplicationPotion"}],"is_trial":false,"path_per_floor":["M","$","M","M","?","R","?","E","T","$","E","R","E","$","R","B",null,"M","?","$","?","M","R","E","M","T","E","M","E","?","M","R","B",null,"M","?","?","M","$","R","E","R","T","E","$","E","M","?","R","B",null],"character_chosen":"THE_SILENT","items_purchased":["Backflip","Prepared","Accuracy","Infinite Blades","Prepared","DollysMirror","Lee\u0027s Waffle","Footwork","PiercingWail"],"campfire_rested":0,"item_purchase_floors":[2,2,10,14,14,20,39,39,39],"current_hp_per_floor":[70,70,66,59,64,64,64,64,64,64,64,64,64,64,64,64,75,75,59,59,59,59,59,58,58,58,60,64,59,59,54,54,48,92,79,81,73,66,105,105,107,107,107,105,105,105,100,100,100,59],"gold":59,"neow_bonus":"","is_daily":true,"chose_seed":false,"campfire_upgraded":8,"win_rate":0.0,"timestamp":1609496667,"path_taken":["M","$","M","?","?","R","?","E","T","?","E","R","E","$","R","BOSS","M","?","$","?","M","R","E","?","T","E","M","E","?","M","R","BOSS","M","?","?","M","$","R","E","R","T","E","$","E","M","?","R","BOSS"],"items_purchased_type":["Card","Card","Card","Card","Card","Relic","Relic","Card","Card"],"build_version":"2020-12-22","purchased_purges":3,"victory":true,"max_hp_per_floor":[70,70,70,70,75,75,75,75,75,75,75,75,75,75,75,75,75,75,75,75,75,75,75,82,82,82,84,88,88,88,90,90,92,92,94,96,98,98,105,105,107,107,107,107,107,107,111,111,111,111],"relic_stats":{"Lee\u0027s Waffle":39,"Singing Bowl":22,"Happy Flower":[3],"counters":[24,72],"PreservedInsect":412,"Snake Skull":[103],"Pen Nib":[11],"Orichalcum":[66],"Question Card":3,"Lizard Tail":0,"Shuriken":[9],"Prayer Wheel":9,"obtain_stats":[{"Lee\u0027s Waffle":39,"Singing Bowl":26,"Happy Flower":41,"Nilry\u0027s Codex":19,"SacredBark":34,"PreservedInsect":9,"Snake Skull":13,"Pen Nib":27,"Orichalcum":11,"Question Card":44,"White Beast Statue":29,"Frozen Eye":0,"Lizard Tail":37,"DollysMirror":20,"Shuriken":46,"Strawberry":24,"Prayer Wheel":8,"Coffee Dripper":17,"TungstenRod":43,"Ring of the Snake":0},{"Lee\u0027s Waffle":19,"Singing Bowl":11,"Happy Flower":20,"Nilry\u0027s Codex":8,"SacredBark":16,"PreservedInsect":4,"Snake Skull":6,"Pen Nib":12,"Orichalcum":5,"Question Card":21,"White Beast Statue":14,"Frozen Eye":0,"Lizard Tail":18,"DollysMirror":8,"Shuriken":22,"Strawberry":10,"Prayer Wheel":4,"Coffee Dripper":7,"TungstenRod":20,"Ring of the Snake":0},{"Lee\u0027s Waffle":58,"Singing Bowl":36,"Happy Flower":61,"Nilry\u0027s Codex":28,"SacredBark":50,"PreservedInsect":12,"Snake Skull":19,"Pen Nib":39,"Orichalcum":16,"Question Card":64,"White Beast Statue":44,"Frozen Eye":0,"Lizard Tail":55,"DollysMirror":28,"Shuriken":66,"Strawberry":34,"Prayer Wheel":12,"Coffee Dripper":24,"TungstenRod":61,"Ring of the Snake":0}],"TungstenRod":7,"Ring of the Snake":[48]},"card_choices":[{"not_picked":["Setup","Dagger Spray","Underhanded Strike"],"picked":"SKIP","floor":1.0},{"not_picked":["Slice","Poisoned Stab"],"picked":"Escape Plan","floor":3.0},{"not_picked":["Bane","Flying Knee"],"picked":"Backflip","floor":4.0},{"not_picked":["Storm of Steel","Doppelganger"],"picked":"Burst","floor":8.0},{"not_picked":["After Image","Night Terror"],"picked":"Adrenaline","floor":11.0},{"not_picked":["Tools of the Trade","Envenom"],"picked":"Adrenaline","floor":13.0},{"not_picked":["Die Die Die","Wraith Form v2"],"picked":"Envenom","floor":16.0},{"not_picked":["Expertise","Reflex"],"picked":"Blade Dance","floor":18},{"not_picked":["Crippling Poison","Slice","Bane"],"picked":"SKIP","floor":18},{"not_picked":["Deflect","Leg Sweep","Quick Slash"],"picked":"SKIP","floor":22},{"not_picked":["Deflect+1","Backflip","Prepared"],"picked":"SKIP","floor":22},{"not_picked":["Corpse Explosion","Malaise","Envenom"],"picked":"SKIP","floor":24},{"not_picked":["Deflect","Dash+1"],"picked":"Blade Dance+1","floor":25},{"not_picked":["Deflect","Quick Slash","Backflip"],"picked":"SKIP","floor":25},{"not_picked":["Phantasmal Killer","Tools of the Trade","Grand Finale"],"picked":"Singing Bowl","floor":27},{"not_picked":["Flying Knee","Blade Dance","Quick Slash"],"picked":"Singing Bowl","floor":28},{"not_picked":["Deflect","Quick Slash","Poisoned Stab"],"picked":"Singing Bowl","floor":28},{"not_picked":["Tools of the Trade","Corpse Explosion"],"picked":"Storm of Steel","floor":29},{"not_picked":["All Out Attack","Flying Knee"],"picked":"Footwork","floor":31},{"not_picked":["Deadly Poison","Prepared+1","Bane"],"picked":"Singing Bowl","floor":31},{"not_picked":["Burst","Night Terror","Grand Finale"],"picked":"Singing Bowl","floor":33},{"not_picked":["Dodge and Roll+1","Slice"],"picked":"Accuracy+1","floor":35},{"not_picked":["Sucker Punch+1","Underhanded Strike+1","Quick Slash"],"picked":"Singing Bowl","floor":35},{"not_picked":["PanicButton","Deep Breath","Madness"],"picked":"Singing Bowl","floor":36},{"not_picked":["Skewer+1","Poisoned Stab","Finisher+1"],"picked":"Singing Bowl","floor":37},{"not_picked":["Quick Slash","Poisoned Stab"],"picked":"Blade Dance+1","floor":38},{"not_picked":["Flying Knee+1","Flechettes"],"picked":"Accuracy+1","floor":38},{"not_picked":["Night Terror","Burst","Grand Finale"],"picked":"Singing Bowl","floor":41},{"not_picked":["Tools of the Trade","A Thousand Cuts"],"picked":"Bullet Time","floor":44},{"not_picked":["Storm of Steel","Malaise","Venomology"],"picked":"Adrenaline","floor":46},{"not_picked":["Bane+1","Acrobatics","Calculated Gamble","Backflip+1"],"picked":"Singing Bowl","floor":47},{"not_picked":["Quick Slash","Crippling Poison+1","Acrobatics","Deflect"],"picked":"Singing Bowl","floor":47}],"player_experience":696157,"relics_obtained":[{"floor":8.0,"key":"Prayer Wheel"},{"floor":9.0,"key":"PreservedInsect"},{"floor":11.0,"key":"Orichalcum"},{"floor":13.0,"key":"Snake Skull"},{"floor":19,"key":"Nilry\u0027s Codex"},{"floor":24,"key":"Strawberry"},{"floor":26,"key":"Singing Bowl"},{"floor":27,"key":"Pen Nib"},{"floor":29,"key":"White Beast Statue"},{"floor":37,"key":"Lizard Tail"},{"floor":41,"key":"Happy Flower"},{"floor":43,"key":"TungstenRod"},{"floor":44,"key":"Question Card"},{"floor":46,"key":"Shuriken"}],"event_choices":[{"damage_healed":0.0,"max_hp_gain":5.0,"max_hp_loss":0.0,"gold_gain":0.0,"event_name":"Big Fish","player_choice":"Donut","floor":5.0,"gold_loss":0.0,"damage_taken":0.0},{"damage_healed":0.0,"max_hp_gain":0.0,"max_hp_loss":0.0,"gold_gain":175.0,"event_name":"Liars Game","player_choice":"AGREE","floor":7.0,"gold_loss":0.0,"damage_taken":0.0,"cards_obtained":["Doubt"]},{"damage_healed":0,"gold_gain":0,"player_choice":"Obtained Book","damage_taken":16,"max_hp_gain":0,"max_hp_loss":0,"event_name":"Cursed Tome","floor":19,"gold_loss":0},{"damage_healed":0,"gold_gain":100,"player_choice":"Pray","damage_taken":0,"max_hp_gain":0,"max_hp_loss":0,"event_name":"Golden Shrine","floor":21,"gold_loss":0},{"damage_healed":0,"gold_gain":0,"player_choice":"Ignored","damage_taken":0,"max_hp_gain":0,"max_hp_loss":0,"event_name":"Ghosts","floor":30,"gold_loss":0},{"damage_healed":0,"gold_gain":0,"player_choice":"Memory 1","damage_taken":0,"max_hp_gain":0,"max_hp_loss":0,"event_name":"SensoryStone","floor":36,"gold_loss":0},{"damage_healed":0,"gold_gain":0,"player_choice":"Fight","damage_taken":0,"max_hp_gain":0,"max_hp_loss":0,"event_name":"Mysterious Sphere","floor":37,"gold_loss":0},{"damage_healed":0,"gold_gain":0,"player_choice":"Upgraded","damage_taken":0,"max_hp_gain":0,"max_hp_loss":0,"event_name":"Upgrade Shrine","floor":48,"gold_loss":0,"cards_upgraded":["Burst"]}],"is_beta":false,"boss_relics":[{"not_picked":["Snecko Eye","Velvet Choker"],"picked":"Coffee Dripper"},{"not_picked":["Sozu","Empty Cage"],"picked":"SacredBark"}],"items_purged_floors":[10,39,45],"is_endless":false,"potions_floor_spawned":[1,16,24,25,31,33,35,37,38,41,44,46,47],"ascension_level":0}}