{"host":"sav7uxregyirlf69","time":1609510494,"event":{"mods":["AchievementEnabler","BaseMod","Colored Map","DeckTracker","Keyboard Shortcuts","Minty Spire (QoL Compilation)","READ ME - Guardian Mod","StSLib","SuperFastMode"],"gold_per_floor":[109,120,195,210,210,210,236,236,317,332,332,332,343,355,355,429,429,443,415,465,19,19,19,50,50,50,61,61,72,90,105,105,105,105],"floor_reached":33,"playtime":671,"items_purged":["Strike_G"],"score":538,"play_id":"5650addf-1ea9-43ed-882b-709152feff75","local_time":"20210101231454","is_ascension_mode":true,"campfire_choices":[{"data":"Deadly Poison","floor":6.0,"key":"SMITH"},{"floor":12.0,"key":"REST"},{"floor":15.0,"key":"REST"},{"data":"Apotheosis","floor":23.0,"key":"SMITH"},{"floor":25.0,"key":"REST"},{"floor":32,"key":"REST"}],"circlet_count":0,"master_deck":["AscendersBane","Strike_G","Strike_G","Defend_G","Defend_G","Defend_G","Defend_G","Defend_G","Survivor","Neutralize+1","Deadly Poison+1","Flying Knee","Well Laid Plans","Dagger Throw","Poisoned Stab","After Image","Crippling Poison","Backflip","Apotheosis+1","Deflect","Bouncing Flask","Backflip","Tactician"],"relics":["Ring of the Snake","Snake Skull","Bag of Preparation","Philosopher\u0027s Stone","Strawberry","MealTicket","StrikeDummy","FaceOfCleric"],"acts_visited":["Exordium","TheCity"],"potions_floor_usage":[30,31,33],"damage_taken":[{"damage":0.0,"enemies":"2 Louse","floor":1.0,"turns":6.0},{"damage":4.0,"enemies":"Jaw Worm","floor":2.0,"turns":5.0},{"damage":1.0,"enemies":"Small Slimes","floor":4.0,"turns":4.0},{"damage":44.0,"enemies":"3 Sentries","floor":7.0,"turns":12.0},{"damage":2.0,"enemies":"Red Slaver","floor":10.0,"turns":3.0},{"damage":1.0,"enemies":"Exordium Wildlife","floor":13.0,"turns":3.0},{"damage":5.0,"enemies":"2 Fungi Beasts","floor":14.0,"turns":3.0},{"damage":32.0,"enemies":"Slime Boss","floor":16.0,"turns":11.0},{"damage":20.0,"enemies":"3 Byrds","floor":18.0,"turns":6.0},{"damage":13.0,"enemies":"2 Thieves","floor":19.0,"turns":4.0},{"damage":8.0,"enemies":"Book of Stabbing","floor":24.0,"turns":4.0},{"damage":7.0,"enemies":"Centurion and Healer","floor":27.0,"turns":6.0},{"damage":14.0,"enemies":"Snecko","floor":29.0,"turns":4.0},{"damage":6,"enemies":"Cultist and Chosen","floor":30,"turns":5},{"damage":2,"enemies":"Chosen and Byrds","floor":31,"turns":5},{"damage":50,"enemies":"Automaton","floor":33,"turns":10}],"seed_played":"-594680533417990980","potions_obtained":[{"floor":7.0,"key":"GhostInAJar"},{"floor":10.0,"key":"AttackPotion"},{"floor":16.0,"key":"Fire Potion"},{"floor":18.0,"key":"FearPotion"},{"floor":19.0,"key":"DistilledChaos"},{"floor":30,"key":"EssenceOfSteel"},{"floor":31,"key":"Block Potion"}],"is_trial":false,"path_per_floor":["M","M","?","M","?","R","E","?","T","M","?","R","M","M","R","B",null,"M","M","?","$","?","R","E","R","T","M","?","M","M","M","R","B"],"character_chosen":"THE_SILENT","items_purchased":["Apotheosis","Strawberry"],"campfire_rested":4,"item_purchase_floors":[21,21],"current_hp_per_floor":[59,55,44,43,48,48,4,4,4,2,2,23,22,17,38,6,55,35,22,22,29,29,29,21,44,44,37,37,24,19,18,42,0,0],"gold":105,"neow_bonus":"RANDOM_COMMON_RELIC","is_daily":false,"chose_seed":false,"campfire_upgraded":2,"win_rate":0.0,"timestamp":1609510494,"path_taken":["M","M","?","M","?","R","E","?","T","M","?","R","?","M","R","BOSS","M","M","?","$","?","R","E","R","T","M","?","M","M","?","R","BOSS"],"items_purchased_type":["Card","Relic"],"build_version":"2020-12-22","purchased_purges":1,"victory":false,"max_hp_per_floor":[66,66,66,66,71,71,71,71,71,71,71,71,71,71,71,71,71,71,71,71,78,78,78,78,78,78,78,78,79,80,81,81,81,81],"card_choices":[{"not_picked":["Backflip","Deflect"],"picked":"Deadly Poison","floor":1.0},{"not_picked":["Blade Dance","Underhanded Strike","Acrobatics"],"picked":"SKIP","floor":2.0},{"not_picked":["Deflect","Endless Agony"],"picked":"Flying Knee","floor":4.0},{"not_picked":["Storm of Steel","Outmaneuver","Acrobatics"],"picked":"SKIP","floor":7.0},{"not_picked":["Quick Slash","Slice"],"picked":"Well Laid Plans","floor":10.0},{"not_picked":["Outmaneuver","Prepared"],"picked":"Dagger Throw","floor":13.0},{"not_picked":["Accuracy","Cloak And Dagger"],"picked":"Poisoned Stab","floor":14.0},{"not_picked":["Tools of the Trade","Night Terror"],"picked":"After Image","floor":16.0},{"not_picked":["Setup","Heel Hook+1"],"picked":"Crippling Poison","floor":18.0},{"not_picked":["Outmaneuver","Flying Knee"],"picked":"Backflip","floor":19.0},{"not_picked":["PiercingWail","Endless Agony","Acrobatics"],"picked":"SKIP","floor":24.0},{"not_picked":["Bane","Terror","Underhanded Strike"],"picked":"SKIP","floor":27.0},{"not_picked":["Backflip","Cloak And Dagger","Eviscerate"],"picked":"SKIP","floor":29.0},{"not_picked":["Outmaneuver","Blade Dance"],"picked":"Backflip","floor":30},{"not_picked":["Dodge and Roll","Glass Knife"],"picked":"Tactician","floor":31}],"player_experience":1100837,"relics_obtained":[{"floor":7.0,"key":"Bag of Preparation"},{"floor":24.0,"key":"MealTicket"},{"floor":26.0,"key":"StrikeDummy"}],"event_choices":[{"damage_healed":0.0,"max_hp_gain":0.0,"max_hp_loss":0.0,"gold_gain":75.0,"event_name":"World of Goop","player_choice":"Gather Gold","floor":3.0,"gold_loss":0.0,"damage_taken":11.0},{"damage_healed":0.0,"max_hp_gain":5.0,"max_hp_loss":0.0,"gold_gain":0.0,"event_name":"Big Fish","player_choice":"Donut","floor":5.0,"gold_loss":0.0,"damage_taken":0.0},{"damage_healed":0.0,"max_hp_gain":0.0,"max_hp_loss":0.0,"gold_gain":0.0,"event_name":"Scrap Ooze","player_choice":"Fled","floor":8.0,"gold_loss":0.0,"damage_taken":0.0},{"damage_healed":0.0,"max_hp_gain":0.0,"max_hp_loss":0.0,"gold_gain":0.0,"event_name":"Accursed Blacksmith","player_choice":"Forge","floor":11.0,"gold_loss":0.0,"damage_taken":0.0,"cards_upgraded":["Neutralize"]},{"damage_healed":0.0,"max_hp_gain":0.0,"max_hp_loss":0.0,"gold_gain":50.0,"event_name":"Nest","player_choice":"Stole From Cult","floor":20.0,"gold_loss":0.0,"damage_taken":0.0},{"damage_healed":0.0,"max_hp_gain":0.0,"max_hp_loss":0.0,"gold_gain":0.0,"cards_transformed":["Strike_G","Strike_G"],"event_name":"Drug Dealer","player_choice":"Became Test Subject","floor":22.0,"gold_loss":0.0,"damage_taken":0.0,"cards_obtained":["Deflect","Bouncing Flask"]},{"damage_healed":0.0,"max_hp_gain":0.0,"max_hp_loss":0.0,"gold_gain":0.0,"event_name":"FaceTrader","player_choice":"Trade","floor":28.0,"gold_loss":0.0,"damage_taken":0.0,"relics_obtained":["FaceOfCleric"]}],"is_beta":false,"boss_relics":[{"not_picked":["Snecko Eye","Ring of the Serpent"],"picked":"Philosopher\u0027s Stone"}],"items_purged_floors":[21],"is_endless":false,"potions_floor_spawned":[7,10,13,14,16,18,19,30,31],"killed_by":"Automaton","ascension_level":20}}