{"host":"«ÔÕ•ª®ø™√Œ¿Ôœ„","time":1609504236,"event":{"mods":["BaseMod","Challenge The Spire","Custom Start","DeckTracker","Minty Spire (QoL Compilation)","Quick Restart","Relic Stats","Replay The Spire","StSLib"],"gold_per_floor":[873,647,676,703,736,736,736,419,444,444,444],"floor_reached":10,"playtime":334,"items_purged":["Defend_B","Defend_B","Strike_B"],"score":140,"play_id":"78023428-cf1b-4aa6-829f-4fd7e424fab3","local_time":"20210101203036","daily_mods":["challengethespire:Bronze Difficulty","challengethespire:Elite Rush","Uncertain Future"],"is_ascension_mode":false,"campfire_choices":[{"data":"Defragment","floor":7,"key":"SMITH"}],"circlet_count":0,"master_deck":["Strike_B","Strike_B","Strike_B","Defend_B","Defend_B","Zap","Dualcast","Ball Lightning","ReplayTheSpireMod:GoodbyeWorld","Recycle","Hello World","Defragment+1","Consume"],"relics":["Cracked Core","Black Star","Sling","PreservedInsect","Regal Pillow","Replay:Accelerometer","Replay:Ringing Soul","Solar Panel","Gambling Chip","Strawberry","Nuclear Battery","Runic Capacitor","Omamori","Mercury Hourglass"],"acts_visited":["Exordium"],"potions_floor_usage":[4,9,9],"damage_taken":[{"damage":0,"enemies":"Gremlin Nob","floor":3,"turns":2},{"damage":4,"enemies":"3 Sentries","floor":4,"turns":4},{"damage":14,"enemies":"Lagavulin","floor":5,"turns":4},{"damage":32,"enemies":"Slavers","floor":9,"turns":4},{"damage":4,"enemies":"Gremlin Leader","floor":10,"turns":2}],"seed_played":"3730951285398157551","potions_obtained":[{"floor":3,"key":"Fire Potion"},{"floor":5,"key":"PowerPotion"}],"is_trial":true,"path_per_floor":["$","$","E","E","E","T","R","$","E","E"],"character_chosen":"DEFECT","items_purchased":["Ball Lightning","ReplayTheSpireMod:GoodbyeWorld","Swift Potion","Runic Capacitor","PowerPotion"],"campfire_rested":0,"item_purchase_floors":[1,2,2,8,8],"current_hp_per_floor":[75,75,75,74,74,74,74,74,51,47,47],"gold":444,"neow_bonus":"","is_daily":false,"chose_seed":false,"campfire_upgraded":1,"win_rate":0.0,"timestamp":1609504236,"path_taken":["$","$","E","E","E","T","R","$","E","E"],"items_purchased_type":["Card","Card","Potion","Relic","Potion"],"build_version":"2020-12-18","purchased_purges":3,"victory":false,"max_hp_per_floor":[75,75,75,78,88,88,88,88,91,91,91],"relic_stats":{"Regal Pillow":0,"counters":[5,16],"Gambling Chip":[8],"PreservedInsect":167,"Black Star":4,"obtain_stats":[{"Solar Panel":4,"Replay:Accelerometer":3,"Regal Pillow":3,"PreservedInsect":0,"Runic Capacitor":8,"Omamori":9,"Sling":0,"Nuclear Battery":6,"Mercury Hourglass":9,"Replay:Ringing Soul":4,"Gambling Chip":5,"Strawberry":5,"Black Star":0,"Cracked Core":0},{"Solar Panel":2,"Replay:Accelerometer":1,"Regal Pillow":1,"PreservedInsect":0,"Runic Capacitor":3,"Omamori":4,"Sling":0,"Nuclear Battery":3,"Mercury Hourglass":4,"Replay:Ringing Soul":2,"Gambling Chip":3,"Strawberry":3,"Black Star":0,"Cracked Core":0},{"Solar Panel":6,"Replay:Accelerometer":2,"Regal Pillow":2,"PreservedInsect":0,"Runic Capacitor":10,"Omamori":14,"Sling":0,"Nuclear Battery":10,"Mercury Hourglass":14,"Replay:Ringing Soul":6,"Gambling Chip":10,"Strawberry":10,"Black Star":0,"Cracked Core":0}],"Mercury Hourglass":[12]},"card_choices":[],"player_experience":471934,"relics_obtained":[{"floor":3,"key":"Regal Pillow"},{"floor":3,"key":"Replay:Accelerometer"},{"floor":4,"key":"Replay:Ringing Soul"},{"floor":4,"key":"Solar Panel"},{"floor":5,"key":"Gambling Chip"},{"floor":5,"key":"Strawberry"},{"floor":9,"key":"Omamori"},{"floor":9,"key":"Mercury Hourglass"}],"event_choices":[],"is_beta":true,"boss_relics":[{"not_picked":["Calling Bell","Replay:Drink Me"],"picked":"Nuclear Battery"}],"items_purged_floors":[1,2,8],"is_endless":false,"potions_floor_spawned":[3,5],"killed_by":"Gremlin Leader","ascension_level":0}}