{"host":"ei424ha2zqt1xblg","time":1609497460,"event":{"mods":["BaseMod","Downfall-Rebalance","Minty Spire (QoL Compilation)","MostiFishMod","StSLib","TestMod","Waifu the Spire","Yakumo Yukari mod"],"gold_per_floor":[133,133,133,156,171,171,210,231,231,231,231],"floor_reached":10,"playtime":433,"items_purged":[],"score":71,"play_id":"d585fbe0-4134-435a-9c32-354396b89866","local_time":"20210101183740","is_ascension_mode":true,"campfire_choices":[{"data":"Observe_purple_2","floor":6.0,"key":"SMITH"}],"circlet_count":0,"master_deck":["AT_purpleEX","AT_purpleEX","AT_purpleEX","AT_purpleEX","Defend_purpleEX","Defend_purpleEX","Defend_purpleEX","Defend_purpleEX","Observe_purple_1","Observe_purple_2+1","Boundary_ObjectiveBoundary_purple","Worldmountain_purple"],"relics":["Boundary_crack","Memoryfragments_purpleEX","testmod-TestBox","DaveBox","NeowsBlessing","EGODaCapo","testmod-BouquetWithThorns","SynthV:TestCard","Golden Idol","StrikeDummy","Guardian:GemstoneGun","FossilizedHelix"],"acts_visited":["Exordium"],"potions_floor_usage":[],"damage_taken":[{"damage":0.0,"enemies":"2 Louse","floor":1.0,"turns":1.0},{"damage":0.0,"enemies":"Small Slimes","floor":4.0,"turns":1.0},{"damage":0.0,"enemies":"Cultist","floor":5.0,"turns":1.0},{"damage":38.0,"enemies":"Lagavulin","floor":7.0,"turns":9.0},{"damage":2,"enemies":"Red Slaver","floor":8,"turns":3},{"damage":22,"enemies":"Gremlin Nob","floor":10,"turns":4}],"seed_played":"-1638205429326134246","potions_obtained":[{"floor":5.0,"key":"AttackPotion"},{"floor":8,"key":"Fire Potion"}],"is_trial":false,"path_per_floor":["M","?","?","M","M","R","E","M","T","E"],"character_chosen":"Youkari","items_purchased":[],"campfire_rested":0,"item_purchase_floors":[],"current_hp_per_floor":[70,53,53,53,53,53,20,20,20,0,0],"gold":231,"neow_bonus":"THREE_ENEMY_KILL","is_daily":false,"chose_seed":false,"campfire_upgraded":1,"win_rate":0.0,"timestamp":1609497460,"path_taken":["M","?","?","?","M","R","E","?","T","E"],"items_purchased_type":[],"build_version":"2020-12-22","purchased_purges":0,"victory":false,"max_hp_per_floor":[70,70,70,70,70,70,70,70,70,70,70],"card_choices":[{"not_picked":["OmniscientAndOmnipotent_Monster_purple","WingOfChimera_purple","StateErode_purple"],"picked":"SKIP","floor":1.0},{"not_picked":["OmniscientAndOmnipotent_Monster_purple","SharpContractionReality_purple","Bait_Toxicbait_purple","SfantasyHide_purple","StretchesForeverDream_purple"],"picked":"SKIP","floor":4.0},{"not_picked":["Boundary_of_Extermination_purpleEX","Anti_communist_purple","Line_surface_state_purple","MonsterNeedle_purple","WingOfChimera_purple"],"picked":"SKIP","floor":5.0},{"not_picked":["MetroBOOM_purple","Boundary_LightAndDark_purple","AdvanceAttack_purple","ExistenceContinue_purple"],"picked":"Boundary_ObjectiveBoundary_purple","floor":7},{"not_picked":["Mirror_WaveAndshot_purple","Bait_Toxicbait_purple","Mirror_FormAndEmptin_purple","WeekHit_purple"],"picked":"Worldmountain_purple","floor":8}],"player_experience":472733,"relics_obtained":[{"floor":1.0,"key":"SynthV:TestCard"},{"floor":3.0,"key":"StrikeDummy"},{"floor":7,"key":"Guardian:GemstoneGun"},{"floor":9,"key":"FossilizedHelix"}],"event_choices":[{"damage_healed":0.0,"max_hp_gain":0.0,"max_hp_loss":0.0,"gold_gain":0.0,"event_name":"Golden Idol","player_choice":"Take Damage","floor":2.0,"gold_loss":0.0,"damage_taken":17.0,"relics_obtained":["Golden Idol"]},{"damage_healed":0.0,"max_hp_gain":0.0,"max_hp_loss":0.0,"gold_gain":0.0,"event_name":"Wheel of Change","player_choice":"Relic","floor":3.0,"gold_loss":0.0,"damage_taken":0.0}],"is_beta":false,"boss_relics":[],"items_purged_floors":[],"is_endless":false,"potions_floor_spawned":[5,8],"killed_by":"Gremlin Nob","ascension_level":1}}