{"host":"ltca6yxwulbhza25","time":1609503705,"event":{"mods":["BaseMod","Colored Map","Colored Powertips","Minty Spire (QoL Compilation)","Quick Restart","StSLib","The Blue Laboratory"],"gold_per_floor":[312,312,327,13,25,53,67,97,120,138,150,150,150,169,169,274,274,290,310,153,165,195,222,222,257,257,257,257,257,269,296,296,394,394,409,409,130,130,230,257,275,300,323,323,24,38,38,55,55,55,55,55,17,44,44],"floor_reached":56,"playtime":2553,"items_purged":["Strike_R","Defend_R"],"score":1449,"play_id":"6ba02fad-c2ac-4f46-89bc-1e192bb45e61","local_time":"20210101202144","is_ascension_mode":true,"campfire_choices":[{"data":"Armaments","floor":13.0,"key":"SMITH"},{"floor":15.0,"key":"RECALL"},{"floor":28.0,"key":"REST"},{"data":"Madness","floor":32.0,"key":"SMITH"},{"data":"Secret Weapon","floor":44.0,"key":"SMITH"},{"data":"Jack Of All Trades","floor":49.0,"key":"SMITH"},{"data":"Chrysalis","floor":52.0,"key":"SMITH"}],"circlet_count":0,"master_deck":["Strike_R+1","Strike_R+1","Defend_R","Defend_R","Bash+1","Armaments+1","Madness+1","Cleave","Bludgeon+1","Thunderclap+1","Pummel+1","Blood for Blood","Chrysalis+1","Secret Weapon+1","Jack Of All Trades+1","Feel No Pain+1","Dark Embrace+1","Shockwave"],"relics":["Burning Blood","Medical Kit","White Beast Statue","Centennial Puzzle","Busted Crown","Bronze Scales","Red Mask","PreservedInsect","Orichalcum","Frozen Egg 2","Nilry\u0027s Codex","Eternal Feather","SacredBark","Whetstone","Incense Burner","Boot","Mummified Hand","Turnip"],"acts_visited":["Exordium","TheCity","TheBeyond","TheEnding"],"potions_floor_usage":[55,55,55],"damage_taken":[{"damage":3.0,"enemies":"2 Louse","floor":1.0,"turns":3.0},{"damage":6.0,"enemies":"Jaw Worm","floor":3.0,"turns":2.0},{"damage":5.0,"enemies":"Small Slimes","floor":5.0,"turns":3.0},{"damage":6.0,"enemies":"Lagavulin","floor":6.0,"turns":5.0},{"damage":2.0,"enemies":"Blue Slaver","floor":7.0,"turns":3.0},{"damage":14.0,"enemies":"Gremlin Nob","floor":8.0,"turns":3.0},{"damage":0.0,"enemies":"Large Slime","floor":10.0,"turns":3.0},{"damage":0.0,"enemies":"Red Slaver","floor":11.0,"turns":3.0},{"damage":0.0,"enemies":"Lots of Slimes","floor":14.0,"turns":3.0},{"damage":34.0,"enemies":"Hexaghost","floor":16.0,"turns":7.0},{"damage":0.0,"enemies":"3 Byrds","floor":18.0,"turns":3.0},{"damage":20.0,"enemies":"Shell Parasite","floor":19.0,"turns":4.0},{"damage":17.0,"enemies":"Centurion and Healer","floor":21.0,"turns":3.0},{"damage":10.0,"enemies":"Masked Bandits","floor":22.0,"turns":3.0},{"damage":18.0,"enemies":"Book of Stabbing","floor":23.0,"turns":4.0},{"damage":17.0,"enemies":"Gremlin Leader","floor":25.0,"turns":3.0},{"damage":6.0,"enemies":"Snecko","floor":30.0,"turns":3.0},{"damage":5.0,"enemies":"Book of Stabbing","floor":31.0,"turns":2.0},{"damage":27.0,"enemies":"Collector","floor":33.0,"turns":9.0},{"damage":11.0,"enemies":"3 Darklings","floor":35.0,"turns":4.0},{"damage":0.0,"enemies":"Reptomancer","floor":40.0,"turns":4.0},{"damage":2.0,"enemies":"Orb Walker","floor":41.0,"turns":2.0},{"damage":7.0,"enemies":"Giant Head","floor":42.0,"turns":6.0},{"damage":11.0,"enemies":"Sphere and 2 Shapes","floor":46.0,"turns":4.0},{"damage":15.0,"enemies":"Jaw Worm Horde","floor":48.0,"turns":3.0},{"damage":77.0,"enemies":"Donu and Deca","floor":50.0,"turns":7.0},{"damage":30,"enemies":"Shield and Spear","floor":54,"turns":5},{"damage":73,"enemies":"The Heart","floor":55,"turns":9}],"seed_played":"490059358627550400","potions_obtained":[{"floor":1.0,"key":"DuplicationPotion"},{"floor":7.0,"key":"blueLaboratory:BottleOfRum"},{"floor":8.0,"key":"LiquidBronze"},{"floor":10.0,"key":"blueLaboratory:EmptyBottle"},{"floor":11.0,"key":"EssenceOfSteel"},{"floor":14.0,"key":"SneckoOil"},{"floor":16.0,"key":"Dexterity Potion"},{"floor":18.0,"key":"SteroidPotion"},{"floor":19.0,"key":"blueLaboratory:IronCompound"},{"floor":21.0,"key":"Fruit Juice"},{"floor":22.0,"key":"FearPotion"},{"floor":23.0,"key":"blueLaboratory:BottleOfVodka"},{"floor":25.0,"key":"blueLaboratory:HorrorPotion"},{"floor":30.0,"key":"AttackPotion"},{"floor":31.0,"key":"blueLaboratory:RecallPotion"},{"floor":33.0,"key":"blueLaboratory:ExaltedPotion"},{"floor":35.0,"key":"Weak Potion"},{"floor":40.0,"key":"AttackPotion"},{"floor":41.0,"key":"Regen Potion"},{"floor":42.0,"key":"GamblersBrew"},{"floor":46.0,"key":"blueLaboratory:PhilterOfMotion"},{"floor":48.0,"key":"blueLaboratory:ImpenetrablePotion"},{"floor":54,"key":"SkillPotion"}],"is_trial":false,"path_per_floor":["M","?","M","$","M","E","M","E","T","M","M","$","R","M","R","B",null,"M","M","$","M","?","E","?","E","T","?","R","?","M","E","R","B",null,"M","?","$","?","?","E","M","E","T","R","$","M","$","M","R","B",null,"R","$","E","B",null],"character_chosen":"IRONCLAD","items_purchased":["Medical Kit","Madness","Bronze Scales","Chrysalis","Mummified Hand","Feel No Pain+1","Dark Embrace+1"],"campfire_rested":1,"item_purchase_floors":[4,4,20,37,45,45,53],"current_hp_per_floor":[88,70,70,70,71,71,75,67,67,73,79,79,79,85,85,57,88,88,74,74,63,64,52,52,41,41,23,52,36,36,37,43,22,98,93,93,93,83,83,89,93,92,92,98,98,93,93,84,93,22,98,98,98,74,52],"gold":44,"neow_bonus":"TEN_PERCENT_HP_BONUS","is_daily":false,"chose_seed":false,"campfire_upgraded":5,"win_rate":0.0,"timestamp":1609503704,"path_taken":["M","?","M","$","M","E","M","E","T","M","M","$","R","M","R","BOSS","M","M","$","M","?","E","?","E","T","?","R","?","M","E","R","BOSS","M","?","$","?","?","E","M","E","T","R","$","M","$","M","R","BOSS","R","$","E","BOSS"],"items_purchased_type":["Relic","Card","Relic","Card","Relic","Card","Card"],"build_version":"2020-12-22","purchased_purges":2,"victory":true,"max_hp_per_floor":[88,88,88,88,88,88,88,88,88,88,88,88,88,88,88,88,88,88,88,88,88,93,93,93,93,93,98,98,98,98,98,98,98,98,98,98,98,98,98,98,98,98,98,98,98,98,98,98,98,98,98,98,98,98,98],"card_choices":[{"not_picked":["Sword Boomerang","Iron Wave"],"picked":"Armaments","floor":1.0},{"not_picked":["Twin Strike","Clothesline","Flex"],"picked":"SKIP","floor":3.0},{"not_picked":["Body Slam","Headbutt","Sever Soul"],"picked":"SKIP","floor":5.0},{"not_picked":["Sword Boomerang","Dark Embrace","True Grit"],"picked":"SKIP","floor":6.0},{"not_picked":["Twin Strike","Blood for Blood","Clothesline"],"picked":"SKIP","floor":7.0},{"not_picked":["Twin Strike","Second Wind"],"picked":"Cleave","floor":8.0},{"not_picked":["Iron Wave","Pummel","Power Through"],"picked":"SKIP","floor":10.0},{"not_picked":["Dark Embrace","Perfected Strike","Iron Wave"],"picked":"SKIP","floor":11.0},{"not_picked":["Twin Strike","Cleave","Dropkick"],"picked":"SKIP","floor":14.0},{"not_picked":["Brutality","Juggernaut"],"picked":"Bludgeon","floor":16.0},{"not_picked":[],"picked":"Thunderclap+1","floor":18.0},{"not_picked":["Anger+1"],"picked":"SKIP","floor":19.0},{"not_picked":["Blood for Blood+1"],"picked":"SKIP","floor":21.0},{"not_picked":["Body Slam"],"picked":"SKIP","floor":23.0},{"not_picked":["Combust"],"picked":"SKIP","floor":25.0},{"not_picked":["Perfected Strike"],"picked":"SKIP","floor":30.0},{"not_picked":["Warcry+1"],"picked":"SKIP","floor":31.0},{"not_picked":["Searing Blow"],"picked":"SKIP","floor":35.0},{"not_picked":[],"picked":"Secret Weapon","floor":38.0},{"not_picked":[],"picked":"Jack Of All Trades","floor":38.0},{"not_picked":["Armaments"],"picked":"SKIP","floor":40.0},{"not_picked":["Anger+1"],"picked":"SKIP","floor":41.0},{"not_picked":["Sword Boomerang"],"picked":"SKIP","floor":42.0},{"not_picked":["Heavy Blade+1"],"picked":"SKIP","floor":46.0},{"not_picked":["Power Through"],"picked":"SKIP","floor":48.0},{"not_picked":[],"picked":"Shockwave","floor":54}],"player_experience":21022,"relics_obtained":[{"floor":6.0,"key":"White Beast Statue"},{"floor":8.0,"key":"Centennial Puzzle"},{"floor":22.0,"key":"Red Mask"},{"floor":23.0,"key":"PreservedInsect"},{"floor":25.0,"key":"Orichalcum"},{"floor":26.0,"key":"Frozen Egg 2"},{"floor":29.0,"key":"Nilry\u0027s Codex"},{"floor":31.0,"key":"Eternal Feather"},{"floor":40.0,"key":"Whetstone"},{"floor":42.0,"key":"Incense Burner"},{"floor":43.0,"key":"Boot"},{"floor":54,"key":"Turnip"}],"event_choices":[{"damage_healed":0.0,"max_hp_gain":0.0,"max_hp_loss":0.0,"gold_gain":0.0,"event_name":"Shining Light","player_choice":"Entered Light","floor":2.0,"gold_loss":0.0,"damage_taken":18.0,"cards_upgraded":["Strike_R","Strike_R"]},{"damage_healed":0.0,"max_hp_gain":0.0,"max_hp_loss":0.0,"gold_gain":0.0,"event_name":"Masked Bandits","player_choice":"Fought Bandits","floor":22.0,"gold_loss":0.0,"damage_taken":0.0},{"damage_healed":0.0,"max_hp_gain":0.0,"max_hp_loss":0.0,"gold_gain":0.0,"cards_transformed":["Strike_R","Strike_R"],"event_name":"Drug Dealer","player_choice":"Became Test Subject","floor":24.0,"gold_loss":0.0,"damage_taken":0.0,"cards_obtained":["Pummel","Blood for Blood"]},{"damage_healed":0.0,"max_hp_gain":5.0,"max_hp_loss":0.0,"gold_gain":0.0,"event_name":"Forgotten Altar","player_choice":"Shed Blood","floor":27.0,"gold_loss":0.0,"damage_taken":23.0},{"damage_healed":0.0,"max_hp_gain":0.0,"max_hp_loss":0.0,"gold_gain":0.0,"event_name":"Cursed Tome","player_choice":"Obtained Book","floor":29.0,"gold_loss":0.0,"damage_taken":16.0},{"cards_removed":["Defend_R"],"damage_healed":0.0,"max_hp_gain":0.0,"max_hp_loss":0.0,"gold_gain":0.0,"event_name":"Falling","player_choice":"Removed Skill","floor":36.0,"gold_loss":0.0,"damage_taken":0.0},{"damage_healed":0.0,"max_hp_gain":0.0,"max_hp_loss":0.0,"gold_gain":0.0,"event_name":"SensoryStone","player_choice":"Memory 3","floor":38.0,"gold_loss":0.0,"damage_taken":10.0},{"damage_healed":0.0,"max_hp_gain":0.0,"max_hp_loss":0.0,"gold_gain":100.0,"event_name":"Golden Shrine","player_choice":"Pray","floor":39.0,"gold_loss":0.0,"damage_taken":0.0}],"is_beta":false,"boss_relics":[{"not_picked":["Fusion Hammer","Runic Cube"],"picked":"Busted Crown"},{"not_picked":["Sozu","SlaversCollar"],"picked":"SacredBark"}],"items_purged_floors":[4,37],"is_endless":false,"potions_floor_spawned":[1,7,8,10,11,14,16,18,19,21,22,23,25,30,31,33,35,40,41,42,46,48,54],"ascension_level":1}}