{"host":"f5n4tidiz2n5sooh","time":1609495682,"event":{"mods":["BaseMod","Bestiary","Colored Map","Minty Spire (QoL Compilation)","Relic Stats","StSLib"],"gold_per_floor":[114,130,130,142,155,165,179,179,234,234,263,263,263,290,290,290,290],"floor_reached":16,"playtime":642,"items_purged":[],"score":204,"play_id":"475a441c-eb0d-4bb8-86fe-7f678b5b6f20","local_time":"20210101040802","is_ascension_mode":true,"campfire_choices":[{"floor":8,"key":"REST"},{"data":"Hemokinesis","floor":10,"key":"SMITH"},{"data":"Bash","floor":12,"key":"SMITH"},{"data":"Second Wind","floor":15,"key":"SMITH"}],"circlet_count":0,"master_deck":["AscendersBane","Strike_R","Strike_R","Strike_R","Strike_R","Defend_R","Defend_R","Defend_R","Bash+1","Pommel Strike","Anger","Pommel Strike","Second Wind+1","Hemokinesis+1","Reaper","Ghostly Armor"],"relics":["Empty Cage","Ornamental Fan","Anchor","Strawberry","Odd Mushroom"],"acts_visited":["Exordium"],"potions_floor_usage":[11,16,16],"damage_taken":[{"damage":6,"enemies":"Cultist","floor":1,"turns":3},{"damage":20,"enemies":"Small Slimes","floor":2,"turns":3},{"damage":9,"enemies":"2 Louse","floor":4,"turns":2},{"damage":11,"enemies":"Looter","floor":5,"turns":2},{"damage":0,"enemies":"3 Louse","floor":6,"turns":3},{"damage":20,"enemies":"Exordium Wildlife","floor":7,"turns":4},{"damage":12,"enemies":"Gremlin Nob","floor":11,"turns":3},{"damage":6,"enemies":"The Mushroom Lair","floor":14,"turns":4},{"damage":27,"enemies":"The Guardian","floor":16,"turns":5}],"seed_played":"-3069966619662519590","potions_obtained":[{"floor":1,"key":"DuplicationPotion"},{"floor":2,"key":"EntropicBrew"},{"floor":14,"key":"LiquidMemories"}],"is_trial":false,"path_per_floor":["M","M","T","M","M","M","M","R","T","R","E","R","?","?","R","B"],"character_chosen":"IRONCLAD","items_purchased":[],"campfire_rested":1,"item_purchase_floors":[],"current_hp_per_floor":[62,42,42,33,22,22,2,24,24,24,19,19,19,25,25,0,0],"gold":290,"neow_bonus":"BOSS_RELIC","is_daily":false,"chose_seed":false,"campfire_upgraded":3,"win_rate":0.0,"timestamp":1609495682,"path_taken":["M","M","?","?","M","M","M","R","T","R","E","R","?","?","R","BOSS"],"items_purchased_type":[],"build_version":"2020-12-22","purchased_purges":0,"victory":false,"max_hp_per_floor":[75,75,75,75,75,75,75,75,75,75,82,82,82,82,82,82,82],"relic_stats":{"counters":[9,29],"Ornamental Fan":[44],"obtain_stats":[{"Anchor":9,"Ornamental Fan":3,"Strawberry":11,"Odd Mushroom":14,"Empty Cage":0,"Burning Blood":0},{"Anchor":6,"Ornamental Fan":2,"Strawberry":7,"Odd Mushroom":8,"Empty Cage":0,"Burning Blood":0},{"Anchor":17,"Ornamental Fan":6,"Strawberry":20,"Odd Mushroom":24,"Empty Cage":0,"Burning Blood":0}]},"card_choices":[{"not_picked":["Twin Strike","Intimidate"],"picked":"Pommel Strike","floor":1},{"not_picked":["Seeing Red","Combust"],"picked":"Anger","floor":2},{"not_picked":["Armaments","Sword Boomerang"],"picked":"Pommel Strike","floor":4},{"not_picked":["Sentinel","Clothesline"],"picked":"Second Wind","floor":5},{"not_picked":["Perfected Strike","Cleave"],"picked":"Hemokinesis","floor":6},{"not_picked":["Infernal Blade","Sword Boomerang","Body Slam"],"picked":"SKIP","floor":7},{"not_picked":["Havoc","Cleave"],"picked":"Reaper","floor":11},{"not_picked":["Armaments","Headbutt"],"picked":"Ghostly Armor","floor":14}],"player_experience":1958131,"relics_obtained":[{"floor":3,"key":"Ornamental Fan"},{"floor":9,"key":"Anchor"},{"floor":11,"key":"Strawberry"},{"floor":14,"key":"Odd Mushroom"}],"event_choices":[{"damage_healed":0,"gold_gain":0,"player_choice":"Searched \u00270\u0027 times","damage_taken":0,"max_hp_gain":0,"max_hp_loss":0,"event_name":"Dead Adventurer","floor":13,"gold_loss":0},{"damage_healed":0,"gold_gain":0,"player_choice":"Fought Mushrooms","damage_taken":0,"max_hp_gain":0,"max_hp_loss":0,"event_name":"Mushrooms","floor":14,"gold_loss":0}],"is_beta":false,"boss_relics":[],"items_purged_floors":[],"is_endless":false,"potions_floor_spawned":[1,2,7,14],"killed_by":"The Guardian","ascension_level":20}}