{"host":"u3jctbsl7uavviuy","time":1609534162,"event":{"mods":["BaseMod","BetterRewards","GungeonMod","HololiveMod","Luminous","Marisa（F雨　魔理沙）","Minty Spire (QoL Compilation)","Relic Stats","Replay The Spire","Shop Mod","Spicy Shops","StSLib","TestMod","The Animator","The Cursed","The Gatherer","The Servant 0.9.4","WarShipGirlsR/战舰少女R mod","vexMod","篝火指南"],"gold_per_floor":[110,128,71,81,93,119,133,133,133,166,193,208,228,241,241,317,317,333,333,22,39,51,51,78,98,98,108,140,154,182,194,60,137,137,149,172,172,172,188,218,230,185,185,237,32,64,29,59,59,59,59,59,85,120,120],"floor_reached":56,"playtime":2703,"items_purged":["Strike_R","Strike_R"],"score":3441,"play_id":"1003cd33-0b02-4bbb-8b21-86a561d33ed0","local_time":"20210102054922","is_ascension_mode":true,"campfire_choices":[{"data":"Barricade","floor":8.0,"key":"SMITH"},{"floor":15.0,"key":"RECALL"},{"data":"ReplayReversal","floor":23.0,"key":"SMITH"},{"data":"Dark Embrace","floor":49.0,"key":"SMITH"},{"data":"Metallicize","floor":52.0,"key":"SMITH"}],"circlet_count":0,"master_deck":["AscendersBane","Defend_R","Defend_R","Bash","Barricade+1","ReplayReversal+1","Shrug It Off+1","Bloodletting+1","Metallicize+1","True Grit+1","Ghostly Armor+1","Power Through+1","Burning Pact+1","Body Slam+1","Fire Breathing+1","Warcry+1","Juggernaut","Master of Strategy+1","Entrench+1","Entrench+1","Disarm+1","Evolve","Exhume+1","Metallicize+1","Metallicize+1","Dark Embrace+1","Sentinel+1","Feel No Pain","Flame Barrier+1"],"relics":["Burning Blood","testmod-TestBox","testmod-ConstraintPeriapt","Bag of Preparation","MerchantsRug","Toxic Egg 2","ReplayTheSpireMod:Shallot","Toolbox","Anchor","The Courier","Odd Mushroom","testmod-Temperance","DemoMod:BigBoy","ReplayTheSpireMod:Ninjato","Omamori","Art of War","Potion Belt","DemoMod:GlassGuonStoneRelic","HornCleat","Quantum Egg","testmod-ObsoleteBoomerang","Counterbalance"],"acts_visited":["Exordium","TheCity","TheBeyond","TheEnding"],"potions_floor_usage":[54,55],"damage_taken":[{"damage":0.0,"enemies":"Cultist","floor":1.0,"turns":3.0},{"damage":3.0,"enemies":"Jaw Worm","floor":2.0,"turns":3.0},{"damage":3.0,"enemies":"Small Slimes","floor":4.0,"turns":3.0},{"damage":0.0,"enemies":"Blue Slaver","floor":5.0,"turns":5.0},{"damage":26.0,"enemies":"Gremlin Nob","floor":6.0,"turns":6.0},{"damage":3.0,"enemies":"2 Fungi Beasts","floor":7.0,"turns":2.0},{"damage":3.0,"enemies":"Replay:BlueRogue","floor":10.0,"turns":7.0},{"damage":0.0,"enemies":"The Mushroom Lair","floor":11.0,"turns":1.0},{"damage":0.0,"enemies":"Red Slaver","floor":12.0,"turns":2.0},{"damage":2.0,"enemies":"Looter","floor":13.0,"turns":3.0},{"damage":0.0,"enemies":"Exordium Thugs","floor":14.0,"turns":3.0},{"damage":3.0,"enemies":"Fading Forest","floor":16.0,"turns":13.0},{"damage":13.0,"enemies":"Chosen","floor":18.0,"turns":4.0},{"damage":3.0,"enemies":"Spheric Guardian","floor":21.0,"turns":3.0},{"damage":0.0,"enemies":"Chosen and Byrds","floor":22.0,"turns":4.0},{"damage":19.0,"enemies":"Gremlin Leader","floor":24.0,"turns":5.0},{"damage":0.0,"enemies":"Sentry and Sphere","floor":25.0,"turns":3.0},{"damage":3.0,"enemies":"Centurion and Healer","floor":27.0,"turns":3.0},{"damage":0.0,"enemies":"Slavers","floor":28.0,"turns":3.0},{"damage":3.0,"enemies":"Snecko","floor":29.0,"turns":6.0},{"damage":0.0,"enemies":"Book of Stabbing","floor":30.0,"turns":3.0},{"damage":13.0,"enemies":"Shelled Parasite and Fungi","floor":31.0,"turns":4.0},{"damage":29.0,"enemies":"Automaton","floor":33.0,"turns":9.0},{"damage":0.0,"enemies":"3 Shapes","floor":35.0,"turns":2.0},{"damage":9.0,"enemies":"3 Darklings","floor":39.0,"turns":4.0},{"damage":14.0,"enemies":"Nemesis","floor":40.0,"turns":7.0},{"damage":5.0,"enemies":"Spire Growth","floor":41.0,"turns":6.0},{"damage":3.0,"enemies":"R_Hoarder","floor":46.0,"turns":7.0},{"damage":3.0,"enemies":"Nemesis","floor":48.0,"turns":7.0},{"damage":0.0,"enemies":"Donu and Deca","floor":50.0,"turns":7.0},{"damage":3,"enemies":"Shield and Spear","floor":54,"turns":5},{"damage":6,"enemies":"The Heart","floor":55,"turns":6}],"seed_played":"-7336710590660104841","potions_obtained":[{"floor":4.0,"key":"Regen Potion"},{"floor":5.0,"key":"PowerPotion"},{"floor":6.0,"key":"Strength Potion"},{"floor":12.0,"key":"SkillPotion"},{"floor":21.0,"key":"AttackPotion"},{"floor":24.0,"key":"EntropicBrew"},{"floor":41.0,"key":"Elixir"}],"is_trial":false,"path_per_floor":["M","M","$","M","M","E","M","R","T","E","?","M","M","M","R","B",null,"M","?","$","M","M","R","E","M","T","M","E","M","E","M","R","B",null,"M","T","?","?","M","E","M","R","T","T","R","E","$","E","R","B",null,"R","$","E","B",null],"character_chosen":"IRONCLAD","items_purchased":["Tiny Chest","Bag of Preparation","MerchantsRug","Barricade","ReplayReversal","Toxic Egg 2","ReplayTheSpireMod:Shallot","Shrug It Off+1","Toolbox","Bloodletting+1","True Grit+1","Master of Strategy+1","vexMod:PaidLearning","Omamori","Swift Potion","DollysMirror","Dark Embrace","Feel No Pain","SkillPotion","LiquidMemories"],"campfire_rested":0,"item_purchase_floors":[0,0,0,0,0,0,0,0,0,0,3,20,20,32,42,45,45,47,53,53],"current_hp_per_floor":[28,34,34,39,47,43,48,48,48,56,66,72,75,75,75,75,75,68,68,68,73,75,75,67,75,75,75,75,75,75,71,71,61,72,75,75,75,75,75,75,75,75,75,75,75,75,75,75,75,75,75,75,75,75,75],"gold":120,"neow_bonus":"","is_daily":false,"chose_seed":false,"campfire_upgraded":4,"win_rate":0.0,"timestamp":1609534162,"path_taken":["M","M","$","M","M","E","M","R","T","E","?","M","M","M","R","BOSS","M","?","$","M","M","R","E","M","T","?","E","M","E","M","R","BOSS","M","?","?","?","M","E","?","R","T","?","R","E","?","E","R","BOSS","R","$","E","BOSS"],"items_purchased_type":["Relic","Relic","Relic","Card","Card","Relic","Relic","Card","Relic","Card","Card","Card","Relic","Relic","Potion","Relic","Card","Card","Potion","Potion"],"build_version":"2020-12-22","purchased_purges":2,"victory":true,"max_hp_per_floor":[75,75,75,75,75,75,75,75,75,75,75,75,75,75,75,75,75,75,75,75,75,75,75,75,75,75,75,75,75,75,75,75,75,75,75,75,75,75,75,75,75,75,75,75,75,75,75,75,75,75,75,75,75,75,75],"relic_stats":{"counters":[221,935],"Bag of Preparation":[64],"Art of War":[29],"obtain_stats":[{"Replay:Accelerometer":9,"testmod-HeartOfStrike":43,"vexMod:MemoryStick":12,"DemoMod:AgedBell":10,"Whetstone":49,"Sling":0,"Blood Vial":29,"vexMod:InvisibilityCloak":9,"testmod-Prudence":17,"vexMod:CardConverter":17,"Sundial":28,"vexMod:EndlessSickness":34,"DemoMod:LamentConfigurum":0,"DemoMod:MeltedRock":28,"Fusion Hammer":34,"MerchantsRug":0,"testmod-TestBox":0,"Pear":45,"Blue Candle":0,"Counterbalance":54,"Eternal Feather":0,"Pen Nib":25,"Replay:Ancient Bell":17,"vexMod:GhostlyGear":0,"DemoMod:GundromedaStrain":42,"DemoMod:MeatBun":53,"Ooze Armor":17,"MutagenicStrength":22,"DemoMod:SerJunkan":26,"Mark of Pain":17,"Lantern":29,"Regal Pillow":7,"Singing Bowl":0,"testmod-Temperance":17,"DemoMod:BigBoy":24,"Magic Flower":0,"testmod-EqualTreatment":27,"Blue Doll":31,"King of Hearts":0,"Bag of Preparation":0,"Burning Blood":0,"testmod-CasingShield":32,"Pet Ghost":40,"Replay:Rubber Ducky":19,"Matryoshka":27,"Toolbox":37,"testmod-ObsoleteBoomerang":3,"testmod-DeterminationOfClimber":34,"Chemical X":0,"Replay:Bottled Eggs":21,"Potion Belt":40,"Lee\u0027s Waffle":31,"Golden Idol":5,"DemoMod:Antibody":17,"DemoMod:PinkGuonStone":49,"The Courier":10,"Omamori":0,"Frozen Egg 2":0,"testmod-ConstraintPeriapt":6,"MawBank":40,"testmod-Hope":43,"Orrery":20,"Garlic":30,"Art of War":19,"Durian":39,"Bottled Lightning":8,"testmod-BalancedPeriapt":26,"ReplayTheSpireMod:Lightbulb":11,"Toy Ornithopter":27,"DemoMod:GreenGuonStone":28,"Ice Cream":38,"Divine Protection":23,"Tiny House":34,"Calipers":13,"Vajra":23,"testmod-BatchProcessingSystem":8,"testmod-IWantAll":0,"DemoMod:GlassGuonStoneRelic":8,"Sozu":17,"Centennial Puzzle":44,"HornCleat":43,"DollysMirror":0,"Strawberry":10,"Honey Jar":17,"Prayer Wheel":10,"Philosopher\u0027s Stone":17,"Iron Hammer":14,"DemoMod:ClearGuonStone":17,"Toxic Egg 2":0,"testmod-ChristmasGift":0,"Happy Flower":40,"vexMod:ScavengeHelm":17,"Replay:Grab Bag":17,"Oddly Smooth Stone":53,"Charon\u0027s Ashes":26,"vexMod:PaidLearning":20,"War Paint":26,"testmod-SaigiyounoYou":17,"testmod-RealStoneCalender":47,"Replay:Baseball":32,"ReplayTheSpireMod:Spearhead":43,"ReplayTheSpireMod:Shallot":8,"Shuriken":0,"testmod-Acrobat":8,"Onion Ring":6,"Molten Egg 2":0,"Simple Rune":14,"DemoMod:NanoMachines":44,"ReplayTheSpireMod:TigerMarble":17,"Grinning Jar":53,"Mirror":9,"Meat on the Bone":0,"Incense Burner":25,"Juzu Bracelet":44,"testmod-Nyarlathotep":47,"Replay:Mystery Machine":6,"DemoMod:WhiteGuonStone":27,"Empty Cage":31,"testmod-BouquetWithThorns":46,"PrismaticShard":45,"testmod-Charity":39,"ClockworkSouvenir":39,"Replay:Bandana":11,"testmod-CrystalShield":3,"Nunchaku":8,"testmod-Alchemist":14,"testmod-Motorcycle":0,"Gambling Chip":46,"Tiny Chest":0,"testmod-ArcanaOfDestiny":30,"Red Skull":19,"DemoMod:Junk":31,"DemoMod:Armor":44,"ReplayTheSpireMod:Ninjato":42,"Quantum Egg":42,"Replay:WaspNest":24,"vexMod:FocusSash":42,"testmod-Justice":0,"Odd Mushroom":11,"testmod-IndustrialRevolution":0,"Medical Kit":0,"White Beast Statue":49,"Mercury Hourglass":9,"vexMod:Dragonfruit":25,"Calling Bell":17,"testmod-Antiphasic":13,"Anchor":0,"Pondfish Scales":10,"vexMod:BarristanHead":6,"testmod-AssaultLearning":47,"vexMod:HeadHunter":40,"Another Sword":0,"Bag of Marbles":12,"Snack Pack":23,"Membership Card":32,"DemoMod:RingOfEthereal":10},{"Replay:Accelerometer":91,"testmod-HeartOfStrike":134,"vexMod:MemoryStick":6,"DemoMod:AgedBell":119,"Whetstone":23,"Sling":56,"Blood Vial":177,"vexMod:InvisibilityCloak":144,"testmod-Prudence":65,"vexMod:CardConverter":158,"Sundial":72,"vexMod:EndlessSickness":43,"DemoMod:LamentConfigurum":56,"DemoMod:MeltedRock":208,"Fusion Hammer":75,"MerchantsRug":113,"testmod-TestBox":0,"Pear":50,"Blue Candle":86,"Counterbalance":220,"Eternal Feather":56,"Pen Nib":13,"Replay:Ancient Bell":122,"vexMod:GhostlyGear":56,"DemoMod:GundromedaStrain":185,"DemoMod:MeatBun":54,"Ooze Armor":149,"MutagenicStrength":68,"DemoMod:SerJunkan":71,"Mark of Pain":171,"Lantern":42,"Regal Pillow":60,"Singing Bowl":113,"testmod-Temperance":201,"DemoMod:BigBoy":205,"Magic Flower":86,"testmod-EqualTreatment":126,"Blue Doll":16,"King of Hearts":56,"Bag of Preparation":113,"Burning Blood":0,"testmod-CasingShield":16,"Pet Ghost":108,"Replay:Rubber Ducky":10,"Matryoshka":176,"Toolbox":105,"testmod-ObsoleteBoomerang":163,"testmod-DeterminationOfClimber":103,"Chemical X":0,"Replay:Bottled Eggs":68,"Potion Belt":215,"Lee\u0027s Waffle":128,"Golden Idol":142,"DemoMod:Antibody":122,"DemoMod:PinkGuonStone":83,"The Courier":196,"Omamori":56,"Frozen Egg 2":0,"testmod-ConstraintPeriapt":28,"MawBank":19,"testmod-Hope":20,"Orrery":35,"Garlic":42,"Art of War":123,"Durian":182,"Bottled Lightning":5,"testmod-BalancedPeriapt":175,"ReplayTheSpireMod:Lightbulb":92,"Toy Ornithopter":40,"DemoMod:GreenGuonStone":72,"Ice Cream":106,"Divine Protection":69,"Tiny House":17,"Calipers":63,"Vajra":12,"testmod-BatchProcessingSystem":144,"testmod-IWantAll":0,"DemoMod:GlassGuonStoneRelic":5,"Sozu":171,"Centennial Puzzle":110,"HornCleat":216,"DollysMirror":86,"Strawberry":155,"Honey Jar":33,"Prayer Wheel":91,"Philosopher\u0027s Stone":171,"Iron Hammer":121,"DemoMod:ClearGuonStone":122,"Toxic Egg 2":189,"testmod-ChristmasGift":86,"Happy Flower":46,"vexMod:ScavengeHelm":158,"Replay:Grab Bag":171,"Oddly Smooth Stone":54,"Charon\u0027s Ashes":13,"vexMod:PaidLearning":202,"War Paint":100,"testmod-SaigiyounoYou":171,"testmod-RealStoneCalender":22,"Replay:Baseball":16,"ReplayTheSpireMod:Spearhead":109,"ReplayTheSpireMod:Shallot":118,"Shuriken":86,"testmod-Acrobat":29,"Onion Ring":4,"Molten Egg 2":24,"Simple Rune":157,"DemoMod:NanoMachines":186,"ReplayTheSpireMod:TigerMarble":158,"Grinning Jar":84,"Mirror":60,"Meat on the Bone":139,"Incense Burner":71,"Juzu Bracelet":216,"testmod-Nyarlathotep":83,"Replay:Mystery Machine":90,"DemoMod:WhiteGuonStone":101,"Empty Cage":42,"testmod-BouquetWithThorns":83,"PrismaticShard":186,"testmod-Charity":18,"ClockworkSouvenir":18,"Replay:Bandana":62,"testmod-CrystalShield":152,"Nunchaku":166,"testmod-Alchemist":93,"testmod-Motorcycle":0,"Gambling Chip":136,"Tiny Chest":113,"testmod-ArcanaOfDestiny":101,"Red Skull":202,"DemoMod:Junk":74,"DemoMod:Armor":186,"ReplayTheSpireMod:Ninjato":20,"Quantum Egg":134,"Replay:WaspNest":38,"vexMod:FocusSash":134,"testmod-Justice":86,"Odd Mushroom":197,"testmod-IndustrialRevolution":86,"Medical Kit":86,"White Beast Statue":23,"Mercury Hourglass":166,"vexMod:Dragonfruit":100,"Calling Bell":158,"testmod-Antiphasic":157,"Anchor":24,"Pondfish Scales":145,"vexMod:BarristanHead":28,"testmod-AssaultLearning":52,"vexMod:HeadHunter":133,"Another Sword":0,"Bag of Marbles":32,"Snack Pack":98,"Membership Card":16,"DemoMod:RingOfEthereal":61},{"Replay:Accelerometer":385,"testmod-HeartOfStrike":530,"vexMod:MemoryStick":25,"DemoMod:AgedBell":472,"Whetstone":96,"Sling":232,"Blood Vial":760,"vexMod:InvisibilityCloak":571,"testmod-Prudence":270,"vexMod:CardConverter":695,"Sundial":308,"vexMod:EndlessSickness":180,"DemoMod:LamentConfigurum":232,"DemoMod:MeltedRock":862,"Fusion Hammer":323,"MerchantsRug":448,"testmod-TestBox":0,"Pear":207,"Blue Candle":366,"Counterbalance":929,"Eternal Feather":232,"Pen Nib":56,"Replay:Ancient Bell":486,"vexMod:GhostlyGear":232,"DemoMod:GundromedaStrain":777,"DemoMod:MeatBun":222,"Ooze Armor":600,"MutagenicStrength":292,"DemoMod:SerJunkan":305,"Mark of Pain":747,"Lantern":173,"Regal Pillow":244,"Singing Bowl":448,"testmod-Temperance":837,"DemoMod:BigBoy":853,"Magic Flower":366,"testmod-EqualTreatment":502,"Blue Doll":65,"King of Hearts":232,"Bag of Preparation":448,"Burning Blood":0,"testmod-CasingShield":65,"Pet Ghost":434,"Replay:Rubber Ducky":40,"Matryoshka":758,"Toolbox":428,"testmod-ObsoleteBoomerang":727,"testmod-DeterminationOfClimber":425,"Chemical X":0,"Replay:Bottled Eggs":292,"Potion Belt":897,"Lee\u0027s Waffle":509,"Golden Idol":560,"DemoMod:Antibody":486,"DemoMod:PinkGuonStone":352,"The Courier":815,"Omamori":232,"Frozen Egg 2":0,"testmod-ConstraintPeriapt":107,"MawBank":82,"testmod-Hope":86,"Orrery":139,"Garlic":173,"Art of War":488,"Durian":770,"Bottled Lightning":22,"testmod-BalancedPeriapt":755,"ReplayTheSpireMod:Lightbulb":390,"Toy Ornithopter":164,"DemoMod:GreenGuonStone":306,"Ice Cream":430,"Divine Protection":295,"Tiny House":71,"Calipers":258,"Vajra":51,"testmod-BatchProcessingSystem":566,"testmod-IWantAll":0,"DemoMod:GlassGuonStoneRelic":22,"Sozu":747,"Centennial Puzzle":438,"HornCleat":903,"DollysMirror":366,"Strawberry":654,"Honey Jar":132,"Prayer Wheel":385,"Philosopher\u0027s Stone":747,"Iron Hammer":479,"DemoMod:ClearGuonStone":486,"Toxic Egg 2":786,"testmod-ChristmasGift":366,"Happy Flower":190,"vexMod:ScavengeHelm":695,"Replay:Grab Bag":747,"Oddly Smooth Stone":222,"Charon\u0027s Ashes":56,"vexMod:PaidLearning":841,"War Paint":418,"testmod-SaigiyounoYou":747,"testmod-RealStoneCalender":91,"Replay:Baseball":65,"ReplayTheSpireMod:Spearhead":437,"ReplayTheSpireMod:Shallot":468,"Shuriken":366,"testmod-Acrobat":113,"Onion Ring":17,"Molten Egg 2":98,"Simple Rune":669,"DemoMod:NanoMachines":778,"ReplayTheSpireMod:TigerMarble":695,"Grinning Jar":358,"Mirror":244,"Meat on the Bone":548,"Incense Burner":305,"Juzu Bracelet":903,"testmod-Nyarlathotep":352,"Replay:Mystery Machine":379,"DemoMod:WhiteGuonStone":421,"Empty Cage":173,"testmod-BouquetWithThorns":352,"PrismaticShard":778,"testmod-Charity":78,"ClockworkSouvenir":78,"Replay:Bandana":255,"testmod-CrystalShield":613,"Nunchaku":735,"testmod-Alchemist":392,"testmod-Motorcycle":0,"Gambling Chip":537,"Tiny Chest":448,"testmod-ArcanaOfDestiny":421,"Red Skull":841,"DemoMod:Junk":315,"DemoMod:Armor":778,"ReplayTheSpireMod:Ninjato":86,"Quantum Egg":530,"Replay:WaspNest":151,"vexMod:FocusSash":530,"testmod-Justice":366,"Odd Mushroom":816,"testmod-IndustrialRevolution":366,"Medical Kit":366,"White Beast Statue":96,"Mercury Hourglass":735,"vexMod:Dragonfruit":418,"Calling Bell":695,"testmod-Antiphasic":669,"Anchor":98,"Pondfish Scales":578,"vexMod:BarristanHead":109,"testmod-AssaultLearning":214,"vexMod:HeadHunter":527,"Another Sword":0,"Bag of Marbles":125,"Snack Pack":411,"Membership Card":65,"DemoMod:RingOfEthereal":249}],"Burning Blood":981},"card_choices":[{"not_picked":["Pommel Strike","ReplayTheSpireMod:Strike From Hell"],"picked":"Metallicize","floor":1.0},{"not_picked":["Clash","Cleave","Replay:Undeath\u0027s Touch"],"picked":"SKIP","floor":2.0},{"not_picked":["Clash","Sword Boomerang"],"picked":"Ghostly Armor+1","floor":4.0},{"not_picked":["Pummel","Wild Strike"],"picked":"Power Through+1","floor":5.0},{"not_picked":["Pommel Strike","Havoc+1"],"picked":"Burning Pact+1","floor":6.0},{"not_picked":["Sever Soul","ReplayTheSpireMod:Muscle Training+1"],"picked":"Body Slam","floor":7.0},{"not_picked":["Headbutt","Spot Weakness+1","Clothesline"],"picked":"SKIP","floor":10.0},{"not_picked":["Warcry+1","ReplayTheSpireMod:Stacked+1"],"picked":"Fire Breathing","floor":11.0},{"not_picked":["Clash","Cleave","Iron Wave"],"picked":"SKIP","floor":12.0},{"not_picked":["DemoMod:BlackBlade","Pummel"],"picked":"Warcry+1","floor":13.0},{"not_picked":["Anger","Replay:Undeath\u0027s Touch"],"picked":"Sever Soul","floor":14.0},{"not_picked":["Hemogenesis","Demonic Infusion+1"],"picked":"Juggernaut","floor":16.0},{"not_picked":["ReplayTheSpireMod:Strike From Hell","Replay:Undeath\u0027s Touch+1","Flex+1"],"picked":"SKIP","floor":18.0},{"not_picked":["Flex+1","Evolve+1"],"picked":"Entrench+1","floor":21.0},{"not_picked":["Thunderclap","Spot Weakness+1","Pommel Strike"],"picked":"SKIP","floor":22.0},{"not_picked":["Dual Wield+1","Cleave"],"picked":"Entrench+1","floor":24.0},{"not_picked":["ReplayTheSpireMod:LeadingStrike","Flex+1","ReplayTheSpireMod:Limb From Limb"],"picked":"SKIP","floor":25.0},{"not_picked":["Pommel Strike","Sword Boomerang","Cleave"],"picked":"SKIP","floor":27.0},{"not_picked":["Thunderclap","Body Slam"],"picked":"Disarm+1","floor":28.0},{"not_picked":["Fiend Fire","Replay:Undeath\u0027s Touch"],"picked":"Evolve","floor":29.0},{"not_picked":["Clothesline","Warcry+1","Twin Strike"],"picked":"SKIP","floor":30.0},{"not_picked":["Replay:Undeath\u0027s Touch","Dark Embrace","Anger+1"],"picked":"SKIP","floor":31.0},{"not_picked":["Hemogenesis","Feed"],"picked":"Exhume+1","floor":33.0},{"not_picked":["Clash","ReplayTheSpireMod:Limb From Limb","Entrench+1"],"picked":"SKIP","floor":35.0},{"not_picked":["Flex+1","Clothesline"],"picked":"Metallicize","floor":39.0},{"not_picked":["ReplayTheSpireMod:Strike From Hell","ReplayTheSpireMod:Muscle Training+1","Dropkick+1"],"picked":"SKIP","floor":40.0},{"not_picked":["Headbutt+1","Perfected Strike+1","Uppercut+1"],"picked":"SKIP","floor":41.0},{"not_picked":["Clothesline","Twin Strike+1"],"picked":"Sentinel+1","floor":46.0},{"not_picked":["Anger","Pommel Strike","Entrench+1"],"picked":"SKIP","floor":48.0},{"not_picked":["Spot Weakness+1","Massacre+1"],"picked":"Flame Barrier+1","floor":54}],"player_experience":409000,"relics_obtained":[{"floor":6.0,"key":"Anchor"},{"floor":9.0,"key":"Whetstone"},{"floor":10.0,"key":"The Courier"},{"floor":11.0,"key":"Odd Mushroom"},{"floor":24.0,"key":"DemoMod:BigBoy"},{"floor":28.0,"key":"DemoMod:MeltedRock"},{"floor":30.0,"key":"ReplayTheSpireMod:Ninjato"},{"floor":36.0,"key":"Art of War"},{"floor":40.0,"key":"Potion Belt"},{"floor":43.0,"key":"HornCleat"},{"floor":44.0,"key":"Juzu Bracelet"},{"floor":46.0,"key":"Quantum Egg"},{"floor":48.0,"key":"testmod-ObsoleteBoomerang"},{"floor":54,"key":"Counterbalance"}],"event_choices":[{"damage_healed":0.0,"max_hp_gain":0.0,"max_hp_loss":0.0,"gold_gain":0.0,"event_name":"Mushrooms","player_choice":"Fought Mushrooms","floor":11.0,"gold_loss":0.0,"damage_taken":0.0},{"damage_healed":0.0,"max_hp_gain":0.0,"max_hp_loss":0.0,"gold_gain":0.0,"event_name":"WeMeetAgain","player_choice":"Gave Potion","floor":19.0,"gold_loss":0.0,"damage_taken":0.0,"relics_obtained":["Red Skull"]},{"cards_removed":["Sever Soul"],"damage_healed":0.0,"max_hp_gain":0.0,"max_hp_loss":0.0,"gold_gain":0.0,"event_name":"Falling","player_choice":"Removed Attack","floor":37.0,"gold_loss":0.0,"damage_taken":0.0},{"cards_removed":["Strike_R"],"damage_healed":0.0,"max_hp_gain":0.0,"max_hp_loss":0.0,"gold_gain":0.0,"event_name":"Purifier","player_choice":"Purged","floor":38.0,"gold_loss":0.0,"damage_taken":0.0}],"is_beta":false,"boss_relics":[{"not_picked":["testmod-Prudence","Black Star"],"picked":"testmod-Temperance"},{"not_picked":["testmod-DeterminationOfClimber","Runic Pyramid","vexMod:EndlessSickness"]}],"items_purged_floors":[0,20],"is_endless":false,"potions_floor_spawned":[4,5,6,10,12,18,21,24,28,30,35,41,48],"ascension_level":19}}