{"host":"2d1gdrpn8mmx8hh1","time":1609519112,"event":{"mods":["AchievementEnabler","BaseMod","Hermit","Minty Spire (QoL Compilation)","Replay The Spire","StSLib"],"gold_per_floor":[114,129,304,304,319,349,349,374,438,89,89,89,164,67,67,173,173,185,196,196,206,206],"floor_reached":21,"playtime":1399,"items_purged":[],"score":187,"play_id":"17d705c9-ed12-4b7a-b55b-795ef6aa867f","local_time":"20210101103832","is_ascension_mode":false,"campfire_choices":[{"data":"hermit:Maintenance","floor":7.0,"key":"SMITH"},{"data":"hermit:HighCaliber","floor":11.0,"key":"SMITH"},{"data":"hermit:CalledShot","floor":15.0,"key":"SMITH"}],"circlet_count":0,"master_deck":["hermit:Strike_Hermit","hermit:Strike_Hermit","hermit:Strike_Hermit","hermit:Strike_Hermit","hermit:Defend_Hermit","hermit:Defend_Hermit","hermit:Defend_Hermit","hermit:Defend_Hermit","hermit:Snapshot","hermit:Maintenance+1","hermit:TrackingShot","hermit:Shortfuse","hermit:WideOpen","hermit:HighCaliber+1","hermit:Brawl","hermit:CalledShot+1","Venomology","hermit:Coalescence"],"relics":["hermit:Momento","NeowsBlessing","Eternal Feather","MawBank","Dream Catcher","PrismaticShard","ReplayTheSpireMod:TigerMarble","Coffee Dripper"],"acts_visited":["Exordium","TheCity"],"potions_floor_usage":[],"damage_taken":[{"damage":0.0,"enemies":"Small Slimes","floor":1.0,"turns":1.0},{"damage":0.0,"enemies":"2 Louse","floor":2.0,"turns":1.0},{"damage":0.0,"enemies":"Jaw Worm","floor":5.0,"turns":1.0},{"damage":3.0,"enemies":"Lagavulin","floor":6.0,"turns":7.0},{"damage":1.0,"enemies":"Replay:BlueRogue","floor":8.0,"turns":6.0},{"damage":33.0,"enemies":"Hexaghost","floor":16.0,"turns":9.0},{"damage":16.0,"enemies":"Spheric Guardian","floor":18.0,"turns":5.0},{"damage":14,"enemies":"3 Byrds","floor":19,"turns":5},{"damage":14,"enemies":"Snake Plant","floor":21,"turns":4}],"seed_played":"5321629399060794091","potions_obtained":[{"floor":5.0,"key":"EssenceOfSteel"},{"floor":6.0,"key":"Weak Potion"},{"floor":16.0,"key":"GamblersBrew"}],"is_trial":false,"path_per_floor":["M","M","?","?","M","E","R","E","T","$","R","$","?","$","R","B",null,"M","M","?","M"],"character_chosen":"HERMIT","items_purchased":["hermit:HighCaliber","PrismaticShard","ReplayTheSpireMod:TigerMarble","hermit:Brawl","hermit:CalledShot"],"campfire_rested":0,"item_purchase_floors":[10,10,10,14,14],"current_hp_per_floor":[75,75,75,75,75,72,75,74,74,74,75,75,64,64,73,40,75,59,45,45,31,31],"gold":206,"neow_bonus":"THREE_ENEMY_KILL","is_daily":false,"chose_seed":false,"campfire_upgraded":3,"win_rate":0.0,"timestamp":1609519112,"path_taken":["M","M","?","?","M","E","R","E","T","$","R","?","?","$","R","BOSS","M","M","?","?"],"items_purchased_type":["Card","Relic","Relic","Card","Card"],"build_version":"2020-12-22","purchased_purges":0,"victory":false,"max_hp_per_floor":[75,75,75,75,75,75,75,75,75,75,75,75,75,75,75,75,75,75,75,75,75,75],"card_choices":[{"not_picked":["hermit:Desperado","hermit:LuckOfTheDraw"],"picked":"hermit:Maintenance","floor":1.0},{"not_picked":["hermit:Feint","hermit:HighCaliber"],"picked":"hermit:TrackingShot","floor":2.0},{"not_picked":["hermit:Dive","hermit:Virtue"],"picked":"hermit:Shortfuse","floor":5.0},{"not_picked":["hermit:TrackingShot","hermit:LuckOfTheDraw"],"picked":"hermit:WideOpen","floor":6.0},{"not_picked":["hermit:RoundhouseKick","hermit:Deadeye","hermit:Virtue"],"picked":"SKIP","floor":8.0},{"not_picked":["Fiend Fire","Wraith Form v2"],"picked":"Venomology","floor":16.0},{"not_picked":["Replay:AtTheReady","Stack","Aggregate"],"picked":"SKIP","floor":18},{"not_picked":["Iron Wave","hermit:Glare","hermit:Feint+1"],"picked":"SKIP","floor":19}],"player_experience":12179,"relics_obtained":[{"floor":6.0,"key":"Eternal Feather"},{"floor":8.0,"key":"MawBank"},{"floor":9.0,"key":"Dream Catcher"}],"event_choices":[{"damage_healed":0.0,"max_hp_gain":0.0,"max_hp_loss":0.0,"gold_gain":175.0,"event_name":"Liars Game","player_choice":"AGREE","floor":3.0,"gold_loss":0.0,"damage_taken":0.0,"cards_obtained":["Doubt"]},{"cards_removed":["Doubt"],"damage_healed":0.0,"max_hp_gain":0.0,"max_hp_loss":0.0,"gold_gain":0.0,"event_name":"Living Wall","player_choice":"Forget","floor":4.0,"gold_loss":0.0,"damage_taken":0.0},{"damage_healed":0.0,"max_hp_gain":0.0,"max_hp_loss":0.0,"gold_gain":75.0,"event_name":"World of Goop","player_choice":"Gather Gold","floor":13.0,"gold_loss":0.0,"damage_taken":11.0},{"damage_healed":0,"gold_gain":0,"cards_transformed":["hermit:Covet"],"player_choice":"Transformed","damage_taken":0,"max_hp_gain":0,"max_hp_loss":0,"event_name":"Transmorgrifier","floor":20,"gold_loss":0,"cards_obtained":["hermit:Coalescence"]}],"is_beta":false,"boss_relics":[{"not_picked":["Replay:Drink Me","Runic Dome"],"picked":"Coffee Dripper"}],"items_purged_floors":[],"is_endless":false,"potions_floor_spawned":[5,6,16],"killed_by":"Snake Plant","ascension_level":0}}