{"host":"v4tuy5ykrbdcm9o9","time":1609489050,"event":{"mods":["BaseMod","Duelist Mod","Minty Spire (QoL Compilation)","Replay The Spire","StSLib"],"gold_per_floor":[115,133,150,164,164,190,207,207,207,223,258,270,2,31,31,129,129,140,157,169,29,49,80,80,115,115,145,145,162,162,182,182,283,283,294,294,6,6,21,21,31,51,51,66,83,83,110,123,123,123,123],"floor_reached":50,"playtime":6898,"items_purged":[],"score":780,"play_id":"6c3cf656-b943-4c71-9b37-42f6ab5a8ff5","local_time":"20210101031730","is_ascension_mode":true,"campfire_choices":[{"floor":15,"key":"REST"},{"data":"Discovery","floor":24,"key":"SMITH"},{"floor":30,"key":"REST"},{"floor":32,"key":"REST"},{"data":"Storm","floor":40,"key":"SMITH"},{"data":"Thunder Strike","floor":46,"key":"SMITH"},{"floor":49,"key":"REST"}],"circlet_count":0,"master_deck":["Strike_B","Strike_B","Strike_B","Strike_B","Defend_B","Defend_B","Defend_B","Defend_B","Zap","Dualcast","Discovery+1","Sweeping Beam","Capacitor","Ball Lightning","Compile Driver","Sunder","Beam Cell","Ball Lightning","Barrage","Storm+1","Thunder Strike+1","Turbo+1","Steam+1","Hologram+1","Self Repair","Self Repair","Enlightenment+1","Redo+1","Rainbow+1","Conserve Battery+1","Aggregate+1","Auto Shields+1","ReplayRNGCard+1","Core Surge","FTL+1","Panacea+1","Cold Snap+1","Rip and Tear+1","Beam Cell+1","BootSequence+1","Skim+1","Gash+1","Redo+1","Double Energy+1","FTL+1","Steam+1","Fusion+1"],"relics":["Cracked Core","Durian","Anchor","InkBottle","Mango","ClockworkSouvenir","Toxic Egg 2","Painkiller Herb","WingedGreaves","Ancient Tea Set","Replay:Bottled Flurry","Lizard Tail","Solar Panel","SlaversCollar","Lantern","Blue Doll","Prayer Wheel","Bag of Marbles","Pear"],"acts_visited":["Exordium","TheCity","TheBeyond"],"potions_floor_usage":[6,7,11,14,16,16,23,31,33,39,45,50,50,50],"damage_taken":[{"damage":5.0,"enemies":"Small Slimes","floor":1.0,"turns":2.0},{"damage":0.0,"enemies":"Cultist","floor":2.0,"turns":3.0},{"damage":4.0,"enemies":"Jaw Worm","floor":3.0,"turns":3.0},{"damage":3.0,"enemies":"Blue Slaver","floor":4.0,"turns":3.0},{"damage":10,"enemies":"3 Sentries","floor":6,"turns":5},{"damage":6,"enemies":"Exordium Wildlife","floor":7,"turns":4},{"damage":0,"enemies":"Large Slime","floor":10,"turns":5},{"damage":0,"enemies":"Gremlin Nob","floor":11,"turns":3},{"damage":0,"enemies":"Red Slaver","floor":12,"turns":2},{"damage":25,"enemies":"Replay:BlueRogue","floor":14,"turns":4},{"damage":28,"enemies":"Fading Forest","floor":16,"turns":11},{"damage":18,"enemies":"2 Thieves","floor":18,"turns":3},{"damage":2,"enemies":"Chosen","floor":20,"turns":4},{"damage":2,"enemies":"Shelled Parasite and Fungi","floor":22,"turns":3},{"damage":0,"enemies":"theDuelist:KaibaA2","floor":23,"turns":3},{"damage":37,"enemies":"Slavers","floor":25,"turns":4},{"damage":10,"enemies":"theDuelist:KaibaA2","floor":27,"turns":4},{"damage":5,"enemies":"Centurion and Healer","floor":29,"turns":4},{"damage":61,"enemies":"3 Cultists","floor":31,"turns":5},{"damage":39,"enemies":"Collector","floor":33,"turns":7},{"damage":0,"enemies":"Orb Walker","floor":35,"turns":3},{"damage":30,"enemies":"3 Darklings","floor":39,"turns":7},{"damage":21,"enemies":"Maw","floor":41,"turns":7},{"damage":14,"enemies":"Sphere and 2 Shapes","floor":42,"turns":4},{"damage":26,"enemies":"Jaw Worm Horde","floor":44,"turns":4},{"damage":0,"enemies":"Spire Growth","floor":45,"turns":4},{"damage":56,"enemies":"Nemesis","floor":47,"turns":7},{"damage":10,"enemies":"3 Darklings","floor":48,"turns":3},{"damage":171,"enemies":"Awakened One","floor":50,"turns":11}],"seed_played":"4760968964952113975","potions_obtained":[{"floor":2.0,"key":"Cursed Concoction"},{"floor":3.0,"key":"SkillPotion"},{"floor":4,"key":"Block Potion"},{"floor":5,"key":"LiquidMemories"},{"floor":5,"key":"BlessingOfTheForge"},{"floor":10,"key":"Reflective Coating"},{"floor":14,"key":"DistilledChaos"},{"floor":18,"key":"Flashbang"},{"floor":23,"key":"SteroidPotion"},{"floor":27,"key":"Explosive Potion"},{"floor":33,"key":"ColorlessPotion"},{"floor":35,"key":"Cursed Concoction"},{"floor":41,"key":"Weak Potion"},{"floor":44,"key":"FearPotion"},{"floor":48,"key":"Swift Potion"}],"is_trial":false,"path_per_floor":["M","M","M","M","?","E","M","?","T","M","E","M","$","E","R","B",null,"?","?","?","T","?","E","T","E","T","E","?","?","T","?","T","B",null,"?","?","T","?","?","T","?","?","T","?","?","T","E","?","T","B"],"character_chosen":"DEFECT","items_purchased":["Storm","ClockworkSouvenir","Swift Potion","Self Repair","Enlightenment+1","Lantern","Panacea+1","ColorlessPotion"],"campfire_rested":4,"item_purchase_floors":[13,13,13,21,21,37,37,37],"current_hp_per_floor":[70,70,66,63,63,58,52,27,27,27,41,41,41,16,44,32,94,76,76,74,74,79,79,79,56,56,60,60,59,87,48,76,50,94,94,94,94,94,84,84,85,86,86,78,94,94,62,65,96,0,0],"gold":123,"neow_bonus":"RANDOM_COLORLESS","is_daily":false,"chose_seed":false,"campfire_upgraded":3,"win_rate":0.0,"timestamp":1609489050,"path_taken":["M","M","M","M","?","E","?","?","T","M","E","M","$","E","R","BOSS","?","?","?","T","?","E","T","E","T","E","?","?","T","?","T","BOSS","?","?","T","?","?","T","?","?","T","?","?","T","E","?","T","BOSS"],"items_purchased_type":["Card","Relic","Potion","Card","Card","Relic","Card","Potion"],"build_version":"2020-12-22","purchased_purges":0,"victory":false,"max_hp_per_floor":[75,75,75,75,75,80,80,80,80,80,94,94,94,94,94,94,94,94,94,94,94,94,94,94,94,94,94,94,94,94,94,94,94,94,94,94,94,94,94,94,94,94,94,94,94,94,104,104,104,104,104],"card_choices":[{"not_picked":["Trip","Survey Options"],"picked":"Discovery","floor":0.0},{"not_picked":["Turbo","Redo"],"picked":"Sweeping Beam","floor":1.0},{"not_picked":["ReplayTheSpireMod:Calculation Training","Defragment","Fusion"],"picked":"SKIP","floor":2.0},{"not_picked":["Heatsinks","Leap"],"picked":"Capacitor","floor":3.0},{"not_picked":["BasicCrystalCard","Rebound"],"picked":"Ball Lightning","floor":4},{"not_picked":["Turbo","Meteor Strike"],"picked":"Compile Driver","floor":6},{"not_picked":["Blizzard","Steam"],"picked":"Sunder","floor":7},{"not_picked":["Ball Lightning","Reinforced Body"],"picked":"Beam Cell","floor":10},{"not_picked":["Coolheaded","Meteor Strike"],"picked":"Ball Lightning","floor":11},{"not_picked":["Gash","Steam"],"picked":"Barrage","floor":12},{"not_picked":["Cold Snap","Gash"],"picked":"Recycle+1","floor":14},{"not_picked":["Fission+1","Echo Form"],"picked":"Thunder Strike","floor":16},{"not_picked":["Rip and Tear","Recycle+1"],"picked":"Turbo+1","floor":18},{"not_picked":["Cold Snap","Storm+1"],"picked":"Steam+1","floor":19},{"not_picked":["Time Bomb+1","Ball Lightning"],"picked":"Hologram+1","floor":20},{"not_picked":["ReplaySort+1","Lockon"],"picked":"Redo+1","floor":22},{"not_picked":["Sweeping Beam","Reprogram+1"],"picked":"Rainbow+1","floor":23},{"not_picked":["ReplayTheSpireMod:Repulse+1","Sunder","Streamline"],"picked":"SKIP","floor":25},{"not_picked":["Redo+1","Steam+1"],"picked":"Conserve Battery+1","floor":27},{"not_picked":["Redo+1","ReplayTheSpireMod:GoodbyeWorld"],"picked":"Auto Shields+1","floor":29},{"not_picked":["BasicCrystalCard+1","Stack+1"],"picked":"ReplayRNGCard+1","floor":31},{"not_picked":["Hyperbeam","Meteor Strike"],"picked":"Core Surge","floor":33},{"not_picked":["Beam Cell","Doom and Gloom"],"picked":"FTL+1","floor":35},{"not_picked":["Compile Driver","BasicCrystalCard+1"],"picked":"Cold Snap+1","floor":39},{"not_picked":["Rebound","Ball Lightning"],"picked":"Rip and Tear+1","floor":41},{"not_picked":["Defragment","Sweeping Beam+1"],"picked":"Beam Cell+1","floor":42},{"not_picked":["Crystallizer","ReplayTheSpireMod:GoodbyeWorld+1"],"picked":"BootSequence+1","floor":42},{"not_picked":["Turbo+1","Go for the Eyes"],"picked":"Skim+1","floor":44},{"not_picked":["Coolheaded+1","Glacier+1"],"picked":"Gash+1","floor":44},{"not_picked":["Turbo+1","Genetic Algorithm+1"],"picked":"Redo+1","floor":45},{"not_picked":["Steam+1","Amplify+1"],"picked":"Double Energy+1","floor":45},{"not_picked":["Ball Lightning","ReplaySort+1"],"picked":"FTL+1","floor":47},{"not_picked":["Redo+1","Coolheaded+1"],"picked":"Steam+1","floor":48},{"not_picked":["Leap+1","Streamline"],"picked":"Fusion+1","floor":48}],"player_experience":509978,"relics_obtained":[{"floor":6,"key":"Durian"},{"floor":9,"key":"InkBottle"},{"floor":11,"key":"Mango"},{"floor":14,"key":"Toxic Egg 2"},{"floor":19,"key":"WingedGreaves"},{"floor":23,"key":"Ancient Tea Set"},{"floor":25,"key":"Replay:Bottled Flurry"},{"floor":26,"key":"Lizard Tail"},{"floor":27,"key":"Solar Panel"},{"floor":43,"key":"Bag of Marbles"},{"floor":47,"key":"Pear"}],"event_choices":[{"damage_healed":0,"gold_gain":0,"player_choice":"Got Potions","damage_taken":0,"max_hp_gain":0,"max_hp_loss":0,"event_name":"Lab","floor":5,"gold_loss":0},{"damage_healed":0,"gold_gain":0,"player_choice":"Success","damage_taken":25,"relics_obtained":["Anchor"],"max_hp_gain":0,"max_hp_loss":0,"event_name":"Scrap Ooze","floor":8,"gold_loss":0},{"damage_healed":0,"gold_gain":0,"cards_transformed":["Recycle"],"player_choice":"Transformed","damage_taken":0,"max_hp_gain":0,"max_hp_loss":0,"event_name":"Transmorgrifier","floor":28,"gold_loss":0,"cards_obtained":["Aggregate"]},{"damage_healed":0,"gold_gain":0,"player_choice":"Gave Potion","damage_taken":0,"relics_obtained":["Blue Doll"],"max_hp_gain":0,"max_hp_loss":0,"event_name":"WeMeetAgain","floor":38,"gold_loss":0}],"is_beta":false,"boss_relics":[{"not_picked":["Abe\u0027s Treasure","Coffee Dripper"],"picked":"Painkiller Herb"},{"not_picked":["FrozenCore","Astrolabe"],"picked":"SlaversCollar"}],"items_purged_floors":[],"is_endless":false,"potions_floor_spawned":[2,3,4,10,14,18,23,27,33,35,41,44,48],"killed_by":"Awakened One","ascension_level":4}}