{"host":"Yuki","time":1609466534,"event":{"mods":["AchievementEnabler","BaseMod","Block Reminder","Colored Map","Colored Powertips","Googly Eyes","Highlight Path","Minty Spire (QoL Compilation)","Permanent Neow","Quick Restart","Random Character Button","Random Character Mod","Relic Stats","StSLib","The Wild Card","everything is the same but u backflip on backflip","slay the spire mod where everything is the same but ironclad has a cowboy hat"],"gold_per_floor":[111,27,41,58,69,100,100,130,130,159,179,205,205,218,218,322,322,335,347,31,46,64,64,64],"floor_reached":23,"playtime":3033,"items_purged":["theWildCard:CallToAdventure"],"score":248,"play_id":"bb630669-634c-465f-a82e-15ab088152f6","local_time":"20201231200214","is_ascension_mode":true,"campfire_choices":[{"data":"theWildCard:ArcanaArtistry","floor":7,"key":"SMITH"},{"data":"theWildCard:ArcanaArtistry","floor":13,"key":"SMITH"},{"data":"theWildCard:FinalHour","floor":15,"key":"SMITH"}],"circlet_count":0,"master_deck":["theWildCard:BasicStrike","theWildCard:BasicStrike","theWildCard:BasicStrike","theWildCard:BasicStrike","theWildCard:BasicDefend","theWildCard:BasicDefend","theWildCard:BasicDefend","theWildCard:BasicDefend","theWildCard:Arsene","theWildCard:FinalHour+1","theWildCard:ArcanaArtistry+1","theWildCard:Sakuya","theWildCard:PowerOfTheArcana","theWildCard:Sakuya","theWildCard:SeveringSlash","theWildCard:SeveringSlash","theWildCard:ArcanaArtistry+1","theWildCard:TheGreatSeal","theWildCard:TheArcanaUnleashed","theWildCard:Proficiency","theWildCard:SeveringSlash","theWildCard:ArchaicAssault","Finesse","theWildCard:Safeguard","theWildCard:SacrificialStroke"],"relics":["theWildCard:VelvetContract","Girya","Boot","White Beast Statue","Letter Opener","Mummified Hand","theWildCard:Wildcard"],"acts_visited":["Exordium","TheCity"],"potions_floor_usage":[6,10,12,16,21,22,22],"damage_taken":[{"damage":1,"enemies":"Jaw Worm","floor":1,"turns":4},{"damage":0,"enemies":"Small Slimes","floor":3,"turns":3},{"damage":0,"enemies":"2 Louse","floor":4,"turns":3},{"damage":4,"enemies":"Red Slaver","floor":5,"turns":5},{"damage":15,"enemies":"Lagavulin","floor":6,"turns":9},{"damage":20,"enemies":"3 Sentries","floor":8,"turns":18},{"damage":20,"enemies":"Gremlin Nob","floor":10,"turns":4},{"damage":5,"enemies":"Looter","floor":11,"turns":3},{"damage":8,"enemies":"3 Sentries","floor":12,"turns":10},{"damage":6,"enemies":"Lots of Slimes","floor":14,"turns":4},{"damage":67,"enemies":"Hexaghost","floor":16,"turns":18},{"damage":49,"enemies":"3 Byrds","floor":18,"turns":8},{"damage":64,"enemies":"Spheric Guardian","floor":19,"turns":14},{"damage":95,"enemies":"Centurion and Healer","floor":21,"turns":20},{"damage":37,"enemies":"Snecko","floor":22,"turns":13},{"damage":68,"enemies":"Book of Stabbing","floor":23,"turns":11}],"seed_played":"9131924728174135232","potions_obtained":[{"floor":4,"key":"ColorlessPotion"},{"floor":6,"key":"Fire Potion"},{"floor":8,"key":"DistilledChaos"},{"floor":10,"key":"Swift Potion"},{"floor":11,"key":"LiquidMemories"},{"floor":12,"key":"ColorlessPotion"},{"floor":16,"key":"SpeedPotion"},{"floor":21,"key":"Explosive Potion"},{"floor":22,"key":"Weak Potion"}],"is_trial":false,"path_per_floor":["M","$","M","M","M","E","R","E","T","E","M","E","R","M","R","B",null,"M","M","$","M","M","E"],"character_chosen":"THE_WILD_CARD","items_purchased":["theWildCard:Sakuya","theWildCard:PowerOfTheArcana","theWildCard:ArchaicAssault","Finesse","theWildCard:Safeguard"],"campfire_rested":0,"item_purchase_floors":[2,2,20,20,20],"current_hp_per_floor":[59,59,60,60,57,60,60,60,60,46,41,60,60,60,60,60,60,57,22,22,32,42,0,0],"gold":64,"neow_bonus":"ONE_RANDOM_RARE_CARD","is_daily":false,"chose_seed":false,"campfire_upgraded":3,"win_rate":0.0,"timestamp":1609466534,"path_taken":["M","$","M","M","M","E","R","E","T","E","M","E","R","M","R","BOSS","M","M","$","M","M","E"],"items_purchased_type":["Card","Card","Card","Card","Card"],"build_version":"2020-12-18","purchased_purges":1,"victory":false,"max_hp_per_floor":[60,60,60,60,60,60,60,60,60,60,60,60,60,60,60,60,60,60,60,60,60,60,60,60],"relic_stats":{"counters":[16,147],"Mummified Hand":[15],"Letter Opener":[234],"Boot":[21],"obtain_stats":[{"theWildCard:VelvetContract":0,"Girya":6,"Mummified Hand":12,"theWildCard:Wildcard":17,"Letter Opener":10,"Boot":8,"White Beast Statue":9},{"theWildCard:VelvetContract":0,"Girya":5,"Mummified Hand":9,"theWildCard:Wildcard":11,"Letter Opener":7,"Boot":6,"White Beast Statue":6},{"theWildCard:VelvetContract":0,"Girya":24,"Mummified Hand":59,"theWildCard:Wildcard":81,"Letter Opener":46,"Boot":42,"White Beast Statue":42}]},"card_choices":[{"not_picked":["theWildCard:Michael","theWildCard:Metatron"],"picked":"theWildCard:ArcanaArtistry","floor":1},{"not_picked":["theWildCard:Unburden","theWildCard:UnendingRitual","theWildCard:UnderLockAndKey"],"picked":"SKIP","floor":3},{"not_picked":["theWildCard:Polydeuces","theWildCard:Loki"],"picked":"theWildCard:Sakuya","floor":4},{"not_picked":["theWildCard:PowerOfTheArcana","theWildCard:Proficiency"],"picked":"theWildCard:SeveringSlash","floor":5},{"not_picked":["theWildCard:PaleRider","theWildCard:Michael"],"picked":"theWildCard:SeveringSlash","floor":6},{"not_picked":["theWildCard:ArcaneArts","theWildCard:LadyLuck","theWildCard:AllOutAttack"],"picked":"SKIP","floor":8},{"not_picked":["theWildCard:Deicide","theWildCard:UnendingRitual","theWildCard:UnderLockAndKey"],"picked":"SKIP","floor":10},{"not_picked":["theWildCard:ArcaneArts","theWildCard:Proficiency"],"picked":"theWildCard:ArcanaArtistry","floor":11},{"not_picked":["theWildCard:EnergyTheft","theWildCard:IdentityTheft"],"picked":"theWildCard:TheGreatSeal","floor":12},{"not_picked":["theWildCard:TheGreatSeal","theWildCard:MagicMettle","theWildCard:StalwartBlade"],"picked":"SKIP","floor":14},{"not_picked":["theWildCard:Amaterasu","theWildCard:Overwhelm"],"picked":"theWildCard:TheArcanaUnleashed","floor":16},{"not_picked":["theWildCard:Polydeuces","theWildCard:EnergizedStroke+1"],"picked":"theWildCard:Proficiency","floor":18},{"not_picked":["theWildCard:ArcaneArts","theWildCard:StingingStrike"],"picked":"theWildCard:SeveringSlash","floor":19},{"not_picked":["theWildCard:Proficiency+1","theWildCard:PaleRider"],"picked":"theWildCard:SacrificialStroke","floor":21},{"not_picked":["theWildCard:Michael+1","theWildCard:BladeOfGenerations","theWildCard:Polydeuces"],"picked":"SKIP","floor":22}],"player_experience":1240022,"relics_obtained":[{"floor":6,"key":"Girya"},{"floor":8,"key":"Boot"},{"floor":9,"key":"White Beast Statue"},{"floor":10,"key":"Letter Opener"},{"floor":12,"key":"Mummified Hand"}],"event_choices":[],"is_beta":true,"boss_relics":[{"not_picked":["Sozu","Cursed Key"],"picked":"theWildCard:Wildcard"}],"items_purged_floors":[20],"is_endless":false,"potions_floor_spawned":[4,6,8,10,11,12,14,16,18,19,21,22],"killed_by":"Book of Stabbing","ascension_level":2}}