{"host":"1hppsasng8mkn0s8","time":1609491638,"event":{"mods":["BaseMod","Downfall","Minty Spire (QoL Compilation)","StSLib"],"gold_per_floor":[99,113,129,147,247,262,262,277,57,57,68,82,7,36,47,47,47,47],"floor_reached":16,"playtime":920,"items_purged":[],"score":111,"play_id":"b33d20b8-66ad-4455-9c90-f634eafc37e0","local_time":"20210101170038","is_ascension_mode":true,"campfire_choices":[{"floor":1.0,"key":"RECALL"},{"floor":10.0,"key":"REST"},{"data":"Guardian:CurlUp","floor":13.0,"key":"SMITH"}],"circlet_count":0,"master_deck":["Guardian:Strike_Guardian","Guardian:Strike_Guardian","Guardian:Strike_Guardian","Guardian:Defend_Guardian","Guardian:Defend_Guardian","Guardian:CurlUp+1","Guardian:TwinSlam","Guardian:Clone+1","Guardian:FastForward+1","Guardian:TemporalStrike","Guardian:Repulse","Guardian:DonusPower","Guardian:Gem_Purple","Guardian:Gem_Purple","Guardian:Gem_Crimson","Guardian:RevengeProtocol","Guardian:AncientConstruct","expansioncontent:QuickStudy","Guardian:Gem_Cyan","Guardian:FloatingOrbs","Guardian:BronzeArmor","Guardian:VentSteam","Guardian:RollAttack"],"relics":["Astrolabe","downfall:GremlinWheel","Guardian:SackOfGems","downfall:HeartBlessingRed","Letter Opener"],"acts_visited":["Exordium"],"potions_floor_usage":[16,16,16],"damage_taken":[{"damage":0.0,"enemies":"Cultist","floor":2.0,"turns":3.0},{"damage":0.0,"enemies":"Jaw Worm","floor":3.0,"turns":3.0},{"damage":1.0,"enemies":"2 Louse","floor":4.0,"turns":3.0},{"damage":16.0,"enemies":"2 Louse","floor":5.0,"turns":3.0},{"damage":8.0,"enemies":"Red Slaver","floor":6.0,"turns":3.0},{"damage":9.0,"enemies":"3 Louse","floor":8.0,"turns":4.0},{"damage":0.0,"enemies":"downfall:FleeingMerchant","floor":9.0,"turns":4.0},{"damage":24.0,"enemies":"Large Slime","floor":11.0,"turns":8.0},{"damage":3.0,"enemies":"Red Slaver","floor":12.0,"turns":3.0},{"damage":22.0,"enemies":"Gremlin Nob","floor":14.0,"turns":4.0},{"damage":9.0,"enemies":"3 Louse","floor":15.0,"turns":3.0},{"damage":15,"enemies":"downfall:Defect","floor":16,"turns":4}],"seed_played":"-7902460091110829896","potions_obtained":[{"floor":2.0,"key":"SteroidPotion"},{"floor":5.0,"key":"CultistPotion"},{"floor":6.0,"key":"SpeedPotion"},{"floor":11.0,"key":"SpeedPotion"}],"is_trial":false,"path_per_floor":["R","M","M","M","?","M","T","M","$","R","M","M","R","E","M","B"],"character_chosen":"GUARDIAN","items_purchased":["expansioncontent:QuickStudy","Guardian:Gem_Cyan"],"campfire_rested":1,"item_purchase_floors":[9,9],"current_hp_per_floor":[80,80,80,79,63,55,55,46,46,70,46,43,43,21,12,0,0,0],"gold":47,"neow_bonus":"BOSS_RELIC","is_daily":false,"chose_seed":false,"campfire_upgraded":1,"win_rate":0.0,"timestamp":1609491638,"path_taken":["R","M","?","M","?","M","T","?","$","R","M","M","R","E","M","BOSS"],"items_purchased_type":["Card","Card"],"build_version":"2020-12-22","purchased_purges":0,"victory":false,"max_hp_per_floor":[80,80,80,80,80,80,80,80,80,80,80,80,80,80,80,80,80,80],"card_choices":[{"not_picked":["Guardian:EvasiveProtocol","Guardian:PrimingBeam"],"picked":"Guardian:TemporalStrike","floor":2.0},{"not_picked":["Guardian:PiercingHide","Guardian:Harden"],"picked":"Guardian:Repulse","floor":3.0},{"not_picked":["Guardian:Reroute","Guardian:TemporalShield"],"picked":"Guardian:DonusPower","floor":4.0},{"not_picked":["Guardian:ChargeCore","Guardian:PiercingHide"],"picked":"Guardian:Gem_Purple","floor":6.0},{"not_picked":["Guardian:VentSteam","Guardian:SpikerProtocol"],"picked":"Guardian:RevengeProtocol","floor":8.0},{"not_picked":["Guardian:TemporalShield","Guardian:Recover"],"picked":"Guardian:AncientConstruct","floor":9.0},{"not_picked":["Guardian:ChargeCore","Guardian:Gem_Lightblue"],"picked":"Guardian:FloatingOrbs","floor":11.0},{"not_picked":["Guardian:Recover","Guardian:CrystalBeam"],"picked":"Guardian:BronzeArmor","floor":12.0},{"not_picked":["Guardian:DecasProtection","Guardian:ShieldCharger"],"picked":"Guardian:VentSteam","floor":14.0},{"not_picked":["Guardian:BronzeArmor","Guardian:TimeBomb"],"picked":"Guardian:RollAttack","floor":15.0}],"player_experience":199405,"relics_obtained":[{"floor":5.0,"key":"downfall:GremlinWheel"},{"floor":7.0,"key":"Guardian:SackOfGems"},{"floor":14.0,"key":"Letter Opener"}],"event_choices":[{"cards_removed":["Guardian:Gem_Green"],"damage_healed":0.0,"max_hp_gain":0.0,"max_hp_loss":0.0,"gold_gain":0.0,"event_name":"Wheel of Change","player_choice":"Card Removal","floor":10.0,"gold_loss":0.0,"damage_taken":0.0}],"is_beta":false,"boss_relics":[],"items_purged_floors":[],"is_endless":false,"potions_floor_spawned":[2,5,6,11],"killed_by":"downfall:Defect","ascension_level":1}}