{"host":"sj8q76gqwate12tx","time":1609493480,"event":{"mods":["BaseMod","DeckTracker","Downfall","Minty Spire (QoL Compilation)","Rare Cards Sparkle","StSLib","The Servant 0.9.4"],"gold_per_floor":[99,99,99,99,99,109,109,123,150,150,61,61,61,93,106,203,203,53,72,57,57,57,87,87,101,101,86,86,103,103,119,134,233,233,233,243,513,524,538,538,538,463,19,47,59,71,71,86,103,103,103,103,103,103],"floor_reached":52,"playtime":3922,"items_purged":["hexamod:Strike"],"score":804,"play_id":"dce4f621-4dcf-4f95-9946-4e3e0627deaf","local_time":"20210101103120","is_ascension_mode":true,"campfire_choices":[{"data":"hexamod:Float","floor":1.0,"key":"SMITH"},{"floor":10.0,"key":"RECALL"},{"data":"hexamod:EtherealExpedition","floor":12.0,"key":"SMITH"},{"data":"hexamod:Again","floor":18.0,"key":"SMITH"},{"data":"hexamod:GhostflameInferno","floor":26.0,"key":"SMITH"},{"floor":30.0,"key":"REST"},{"data":"hexamod:Toasty","floor":35.0,"key":"SMITH"},{"data":"hexamod:HeatCrush","floor":42.0,"key":"SMITH"},{"floor":47.0,"key":"REST"}],"circlet_count":0,"master_deck":["hexamod:Strike","hexamod:Strike+1","hexamod:Defend","hexamod:Defend","hexamod:Defend+1","hexamod:Sear","hexamod:Float+1","hexamod:AdvancingGuard","hexamod:Incineration","hexamod:Again+1","hexamod:CrushingStance","hexamod:EtherealExpedition+1","hexamod:SkipABeat","hexamod:SoulSteal","hexamod:ThirdSeal","hexamod:HauntingEcho+1","hexamod:HeatCrush+1","hexamod:FlamesFromBeyond","hexamod:RadiantFlame","hexamod:ThermalTransfer","hexamod:GhostflameInferno+1","hexamod:ThermalTransfer+1","hexamod:Firestarter+1","hexamod:SuperheatedStrike+1","hexamod:Toasty+1","hexamod:NightmareStrike+1","hexamod:EmpoweringStance","hexamod:Firestarter+1","hexamod:ExtraCrispy+1","hexamod:AdvancingGuard+1","hexamod:GhostflameBarrier","hexamod:SixthSeal","hexamod:GhostflameBarrier+1"],"relics":["hexamod:SpiritBrand","downfall:HeartsMalice","Oddly Smooth Stone","Vajra","Anchor","Velvet Choker","downfall:HeartBlessingRed","downfall:HeartBlessingGreen","Nilry\u0027s Codex","Strawberry","Pear","Sozu","downfall:HeartBlessingBlue","Guardian:GemstoneGun","Lee\u0027s Waffle","InkBottle"],"acts_visited":["Exordium","TheCity","TheBeyond","TheEnding"],"potions_floor_usage":[],"damage_taken":[{"damage":0.0,"enemies":"Jaw Worm","floor":2.0,"turns":1.0},{"damage":0.0,"enemies":"Cultist","floor":3.0,"turns":1.0},{"damage":0.0,"enemies":"2 Louse","floor":5.0,"turns":1.0},{"damage":17.0,"enemies":"Exordium Thugs","floor":6.0,"turns":5.0},{"damage":7.0,"enemies":"Blue Slaver","floor":8.0,"turns":3.0},{"damage":6.0,"enemies":"Lagavulin","floor":9.0,"turns":6.0},{"damage":0.0,"enemies":"downfall:FleeingMerchant","floor":11.0,"turns":4.0},{"damage":11.0,"enemies":"3 Sentries","floor":14.0,"turns":5.0},{"damage":0.0,"enemies":"3 Louse","floor":15.0,"turns":3.0},{"damage":27.0,"enemies":"downfall:Ironclad","floor":16.0,"turns":9.0},{"damage":1.0,"enemies":"3 Byrds","floor":19.0,"turns":3.0},{"damage":0.0,"enemies":"downfall:FleeingMerchant","floor":20.0,"turns":4.0},{"damage":38.0,"enemies":"Slavers","floor":23.0,"turns":5.0},{"damage":2.0,"enemies":"Chosen","floor":25.0,"turns":3.0},{"damage":4.0,"enemies":"downfall:FleeingMerchant","floor":27.0,"turns":4.0},{"damage":19.0,"enemies":"Snake Plant","floor":29.0,"turns":3.0},{"damage":9.0,"enemies":"Shelled Parasite and Fungi","floor":31.0,"turns":4.0},{"damage":4.0,"enemies":"Centurion and Healer","floor":32.0,"turns":4.0},{"damage":11.0,"enemies":"downfall:Silent","floor":33.0,"turns":6.0},{"damage":1.0,"enemies":"3 Shapes","floor":36.0,"turns":4.0},{"damage":0.0,"enemies":"downfall:FleeingMerchant","floor":37.0,"turns":1.0},{"damage":3.0,"enemies":"Orb Walker","floor":38.0,"turns":3.0},{"damage":29.0,"enemies":"Jaw Worm Horde","floor":39.0,"turns":3.0},{"damage":35.0,"enemies":"Nemesis","floor":44.0,"turns":5.0},{"damage":32.0,"enemies":"Maw","floor":45.0,"turns":5.0},{"damage":14.0,"enemies":"Writhing Mass","floor":46.0,"turns":3.0},{"damage":3.0,"enemies":"4 Shapes","floor":48.0,"turns":5.0},{"damage":6.0,"enemies":"3 Darklings","floor":49.0,"turns":3.0},{"damage":9,"enemies":"downfall:Defect","floor":50,"turns":6},{"damage":104,"enemies":"downfall:CharBossMerchant","floor":52,"turns":7}],"seed_played":"-7017413056249967265","potions_obtained":[{"floor":6.0,"key":"ColorlessPotion"},{"floor":14.0,"key":"DistilledChaos"},{"floor":15.0,"key":"Weak Potion"},{"floor":16.0,"key":"SkillPotion"},{"floor":25.0,"key":"BlessingOfTheForge"},{"floor":31.0,"key":"LiquidBronze"},{"floor":32.0,"key":"hexamod:DoubleChargePotion"}],"is_trial":false,"path_per_floor":["R","M","M","?","M","M","T","M","E","R","$","R","?","E","M","B",null,"R","M","$","?","?","E","T","M","R","$","?","M","R","M","M","B",null,"R","M","$","M","M","?","T","R","$","E","M","M","R","M","M","B",null,"E"],"character_chosen":"THE_SPIRIT","items_purchased":["hexamod:EtherealExpedition","Guardian:GemstoneGun","Lee\u0027s Waffle"],"campfire_rested":2,"item_purchase_floors":[11,43,43],"current_hp_per_floor":[70,70,70,70,70,53,53,46,40,40,40,40,40,29,29,2,70,70,69,69,69,53,22,32,30,30,26,26,7,33,24,20,9,87,87,86,86,83,54,54,54,64,104,69,37,23,54,51,45,36,104,0,0,0],"gold":103,"neow_bonus":"THREE_ENEMY_KILL","is_daily":false,"chose_seed":false,"campfire_upgraded":6,"win_rate":0.0,"timestamp":1609493480,"path_taken":["R","M","M","?","M","?","T","?","E","R","$","R","?","E","M","BOSS","R","M","$","?","?","E","T","M","R","$","?","M","R","M","M","BOSS","R","M","$","?","M","?","T","R","$","E","M","?","R","M","M","BOSS","E"],"items_purchased_type":["Card","Relic","Relic"],"build_version":"2020-12-22","purchased_purges":1,"victory":false,"max_hp_per_floor":[70,70,70,70,70,70,70,70,70,70,70,70,70,70,70,70,70,70,70,70,70,70,77,87,87,87,87,87,87,87,87,87,87,87,87,87,87,87,87,87,87,97,104,104,104,104,104,104,104,104,104,104,104,104],"card_choices":[{"not_picked":["hexamod:Firestarter","hexamod:RadiantFlame"],"picked":"hexamod:AdvancingGuard","floor":2.0},{"not_picked":["hexamod:HauntingEcho","hexamod:RainOfEmbers","hexamod:GhostOfSpirePresent"],"picked":"SKIP","floor":3.0},{"not_picked":["hexamod:ShieldOfDarkness","hexamod:StepThrough"],"picked":"hexamod:Incineration","floor":5.0},{"not_picked":["hexamod:Hexaguard","hexamod:SpectralSpark"],"picked":"hexamod:Again","floor":6.0},{"not_picked":["hexamod:SwordOfDarkness","hexamod:NightmareGuise","hexamod:BacktrackSmack"],"picked":"SKIP","floor":8.0},{"not_picked":["hexamod:FlamesFromBeyond","hexamod:SpectralSpark"],"picked":"hexamod:CrushingStance","floor":9.0},{"not_picked":["hexamod:RecurringNightmare","hexamod:NightmareGuise","hexamod:AdvancingGuard"],"picked":"SKIP","floor":11.0},{"not_picked":["hexamod:GhostOfSpirePresent","hexamod:ShieldOfDarkness"],"picked":"hexamod:SkipABeat","floor":14.0},{"not_picked":["hexamod:HeatShield","hexamod:FourthSeal"],"picked":"hexamod:SoulSteal","floor":15.0},{"not_picked":["hexamod:Hexaguard","hexamod:PowerFromBeyond"],"picked":"hexamod:ThirdSeal","floor":19.0},{"not_picked":["hexamod:NightmareGuise","hexamod:ChargedBarrage"],"picked":"hexamod:HauntingEcho+1","floor":20.0},{"not_picked":["hexamod:InspiringFlames+1","hexamod:Firestarter"],"picked":"hexamod:HeatCrush","floor":20.0},{"not_picked":["hexamod:CatchUp","hexamod:BacktrackSmack","hexamod:Firestarter"],"picked":"SKIP","floor":23.0},{"not_picked":["hexamod:BacktrackSmack","hexamod:SpectersWail","hexamod:SwordOfDarkness"],"picked":"SKIP","floor":23.0},{"not_picked":["hexamod:FourthSeal","hexamod:SwordOfDarkness"],"picked":"hexamod:ThermalTransfer","floor":25.0},{"not_picked":["hexamod:PowerFromBeyond+1","hexamod:Hexaguard+1"],"picked":"hexamod:GhostflameInferno","floor":25.0},{"not_picked":["hexamod:BurningTouch","hexamod:FourthSeal","hexamod:RainOfEmbers"],"picked":"SKIP","floor":27.0},{"not_picked":["hexamod:InspiringFlames","hexamod:GhostflameBarrier","hexamod:SecondSeal"],"picked":"SKIP","floor":29.0},{"not_picked":["hexamod:RetreatToShadows","hexamod:HeatMetal"],"picked":"hexamod:ThermalTransfer+1","floor":31.0},{"not_picked":["hexamod:NightmareGuise","hexamod:FourthSeal"],"picked":"hexamod:Firestarter+1","floor":31.0},{"not_picked":["hexamod:DynamicBlow","hexamod:NightmareStrike"],"picked":"hexamod:SuperheatedStrike+1","floor":32.0},{"not_picked":["hexamod:NightmareGuise","hexamod:InspiringFlames","hexamod:RadiantFlame"],"picked":"SKIP","floor":32.0},{"not_picked":["hexamod:FifthSeal","hexamod:SixthSeal"],"picked":"hexamod:Toasty","floor":33.0},{"not_picked":["hexamod:SwordOfDarkness","hexamod:ThermalTransfer+1"],"picked":"hexamod:NightmareStrike+1","floor":36.0},{"not_picked":["hexamod:ThermalTransfer","hexamod:RecurringNightmare","hexamod:ChargedBarrage+1"],"picked":"SKIP","floor":36.0},{"not_picked":["hexamod:NightmareGuise","hexamod:HeatCrush","hexamod:FastForward+1"],"picked":"SKIP","floor":37.0},{"not_picked":["hexamod:ThermalTransfer+1","hexamod:SwordOfDarkness"],"picked":"hexamod:EmpoweringStance","floor":38.0},{"not_picked":["hexamod:ShieldOfDarkness","hexamod:Hexaguard+1","hexamod:DynamicBlow"],"picked":"SKIP","floor":38.0},{"not_picked":["hexamod:SoulSteal","hexamod:NightmareStrike"],"picked":"hexamod:Firestarter+1","floor":39.0},{"not_picked":["hexamod:FastForward+1","hexamod:StepThrough+1"],"picked":"hexamod:ExtraCrispy+1","floor":39.0},{"not_picked":["hexamod:HeatCrush","hexamod:RainOfEmbers"],"picked":"hexamod:AdvancingGuard+1","floor":44.0},{"not_picked":["hexamod:HauntingEcho","hexamod:CatchUp"],"picked":"hexamod:GhostflameBarrier","floor":45.0},{"not_picked":["hexamod:HauntingEcho+1","hexamod:SecondSeal","hexamod:NecessarySacrifice"],"picked":"SKIP","floor":46.0},{"not_picked":["hexamod:SecondSeal","hexamod:StepThrough"],"picked":"hexamod:SixthSeal","floor":48.0},{"not_picked":["hexamod:Firestarter+1","hexamod:SpectralSpark+1","hexamod:ShieldOfDarkness+1"],"picked":"SKIP","floor":48.0},{"not_picked":["hexamod:SuperheatedStrike+1","hexamod:CatchUp"],"picked":"hexamod:GhostflameBarrier+1","floor":49.0},{"not_picked":["hexamod:AdvancingGuard+1","hexamod:FastForward+1","hexamod:CatchUp"],"picked":"SKIP","floor":49.0}],"player_experience":866061,"relics_obtained":[{"floor":7.0,"key":"Oddly Smooth Stone"},{"floor":9.0,"key":"Vajra"},{"floor":14.0,"key":"Anchor"},{"floor":22.0,"key":"Nilry\u0027s Codex"},{"floor":23.0,"key":"Strawberry"},{"floor":24.0,"key":"Pear"},{"floor":44.0,"key":"InkBottle"}],"event_choices":[{"damage_healed":0.0,"max_hp_gain":0.0,"max_hp_loss":0.0,"gold_gain":0.0,"event_name":"Accursed Blacksmith","player_choice":"Forge","floor":4.0,"gold_loss":0.0,"damage_taken":0.0,"cards_upgraded":["hexamod:Defend"]},{"damage_healed":0.0,"max_hp_gain":0.0,"max_hp_loss":0.0,"gold_gain":0.0,"cards_transformed":["hexamod:Strike","hexamod:Defend"],"event_name":"Drug Dealer","player_choice":"Became Test Subject","floor":21.0,"gold_loss":0.0,"damage_taken":0.0,"cards_obtained":["hexamod:FlamesFromBeyond","hexamod:RadiantFlame"]}],"is_beta":false,"boss_relics":[{"not_picked":["Snecko Eye","SacredBark"],"picked":"Velvet Choker"},{"not_picked":["Philosopher\u0027s Stone","Coffee Dripper"],"picked":"Sozu"}],"items_purged_floors":[37],"is_endless":false,"potions_floor_spawned":[6,14,15,16,25,31,32,39,45,46,48],"killed_by":"downfall:CharBossMerchant","ascension_level":2}}