{"host":"4zkge9b5bb6kwkft","time":1609479081,"event":{"mods":["AchievementEnabler","BaseMod","Better Skull","BetterRewards","Block Reminder","Colored Map","Colored Powertips","Curses Come First","Highlight Path","Infinite Spire","Minty Spire (QoL Compilation)","Quick Restart","Relic Stats","Replay The Spire","Retaliation","Spicy Shops","StSLib","SuperFastMode","The Blue Laboratory","The Marked"],"gold_per_floor":[111,124,124,143,155,186,186,205,232,260,278,278,0,0,0,115,115,138,138,138,53,53,53,93,93,119,146,179,179,179,27,27,139,139,169,169,192,192,192,244,244,244,244,308,308,341,383,11,11,19],"floor_reached":51,"playtime":1444,"items_purged":["theMarked:Strike","theMarked:Strike","theMarked:Strike","theMarked:Strike"],"score":754,"play_id":"5552dc50-f140-4ba4-a214-d867d3604f66","local_time":"20201231213121","is_ascension_mode":false,"campfire_choices":[{"data":"theMarked:SoldierOfQuellstein","floor":7.0,"key":"SMITH"},{"data":"theMarked:Parry","floor":15.0,"key":"SMITH"},{"data":"theMarked:TakeOffHeels","floor":23.0,"key":"SMITH"},{"floor":30,"key":"REST"},{"data":"theMarked:CreepingChasm","floor":32,"key":"SMITH"},{"floor":41,"key":"REST"},{"data":"Pot Of Greed","floor":42,"key":"SMITH"},{"floor":49,"key":"REST"}],"circlet_count":0,"master_deck":["theMarked:Defend","theMarked:Defend","theMarked:Defend","theMarked:Defend","theMarked:SoldierOfQuellstein+1","theMarked:SuspiciousRaven","theMarked:EmpowerWeapon","theMarked:WastefulAttack+1","theMarked:CreepingChasm+1","theMarked:ElementalBlade","theMarked:Parry+1","theMarked:EmpowerWeapon","theMarked:WastefulAttack+1","theMarked:RepellingDischarge+1","theMarked:TakeOffHeels+1","theMarked:TakeCover","ReplayTheSpireMod:Faulty Equipment","Pot Of Greed+1","Pot Of Greed+1","theMarked:WastefulDefense+1","theMarked:Levitate+1","theMarked:SuspiciousRaven+1","Pot Of Greed","theMarked:SwordAndMagic+1"],"relics":["theMarked:ArtifactOfAir","Blue Doll","Oddly Smooth Stone","Replay:Bandana","Matryoshka","Pen Nib","Question Card","theMarked:Eyepatch","WingedGreaves","Grinning Jar","Divine Protection","Incense Burner","Golden Egg","Toy Ornithopter","Replay:Wax Seal","Lee\u0027s Waffle","Busted Crown","Mummified Hand","ReplayTheSpireMod:Lightbulb","Shovel","infinitespire:Broken Mirror","theMarked:VonisonLock","Replay:WaspNest","Whetstone"],"acts_visited":["Exordium","TheCity","TheBeyond"],"potions_floor_usage":[28,33,33,47,50,50],"damage_taken":[{"damage":7.0,"enemies":"2 Louse","floor":1.0,"turns":2.0},{"damage":1.0,"enemies":"Cultist","floor":2.0,"turns":3.0},{"damage":1.0,"enemies":"Jaw Worm","floor":4.0,"turns":3.0},{"damage":7.0,"enemies":"2 Fungi Beasts","floor":5.0,"turns":3.0},{"damage":8.0,"enemies":"Gremlin Nob","floor":6.0,"turns":3.0},{"damage":5.0,"enemies":"Looter","floor":8.0,"turns":3.0},{"damage":12.0,"enemies":"3 Sentries","floor":10.0,"turns":5.0},{"damage":0.0,"enemies":"Exordium Wildlife","floor":11.0,"turns":3.0},{"damage":17.0,"enemies":"Fading Forest","floor":16.0,"turns":11.0},{"damage":20.0,"enemies":"2 Thieves","floor":18.0,"turns":3.0},{"damage":19.0,"enemies":"Book of Stabbing","floor":24.0,"turns":5.0},{"damage":6,"enemies":"Spheric Guardian","floor":27,"turns":4},{"damage":9,"enemies":"Chosen and Byrds","floor":28,"turns":6},{"damage":45,"enemies":"Automaton","floor":33,"turns":10},{"damage":17,"enemies":"Orb Walker","floor":35,"turns":3},{"damage":0,"enemies":"3 Shapes","floor":37,"turns":4},{"damage":26,"enemies":"Reptomancer","floor":40,"turns":7},{"damage":0,"enemies":"Mind Bloom Boss Battle","floor":44,"turns":4},{"damage":18,"enemies":"Jaw Worm Horde","floor":46,"turns":4},{"damage":1,"enemies":"Nemesis","floor":47,"turns":7},{"damage":10,"enemies":"Donu and Deca","floor":50,"turns":10}],"seed_played":"-8426622980442479079","potions_obtained":[{"floor":4.0,"key":"Swift Potion"},{"floor":5.0,"key":"blueLaboratory:ArtificerPotion"},{"floor":8.0,"key":"blueLaboratory:FruitPunch"},{"floor":22.0,"key":"blueLaboratory:EnragingPotion"},{"floor":22.0,"key":"Death Potion"},{"floor":27,"key":"blueLaboratory:FruitPunch"},{"floor":37,"key":"Venom Potion"},{"floor":40,"key":"Swift Potion"},{"floor":46,"key":"SkillPotion"}],"is_trial":false,"path_per_floor":["M","M","?","M","M","E","R","M","T","E","M","$","$","T","R","B",null,"M","?","T","?","?","R","E","AVR","T","M","M","?","R","$","R","B",null,"M","T","M","T","?","E","R","R","T","?","?","M","E","$","R","B",null],"character_chosen":"THE_DEFAULT","items_purchased":["Matryoshka","theMarked:RepellingDischarge+1","Lee\u0027s Waffle","Whetstone"],"campfire_rested":3,"item_purchase_floors":[13,13,31,48],"current_hp_per_floor":[63,62,62,61,54,46,46,41,41,31,31,31,31,31,31,24,72,52,52,52,52,52,52,33,33,33,27,25,25,47,81,81,46,81,64,64,64,64,64,38,62,62,62,62,62,44,48,48,72,71],"gold":19,"neow_bonus":"ONE_RANDOM_RARE_CARD","is_daily":false,"chose_seed":false,"campfire_upgraded":5,"win_rate":0.0,"timestamp":1609479081,"path_taken":["M","M","?","M","M","E","R","M","T","E","M","?","$","?","R","BOSS","M","?","?","?","?","R","E","AVR","T","M","?","?","R","$","R","BOSS","M","?","?","?","?","E","R","R","T","?","?","?","E","$","R","BOSS"],"items_purchased_type":["Relic","Card","Relic","Relic"],"build_version":"2020-12-22","purchased_purges":4,"victory":true,"max_hp_per_floor":[70,70,70,70,70,70,70,70,70,72,72,72,72,72,72,72,72,72,72,72,72,72,72,72,72,72,72,74,74,74,81,81,81,81,81,81,81,81,81,81,81,81,81,81,81,81,81,81,81,81],"relic_stats":{"Lee\u0027s Waffle":34,"Busted Crown":18,"Shovel":0,"counters":[21,103],"Mummified Hand":[0],"Pen Nib":[14],"Whetstone":["theMarked:WastefulAttack","theMarked:WastefulAttack"],"Question Card":18,"obtain_stats":[{"Divine Protection":20,"Golden Egg":24,"Lee\u0027s Waffle":31,"Oddly Smooth Stone":9,"Blue Doll":6,"Pen Nib":14,"Replay:WaspNest":47,"Incense Burner":21,"Whetstone":48,"Question Card":14,"theMarked:ArtifactOfAir":0,"Replay:Bandana":10,"Matryoshka":13,"Busted Crown":34,"Shovel":40,"Mummified Hand":36,"infinitespire:Broken Mirror":43,"WingedGreaves":19,"theMarked:VonisonLock":44,"Grinning Jar":20,"Replay:Wax Seal":26,"ReplayTheSpireMod:Lightbulb":38,"Toy Ornithopter":25,"theMarked:Eyepatch":17},{"Divine Protection":10,"Golden Egg":11,"Lee\u0027s Waffle":13,"Oddly Smooth Stone":6,"Blue Doll":5,"Pen Nib":8,"Replay:WaspNest":20,"Incense Burner":10,"Whetstone":20,"Question Card":8,"theMarked:ArtifactOfAir":0,"Replay:Bandana":7,"Matryoshka":8,"Busted Crown":14,"Shovel":17,"Mummified Hand":15,"infinitespire:Broken Mirror":17,"WingedGreaves":10,"theMarked:VonisonLock":18,"Grinning Jar":10,"Replay:Wax Seal":11,"ReplayTheSpireMod:Lightbulb":16,"Toy Ornithopter":11,"theMarked:Eyepatch":9},{"Divine Protection":39,"Golden Egg":44,"Lee\u0027s Waffle":54,"Oddly Smooth Stone":17,"Blue Doll":14,"Pen Nib":25,"Replay:WaspNest":93,"Incense Burner":39,"Whetstone":93,"Question Card":25,"theMarked:ArtifactOfAir":0,"Replay:Bandana":22,"Matryoshka":25,"Busted Crown":64,"Shovel":78,"Mummified Hand":67,"infinitespire:Broken Mirror":78,"WingedGreaves":39,"theMarked:VonisonLock":82,"Grinning Jar":39,"Replay:Wax Seal":44,"ReplayTheSpireMod:Lightbulb":71,"Toy Ornithopter":44,"theMarked:Eyepatch":36}],"Toy Ornithopter":29},"card_choices":[{"not_picked":["theMarked:HeightenedSenses","theMarked:CreepingChasm"],"picked":"theMarked:EmpowerWeapon","floor":1.0},{"not_picked":["theMarked:WastefulDefense","theMarked:Overthink"],"picked":"theMarked:WastefulAttack","floor":2.0},{"not_picked":["theMarked:EmpowerWeapon","theMarked:Parry"],"picked":"theMarked:ElementalBlade","floor":4.0},{"not_picked":["theMarked:Polarize","theMarked:LightningStrikesTwice","theMarked:Aftermath"],"picked":"SKIP","floor":5.0},{"not_picked":["theMarked:Generate","theMarked:SoldierForm"],"picked":"theMarked:Parry","floor":6.0},{"not_picked":["theMarked:ResourceFulStrike","theMarked:Static"],"picked":"theMarked:EmpowerWeapon","floor":8.0},{"not_picked":["theMarked:Aftermath","theMarked:ElectricStrings","theMarked:ComboAttacks"],"picked":"SKIP","floor":10.0},{"not_picked":["theMarked:Indomitable","theMarked:BanishingStrike"],"picked":"theMarked:WastefulAttack","floor":11.0},{"not_picked":["theMarked:Snap","theMarked:TurnInvisible","theMarked:MagicAdept"],"picked":"theMarked:TakeOffHeels","floor":16.0},{"not_picked":["theMarked:Improvise","theMarked:SwordAndMagic","theMarked:TwofoldDefense"],"picked":"theMarked:TakeCover","floor":18.0},{"not_picked":["theMarked:HeightenedSenses","theMarked:ShockingTouch","theMarked:Generate"],"picked":"theMarked:WastefulDefense+1","floor":24.0},{"not_picked":["theMarked:LightningStrikesTwice","theMarked:RepellingDischarge","theMarked:WastefulAttack","theMarked:Indomitable+1"],"picked":"SKIP","floor":27},{"not_picked":["theMarked:ElectricStrings","theMarked:Opportunist+1","theMarked:ChainLightning"],"picked":"theMarked:Levitate","floor":28},{"not_picked":["theMarked:DispelDoubt","theMarked:FavorableWinds","theMarked:Defy"],"picked":"theMarked:SuspiciousRaven","floor":33},{"not_picked":["theMarked:Frustration","theMarked:ContemptForTheProud"],"picked":"SKIP","floor":35},{"not_picked":["theMarked:AttractMetal+1","theMarked:Seal+1"],"picked":"SKIP","floor":37},{"not_picked":["theMarked:Aftermath+1","theMarked:ElectricStrings+1"],"picked":"SKIP","floor":40},{"not_picked":["theMarked:Generate+1"],"picked":"theMarked:SwordAndMagic+1","floor":44},{"not_picked":["theMarked:WardOff","theMarked:ReduceFriction"],"picked":"SKIP","floor":46},{"not_picked":["theMarked:ThrowWeapon","theMarked:WardOff"],"picked":"SKIP","floor":47}],"player_experience":358974,"relics_obtained":[{"floor":6.0,"key":"Blue Doll"},{"floor":9.0,"key":"Oddly Smooth Stone"},{"floor":10.0,"key":"Replay:Bandana"},{"floor":14.0,"key":"Pen Nib"},{"floor":14.0,"key":"Question Card"},{"floor":20.0,"key":"Grinning Jar"},{"floor":20.0,"key":"Divine Protection"},{"floor":24.0,"key":"Golden Egg"},{"floor":26.0,"key":"Replay:Wax Seal"},{"floor":36,"key":"Mummified Hand"},{"floor":38,"key":"ReplayTheSpireMod:Lightbulb"},{"floor":40,"key":"Shovel"},{"floor":43,"key":"infinitespire:Broken Mirror"},{"floor":44,"key":"theMarked:VonisonLock"},{"floor":47,"key":"Replay:WaspNest"}],"event_choices":[{"damage_healed":0.0,"max_hp_gain":0.0,"max_hp_loss":0.0,"gold_gain":0.0,"cards_transformed":["theMarked:Strike"],"event_name":"Transmorgrifier","player_choice":"Transformed","floor":3.0,"gold_loss":0.0,"damage_taken":0.0,"cards_obtained":["theMarked:CreepingChasm"]},{"damage_healed":0.0,"max_hp_gain":0.0,"max_hp_loss":0.0,"gold_gain":0.0,"event_name":"Addict","player_choice":"Obtained Relic","floor":21.0,"gold_loss":85.0,"damage_taken":0.0,"relics_obtained":["Incense Burner"]},{"damage_healed":0.0,"max_hp_gain":0.0,"max_hp_loss":0.0,"gold_gain":0.0,"event_name":"Lab","player_choice":"Got Potions","floor":22.0,"gold_loss":0.0,"damage_taken":0.0},{"damage_healed":0,"gold_gain":0,"player_choice":"Ignored","damage_taken":0,"max_hp_gain":0,"max_hp_loss":0,"event_name":"NoteForYourself","floor":29,"gold_loss":0},{"damage_healed":0,"gold_gain":0,"player_choice":"Memory 1","damage_taken":0,"max_hp_gain":0,"max_hp_loss":0,"event_name":"SensoryStone","floor":39,"gold_loss":0},{"damage_healed":0,"gold_gain":0,"player_choice":"Fight","damage_taken":0,"max_hp_gain":0,"max_hp_loss":0,"event_name":"MindBloom","floor":44,"gold_loss":0},{"damage_healed":0,"gold_gain":0,"player_choice":"Forge","damage_taken":0,"max_hp_gain":0,"max_hp_loss":0,"event_name":"Accursed Blacksmith","floor":45,"gold_loss":0,"cards_upgraded":["Pot Of Greed"]}],"is_beta":false,"boss_relics":[{"not_picked":["Runic Dome","Abe\u0027s Treasure"],"picked":"theMarked:Eyepatch"},{"not_picked":["Replay:Wanted Poster","ChewingGum"],"picked":"Busted Crown"}],"items_purged_floors":[25,31,48,48],"is_endless":false,"potions_floor_spawned":[4,5,8,27,37,40,46],"ascension_level":0}}