{"host":"Yuki","time":1609473173,"event":{"mods":["AchievementEnabler","BaseMod","Block Reminder","Colored Map","Colored Powertips","Googly Eyes","Highlight Path","Minty Spire (QoL Compilation)","Permanent Neow","Quick Restart","Random Character Button","Random Character Mod","Relic Stats","StSLib","The Wild Card","everything is the same but u backflip on backflip","slay the spire mod where everything is the same but ironclad has a cowboy hat"],"gold_per_floor":[118,129,140,64,64,94,47,79,79,79,90,90,107,57,57,155,155,173,184,194,208,208,208],"floor_reached":22,"playtime":923,"items_purged":["Strike_R"],"score":307,"play_id":"650bb6fc-3245-47e1-a376-f1c3367e8153","local_time":"20201231215253","is_ascension_mode":true,"campfire_choices":[{"data":"Limit Break","floor":10,"key":"SMITH"},{"data":"Feed","floor":12,"key":"SMITH"},{"floor":15,"key":"REST"}],"circlet_count":0,"master_deck":["Strike_R","Strike_R","Strike_R","Strike_R","Defend_R","Defend_R","Defend_R","Defend_R","Bash","Heavy Blade","Inflame","Cleave","Feed+1","Flame Barrier","Twin Strike","Flex","Limit Break+1","Inflame","Barricade","Entrench","Inflame"],"relics":["Burning Blood","Kunai","Smiling Mask","Bottled Lightning","Sozu"],"acts_visited":["Exordium","TheCity"],"potions_floor_usage":[5,6,11,13,16],"damage_taken":[{"damage":6,"enemies":"2 Louse","floor":1,"turns":3},{"damage":1,"enemies":"Cultist","floor":2,"turns":3},{"damage":4,"enemies":"Small Slimes","floor":3,"turns":3},{"damage":25,"enemies":"3 Sentries","floor":6,"turns":7},{"damage":50,"enemies":"Gremlin Nob","floor":8,"turns":6},{"damage":0,"enemies":"Looter","floor":11,"turns":2},{"damage":26,"enemies":"Blue Slaver","floor":13,"turns":9},{"damage":26,"enemies":"Hexaghost","floor":16,"turns":9},{"damage":27,"enemies":"2 Thieves","floor":18,"turns":4},{"damage":12,"enemies":"3 Byrds","floor":19,"turns":6},{"damage":31,"enemies":"Centurion and Healer","floor":20,"turns":8},{"damage":24,"enemies":"Snake Plant","floor":21,"turns":5},{"damage":27,"enemies":"Sentry and Sphere","floor":22,"turns":3}],"seed_played":"-2002562509328142228","potions_obtained":[{"floor":1,"key":"AttackPotion"},{"floor":5,"key":"HeartOfIron"},{"floor":5,"key":"Fruit Juice"},{"floor":5,"key":"Explosive Potion"},{"floor":8,"key":"Explosive Potion"},{"floor":13,"key":"FearPotion"}],"is_trial":false,"path_per_floor":["M","M","M","$","?","E","$","E","T","R","M","R","M","$","R","B",null,"M","M","M","M","M"],"character_chosen":"IRONCLAD","items_purchased":["Flame Barrier","Flex"],"campfire_rested":1,"item_purchase_floors":[4,7],"current_hp_per_floor":[72,77,79,79,84,68,68,27,27,27,33,33,17,17,45,25,78,61,59,38,20,0,0],"gold":208,"neow_bonus":"THREE_CARDS","is_daily":false,"chose_seed":false,"campfire_upgraded":2,"win_rate":0.0,"timestamp":1609473173,"path_taken":["M","M","M","$","?","E","$","E","T","R","M","R","M","?","R","BOSS","M","M","M","M","M"],"items_purchased_type":["Card","Card"],"build_version":"2020-12-18","purchased_purges":1,"victory":false,"max_hp_per_floor":[80,80,80,80,85,88,88,91,91,91,91,91,95,95,95,95,95,99,103,107,107,111,111],"relic_stats":{"Sozu":0,"counters":[13,68],"Kunai":[4],"Smiling Mask":25,"obtain_stats":[{"Sozu":17,"Kunai":6,"Bottled Lightning":9,"Smiling Mask":8,"Burning Blood":0},{"Sozu":8,"Kunai":4,"Bottled Lightning":5,"Smiling Mask":5,"Burning Blood":0},{"Sozu":42,"Kunai":16,"Bottled Lightning":22,"Smiling Mask":22,"Burning Blood":0}],"Burning Blood":72},"card_choices":[{"not_picked":["Wild Strike","Hemokinesis"],"picked":"Heavy Blade","floor":0},{"not_picked":["Flex","Perfected Strike"],"picked":"Inflame","floor":1},{"not_picked":["Hemokinesis","Perfected Strike"],"picked":"Cleave","floor":2},{"not_picked":["Twin Strike","Sever Soul"],"picked":"Feed","floor":3},{"not_picked":["Pommel Strike","Body Slam"],"picked":"Twin Strike","floor":6},{"not_picked":["Cleave","Spot Weakness"],"picked":"Limit Break","floor":8},{"not_picked":["Searing Blow","Rupture"],"picked":"Inflame","floor":11},{"not_picked":["Rampage","Dark Embrace","Warcry"],"picked":"SKIP","floor":13},{"not_picked":["Offering","Exhume"],"picked":"Barricade","floor":16},{"not_picked":["Pommel Strike","Warcry+1","True Grit"],"picked":"SKIP","floor":18},{"not_picked":["Cleave","Clash+1","Clothesline+1"],"picked":"SKIP","floor":19},{"not_picked":["Dual Wield","Disarm"],"picked":"Entrench","floor":20},{"not_picked":["Thunderclap+1","Pommel Strike"],"picked":"Inflame","floor":21}],"player_experience":1248666,"relics_obtained":[{"floor":6,"key":"Kunai"},{"floor":8,"key":"Smiling Mask"},{"floor":9,"key":"Bottled Lightning"}],"event_choices":[{"damage_healed":0,"gold_gain":0,"player_choice":"Got Potions","damage_taken":0,"max_hp_gain":0,"max_hp_loss":0,"event_name":"Lab","floor":5,"gold_loss":0}],"is_beta":true,"boss_relics":[{"not_picked":["Tiny House","Cursed Key"],"picked":"Sozu"}],"items_purged_floors":[14],"is_endless":false,"potions_floor_spawned":[1,8,13],"killed_by":"Sentry and Sphere","ascension_level":6}}