{"host":"xdg5osv0fulac4z3","time":1609483025,"event":{"mods":["2.2 Compatiblity","Act Like it!","BaseMod","Colored Map","Hallownest","Minty Spire (QoL Compilation)","Rare Cards Sparkle","Replay The Spire","StSLib","The Bug Knight"],"gold_per_floor":[117,117,117,129,9,9,9,9,91,91,109,109,121,134,134,235,235,252,252,252],"floor_reached":19,"playtime":1414,"items_purged":["HollowMod:NailStrikeStart"],"score":157,"play_id":"472f533c-9a3f-445a-9f19-4720ca5e4137","local_time":"20210101163705","is_ascension_mode":false,"campfire_choices":[{"data":"HollowMod:ShapeofUnn","floor":6,"key":"SMITH"},{"data":"HollowMod:DashSlash","floor":12,"key":"SMITH"},{"data":"HollowMod:NailStrikeStart","floor":15,"key":"PURGE"}],"circlet_count":0,"master_deck":["HollowMod:FocusHealStart+1","HollowMod:PogoStrike","HollowMod:ShapeofUnn+1","HollowMod:DoubleDash","Hallownest:skillLeafShield","Hallownest:skillLeafShield","HollowMod:DashSlash+1","HollowMod:CloakDash","HollowMod:SoulSplash","HollowMod:SlysStrikes","Trip+1","HollowMod:SoulShaman+1","Enlightenment+1"],"relics":["HollowMod:VesselMask","Hallownest:DreamNailRelic","Divine Protection","Astrolabe"],"acts_visited":["Hallownest:Greenpath","Hallownest:CityofTears"],"potions_floor_usage":[],"damage_taken":[{"damage":2,"enemies":"Hallownest:2_MossCreeps","floor":1,"turns":5},{"damage":1,"enemies":"Hallownest:2_Tiktiks_and_1_Crawlid","floor":4,"turns":5},{"damage":1,"enemies":"Hallownest:monsterMarmu","floor":8,"turns":7},{"damage":0,"enemies":"Hallownest:monsterHuskGuard","floor":11,"turns":4},{"damage":0,"enemies":"Hallownest:1_Ooma_and_2_Uuma","floor":13,"turns":7},{"damage":0,"enemies":"Hallownest:monsterMossCharger","floor":14,"turns":4},{"damage":38,"enemies":"Hallownest:BossHornet","floor":16,"turns":12},{"damage":72,"enemies":"Hallownest:2_Mistakes","floor":18,"turns":17}],"seed_played":"-6027984958619326247","potions_obtained":[{"floor":14,"key":"Adrenaline Potion"},{"floor":18,"key":"LiquidBronze"}],"is_trial":false,"path_per_floor":["M","?","?","M","$","R","?","?","T","?","M","R","M","M","R_BF","B",null,"M","?"],"character_chosen":"THE_BUGKNIGHT","items_purchased":["HollowMod:CloakDash"],"campfire_rested":0,"item_purchase_floors":[5],"current_hp_per_floor":[73,73,73,75,75,75,75,75,75,75,75,75,75,75,75,49,75,9,0,0],"gold":252,"neow_bonus":"TRANSFORM_CARD","is_daily":false,"chose_seed":false,"campfire_upgraded":2,"win_rate":0.0,"timestamp":1609483025,"path_taken":["M","?","?","?","$","R","?","?","T","?","M","R","M","M","R_BF","BOSS","M","?"],"items_purchased_type":["Card"],"build_version":"2020-12-22","purchased_purges":1,"victory":false,"max_hp_per_floor":[75,75,75,75,75,75,75,75,75,75,75,75,75,75,75,75,75,75,75,75],"card_choices":[{"not_picked":["HollowMod:InfectedAttack","HollowMod:SharpenedShadows"],"picked":"HollowMod:DoubleDash","floor":1},{"not_picked":["HollowMod:VengefulVoid","HollowMod:SharpenedNail"],"picked":"HollowMod:DashSlash","floor":4},{"not_picked":["HollowMod:InfectedAttack","HollowMod:ShapeofUnn","HollowMod:PureNailStrike"],"picked":"SKIP","floor":11},{"not_picked":["HollowMod:NewJinnsSoul","HollowMod:SiblingsShadow","HollowMod:Grubsong"],"picked":"SKIP","floor":13},{"not_picked":["HollowMod:InfectedCysts","HollowMod:VengefulSpirit"],"picked":"HollowMod:SoulSplash","floor":14},{"not_picked":["HollowMod:MidwifesHunger","HollowMod:LordofShades"],"picked":"HollowMod:SlysStrikes","floor":16},{"not_picked":["HollowMod:WraithStrike","HollowMod:SharpenedShadows","HollowMod:InfectedCysts"],"picked":"SKIP","floor":18}],"player_experience":140242,"relics_obtained":[{"floor":9,"key":"Divine Protection"}],"event_choices":[],"is_beta":false,"boss_relics":[{"not_picked":["Velvet Choker","Honey Jar"],"picked":"Astrolabe"}],"items_purged_floors":[5],"is_endless":false,"potions_floor_spawned":[8,14,18],"ascension_level":0}}