{"host":"gbop6m4qugddaz18","time":1609479357,"event":{"mods":["2.2 Compatiblity","BaseMod","Better Third Choice","Block Reminder","Downfall","GifTheSpireLib","Highlight Path","Minty Spire (QoL Compilation)","Replay The Spire","StSLib"],"gold_per_floor":[113,113,36,53,117,117,150,150,150,150,4,10,10],"floor_reached":12,"playtime":351,"items_purged":[],"score":119,"play_id":"da248ca7-c3f7-4012-a7d8-5dbd41d91254","local_time":"20210101003557","is_ascension_mode":true,"campfire_choices":[{"data":"Caltrops","floor":6,"key":"SMITH"},{"floor":8,"key":"REST"},{"data":"Neutralize","floor":10,"key":"SMITH"}],"circlet_count":0,"master_deck":["Strike_G","Strike_G","Strike_G","Strike_G","Strike_G","Defend_G","Defend_G","Defend_G","Defend_G","Defend_G","Survivor","Neutralize+1","Quick Slash","Apotheosis+1","Caltrops+1","Sucker Punch","Poisoned Stab","Masterful Stab"],"relics":["Ring of the Snake","NeowsBlessing","ReplayTheSpireMod:TigerMarble","Replay:Bandana","FossilizedHelix","HandDrill"],"acts_visited":["Exordium"],"potions_floor_usage":[12],"damage_taken":[{"damage":0,"enemies":"Small Slimes","floor":1,"turns":1},{"damage":0,"enemies":"Jaw Worm","floor":4,"turns":1},{"damage":0,"enemies":"Gremlin Nob","floor":7,"turns":1},{"damage":16,"enemies":"3 Sentries","floor":12,"turns":3}],"seed_played":"-1741561790106791307","potions_obtained":[{"floor":5,"key":"BlessingOfTheForge"},{"floor":5,"key":"SneckoOil"},{"floor":7,"key":"GamblersBrew"}],"is_trial":false,"path_per_floor":["M","?","$","M","?","R","E","R","T","R","$","E"],"character_chosen":"THE_SILENT","items_purchased":["Caltrops","HandDrill"],"campfire_rested":1,"item_purchase_floors":[3,11],"current_hp_per_floor":[70,70,70,70,53,53,53,70,70,70,70,54,54],"gold":10,"neow_bonus":"THREE_ENEMY_KILL","is_daily":false,"chose_seed":false,"campfire_upgraded":2,"win_rate":0.0,"timestamp":1609479357,"path_taken":["M","?","$","M","?","R","E","R","T","R","$","E"],"items_purchased_type":["Card","Relic"],"build_version":"2020-12-22","purchased_purges":0,"victory":false,"max_hp_per_floor":[70,70,70,70,70,70,70,70,70,70,70,70,70],"card_choices":[{"not_picked":["Bane","Backflip"],"picked":"Quick Slash","floor":1},{"not_picked":["Prepared","PiercingWail"],"picked":"Sucker Punch","floor":4},{"not_picked":["Flying Knee","Slice"],"picked":"Poisoned Stab","floor":5},{"not_picked":["Dagger Spray","Predator"],"picked":"Masterful Stab","floor":7}],"player_experience":587591,"relics_obtained":[{"floor":5,"key":"ReplayTheSpireMod:TigerMarble"},{"floor":7,"key":"Replay:Bandana"},{"floor":9,"key":"FossilizedHelix"}],"event_choices":[{"damage_healed":70,"gold_gain":0,"player_choice":"Embrace","damage_taken":0,"max_hp_gain":0,"max_hp_loss":70,"event_name":"betterThird:BetterShining","floor":2,"gold_loss":0}],"is_beta":false,"boss_relics":[],"items_purged_floors":[],"is_endless":false,"potions_floor_spawned":[7],"killed_by":"3 Sentries","ascension_level":4}}