{"host":"pfy6u49v5s5r680p","time":1609489655,"event":{"mods":["BaseMod","Colored Map","DeckTracker","Highlight Path","Keyboard Shortcuts","Minty Spire (QoL Compilation)","Permanent Neow","Quick Restart","StSLib","SuperFastMode","everything is the same but u backflip on backflip"],"gold_per_floor":[109,121,137,62,62,62,37,37,37,37,37,53,83,15,15,110,110,130,142,157,72,85,113,113,123,123,123,123,123,23,42,42,139,139,153,153,28,40,58,58,68,68,94,126,138,150,162,139,139,139,139],"floor_reached":50,"playtime":1631,"items_purged":["Strike_R","Strike_R","Strike_R"],"score":621,"play_id":"9d8c5395-0a46-46a4-98ea-3f0e7ed56818","local_time":"20210101172735","is_ascension_mode":true,"campfire_choices":[{"data":"Blood for Blood","floor":6.0,"key":"SMITH"},{"data":"Deep Breath","floor":8.0,"key":"SMITH"},{"data":"Shrug It Off","floor":10.0,"key":"SMITH"},{"data":"Carnage","floor":11.0,"key":"SMITH"},{"data":"Dual Wield","floor":15.0,"key":"SMITH"},{"floor":24.0,"key":"REST"},{"floor":28.0,"key":"REST"},{"floor":32.0,"key":"REST"},{"floor":40.0,"key":"REST"},{"floor":42.0,"key":"REST"},{"floor":45.0,"key":"REST"},{"floor":49.0,"key":"REST"}],"circlet_count":0,"master_deck":["Strike_R","Defend_R","Defend_R","Defend_R","Defend_R","Bash","Deep Breath+1","Blood for Blood+1","Carnage+1","Thunderclap","Dual Wield+1","Uppercut","Inflame","Fiend Fire","Second Wind","Flex","Cleave+1","Battle Trance","Immolate","Enlightenment","Blood for Blood","Whirlwind","Parasite","Fire Breathing+1","Bloodletting"],"relics":["Burning Blood","WingedGreaves","Regal Pillow","Fusion Hammer","Ice Cream","Juzu Bracelet","Red Skull","Mark of Pain","MawBank"],"acts_visited":["Exordium","TheCity","TheBeyond"],"potions_floor_usage":[50],"damage_taken":[{"damage":6.0,"enemies":"Cultist","floor":1.0,"turns":3.0},{"damage":13.0,"enemies":"Jaw Worm","floor":2.0,"turns":4.0},{"damage":5.0,"enemies":"Small Slimes","floor":3.0,"turns":3.0},{"damage":9.0,"enemies":"Red Slaver","floor":12.0,"turns":2.0},{"damage":19.0,"enemies":"Lagavulin","floor":13.0,"turns":5.0},{"damage":46.0,"enemies":"Hexaghost","floor":16.0,"turns":5.0},{"damage":17.0,"enemies":"Shell Parasite","floor":18.0,"turns":5.0},{"damage":12.0,"enemies":"Chosen","floor":19.0,"turns":4.0},{"damage":35.0,"enemies":"Sentry and Sphere","floor":20.0,"turns":6.0},{"damage":12.0,"enemies":"Chosen and Byrds","floor":22.0,"turns":4.0},{"damage":25.0,"enemies":"Slavers","floor":23.0,"turns":4.0},{"damage":3.0,"enemies":"Snake Plant","floor":25.0,"turns":3.0},{"damage":22.0,"enemies":"Cultist and Chosen","floor":31.0,"turns":6.0},{"damage":43.0,"enemies":"Automaton","floor":33.0,"turns":6.0},{"damage":23.0,"enemies":"Orb Walker","floor":35.0,"turns":4.0},{"damage":0.0,"enemies":"3 Darklings","floor":38.0,"turns":2.0},{"damage":48.0,"enemies":"4 Shapes","floor":39.0,"turns":5.0},{"damage":15.0,"enemies":"Jaw Worm Horde","floor":41.0,"turns":4.0},{"damage":91.0,"enemies":"Writhing Mass","floor":44.0,"turns":6.0},{"damage":98,"enemies":"Donu and Deca","floor":50,"turns":5}],"seed_played":"8918709578107864926","potions_obtained":[{"floor":1.0,"key":"Explosive Potion"},{"floor":5.0,"key":"BloodPotion"},{"floor":5.0,"key":"Explosive Potion"},{"floor":13.0,"key":"ElixirPotion"},{"floor":19.0,"key":"Regen Potion"},{"floor":20.0,"key":"Strength Potion"},{"floor":25.0,"key":"ElixirPotion"},{"floor":31.0,"key":"Fire Potion"},{"floor":33.0,"key":"Dexterity Potion"},{"floor":38.0,"key":"FairyPotion"},{"floor":44.0,"key":"Fruit Juice"}],"is_trial":false,"path_per_floor":["M","M","M","$","?","R","$","R","T","R","R","M","E","$","R","B",null,"M","M","M","?","M","E","R","M","T","?","R","?","$","M","R","B",null,"M","?","$","M","M","R","M","R","T","M","R","?","?","$","R","B"],"character_chosen":"IRONCLAD","items_purchased":["Thunderclap","Inflame","Bloodletting"],"campfire_rested":7,"item_purchase_floors":[7,14,48],"current_hp_per_floor":[72,65,66,66,66,66,66,66,66,66,66,63,50,50,50,10,63,52,46,33,33,27,8,47,50,50,50,80,80,80,64,80,43,71,54,54,54,60,18,57,48,80,80,35,75,75,75,75,81,0,0],"gold":139,"neow_bonus":"RANDOM_COLORLESS","is_daily":false,"chose_seed":false,"campfire_upgraded":5,"win_rate":0.0,"timestamp":1609489655,"path_taken":["M","M","M","$","?","R","$","R","T","R","R","M","E","?","R","BOSS","M","M","M","?","M","E","R","M","T","?","R","?","$","M","R","BOSS","M","?","$","M","M","R","M","R","T","M","R","?","?","$","R","BOSS"],"items_purchased_type":["Card","Card","Card"],"build_version":"2020-12-22","purchased_purges":3,"victory":false,"max_hp_per_floor":[80,80,80,80,80,80,80,80,80,80,80,80,80,80,80,80,80,80,80,80,80,80,80,80,80,80,80,80,80,80,80,80,80,80,80,80,80,80,80,80,80,80,80,85,85,81,81,81,81,81,81],"card_choices":[{"not_picked":["Jack Of All Trades","Madness"],"picked":"Deep Breath","floor":0.0},{"not_picked":["Wild Strike","Sword Boomerang"],"picked":"Blood for Blood","floor":1.0},{"not_picked":["Flex","Rage"],"picked":"Carnage","floor":2.0},{"not_picked":["Metallicize","Heavy Blade"],"picked":"Shrug It Off","floor":3.0},{"not_picked":["Armaments","Shrug It Off"],"picked":"Dual Wield","floor":12.0},{"not_picked":["Clash","Double Tap"],"picked":"Uppercut","floor":13.0},{"not_picked":["Exhume","Impervious"],"picked":"Fiend Fire","floor":16.0},{"not_picked":["True Grit","Warcry","Rupture"],"picked":"SKIP","floor":18.0},{"not_picked":["Clash","Havoc"],"picked":"Second Wind","floor":19.0},{"not_picked":["Anger","Dropkick"],"picked":"Flex","floor":20.0},{"not_picked":["Heavy Blade","Thunderclap","Warcry"],"picked":"SKIP","floor":22.0},{"not_picked":["Ghostly Armor","Feed","Clash"],"picked":"SKIP","floor":23.0},{"not_picked":["Anger","Clash"],"picked":"Cleave+1","floor":25.0},{"not_picked":["True Grit","Cleave"],"picked":"Battle Trance","floor":31.0},{"not_picked":["Reaper","Juggernaut"],"picked":"Immolate","floor":33.0},{"not_picked":["Twin Strike","Clash","Pummel"],"picked":"SKIP","floor":35.0},{"not_picked":["Panache","Thinking Ahead"],"picked":"Enlightenment","floor":36.0},{"not_picked":["Dual Wield","True Grit+1"],"picked":"Blood for Blood","floor":38.0},{"not_picked":["Shrug It Off+1","Bloodletting","Perfected Strike"],"picked":"SKIP","floor":39.0},{"not_picked":["Rage+1","Iron Wave"],"picked":"Whirlwind","floor":41.0},{"not_picked":["Perfected Strike","Havoc+1"],"picked":"Fire Breathing+1","floor":44.0}],"player_experience":84999,"relics_obtained":[{"floor":9.0,"key":"WingedGreaves"},{"floor":13.0,"key":"Regal Pillow"},{"floor":23.0,"key":"Juzu Bracelet"},{"floor":26.0,"key":"Red Skull"},{"floor":43.0,"key":"MawBank"}],"event_choices":[{"damage_healed":0.0,"max_hp_gain":0.0,"max_hp_loss":0.0,"gold_gain":0.0,"event_name":"Lab","player_choice":"Got Potions","floor":5.0,"gold_loss":0.0,"damage_taken":0.0},{"damage_healed":0.0,"max_hp_gain":0.0,"max_hp_loss":0.0,"gold_gain":0.0,"event_name":"Addict","player_choice":"Obtained Relic","floor":21.0,"gold_loss":85.0,"damage_taken":0.0,"relics_obtained":["Ice Cream"]},{"cards_removed":["Strike_R"],"damage_healed":0.0,"max_hp_gain":0.0,"max_hp_loss":0.0,"gold_gain":0.0,"event_name":"Bonfire Elementals","player_choice":"Offered Basic","floor":27.0,"gold_loss":0.0,"damage_taken":0.0},{"damage_healed":0.0,"max_hp_gain":0.0,"max_hp_loss":0.0,"gold_gain":0.0,"event_name":"The Woman in Blue","player_choice":"Bought 0 Potions","floor":29.0,"gold_loss":0.0,"damage_taken":0.0},{"damage_healed":0.0,"max_hp_gain":0.0,"max_hp_loss":0.0,"gold_gain":0.0,"event_name":"SensoryStone","player_choice":"Memory 1","floor":36.0,"gold_loss":0.0,"damage_taken":0.0},{"damage_healed":0.0,"max_hp_gain":0.0,"max_hp_loss":4.0,"gold_gain":0.0,"event_name":"Winding Halls","player_choice":"Max HP","floor":46.0,"gold_loss":0.0,"damage_taken":0.0},{"cards_removed":["Shrug It Off"],"damage_healed":0.0,"max_hp_gain":0.0,"max_hp_loss":0.0,"gold_gain":0.0,"event_name":"Falling","player_choice":"Removed Skill","floor":47.0,"gold_loss":0.0,"damage_taken":0.0}],"is_beta":false,"boss_relics":[{"not_picked":["Black Star","Ectoplasm"],"picked":"Fusion Hammer"},{"not_picked":["Busted Crown","Runic Pyramid"],"picked":"Mark of Pain"}],"items_purged_floors":[4,30,37],"is_endless":false,"potions_floor_spawned":[1,12,13,19,20,25,31,33,35,38,44],"killed_by":"Donu and Deca","ascension_level":7}}