{"host":"dftyqn972q7tuon4","time":1609468157,"event":{"mods":["AchievementEnabler","BaseMod","Better Altar","Better Match","Better Note","Better Sensory Stone","Better Skull","Better Third Choice","Colored Powertips","Highlight Path","Minty Spire (QoL Compilation)","Permanent Neow","Quick Restart","StSLib"],"gold_per_floor":[110,285,297,275,79,106,106,121,147,147,147,127,158,176,176,278,278,294,311,311,324,341,341,341],"floor_reached":23,"playtime":1602,"items_purged":["Doubt"],"score":316,"play_id":"b2fc8bcb-b0cc-40d7-949c-04a1ae7b1c97","local_time":"20210101032917","is_ascension_mode":true,"campfire_choices":[{"floor":7.0,"key":"REST"},{"floor":11.0,"key":"REST"},{"data":"Zap","floor":15.0,"key":"SMITH"}],"circlet_count":0,"master_deck":["Strike_B","Strike_B","Defend_B","Defend_B","Defend_B","Defend_B","Zap+1","Dualcast","Ball Lightning","Doom and Gloom","Steam","Doom and Gloom","Sunder","BootSequence","Core Surge","Barrage","White Noise","Machine Learning","Hologram+1","Double Energy+1","Lockon","Auto Shields","Compile Driver","Skim"],"relics":["Cracked Core","betterThird:SlimedRelic","Omamori","Ancient Tea Set","Mummified Hand","Kunai","SlaversCollar"],"acts_visited":["Exordium","TheCity"],"potions_floor_usage":[16,16,18],"damage_taken":[{"damage":10.0,"enemies":"Small Slimes","floor":1.0,"turns":3.0},{"damage":9.0,"enemies":"Jaw Worm","floor":3.0,"turns":3.0},{"damage":30.0,"enemies":"Lagavulin","floor":6.0,"turns":6.0},{"damage":1.0,"enemies":"Cultist","floor":8.0,"turns":3.0},{"damage":0.0,"enemies":"3 Sentries","floor":13.0,"turns":4.0},{"damage":8.0,"enemies":"2 Fungi Beasts","floor":14.0,"turns":3.0},{"damage":32,"enemies":"Slime Boss","floor":16,"turns":9},{"damage":22,"enemies":"3 Byrds","floor":18,"turns":4},{"damage":12,"enemies":"Spheric Guardian","floor":19,"turns":4},{"damage":10,"enemies":"Snake Plant","floor":21,"turns":4},{"damage":4,"enemies":"Snecko","floor":22,"turns":4},{"damage":11,"enemies":"Book of Stabbing","floor":23,"turns":4}],"seed_played":"-3969521065170943937","potions_obtained":[{"floor":3.0,"key":"PotionOfCapacity"},{"floor":8.0,"key":"Explosive Potion"},{"floor":12.0,"key":"LiquidBronze"},{"floor":13.0,"key":"SmokeBomb"},{"floor":16,"key":"ColorlessPotion"}],"is_trial":false,"path_per_floor":["M","?","M","?","$","E","R","M","T","T","R","?","E","M","R","B",null,"M","M","?","M","M","E"],"character_chosen":"DEFECT","items_purchased":["Doom and Gloom","Sunder"],"campfire_rested":2,"item_purchase_floors":[5,5],"current_hp_per_floor":[58,58,49,38,38,8,30,29,29,29,51,51,51,43,43,11,59,37,25,25,15,11,0,0],"gold":341,"neow_bonus":"THREE_CARDS","is_daily":false,"chose_seed":false,"campfire_upgraded":1,"win_rate":0.0,"timestamp":1609468157,"path_taken":["M","?","M","?","$","E","R","M","T","?","R","?","E","M","R","BOSS","M","?","?","M","M","E"],"items_purchased_type":["Card","Card"],"build_version":"2020-12-22","purchased_purges":1,"victory":false,"max_hp_per_floor":[75,75,75,75,75,75,75,75,75,75,75,75,75,75,75,75,75,75,75,75,75,75,75,75],"card_choices":[{"not_picked":["Hologram","Aggregate"],"picked":"Ball Lightning","floor":0.0},{"not_picked":["Ball Lightning","Compile Driver"],"picked":"Doom and Gloom","floor":1.0},{"not_picked":["Gash","Beam Cell"],"picked":"Steam","floor":3.0},{"not_picked":["Melter","FTL"],"picked":"BootSequence","floor":6.0},{"not_picked":["Stack","Gash"],"picked":"Core Surge","floor":8.0},{"not_picked":["Steam","Beam Cell"],"picked":"Barrage","floor":13.0},{"not_picked":["Cold Snap","Go for the Eyes"],"picked":"White Noise","floor":14.0},{"not_picked":["Fission","Amplify"],"picked":"Machine Learning","floor":16},{"not_picked":["Turbo","Gash"],"picked":"Hologram+1","floor":18},{"not_picked":["Go for the Eyes","Hologram+1"],"picked":"Double Energy+1","floor":19},{"not_picked":["Rebound","Melter"],"picked":"Compile Driver","floor":21},{"not_picked":["Ball Lightning","Auto Shields"],"picked":"Skim","floor":22}],"player_experience":582784,"relics_obtained":[{"floor":6.0,"key":"Omamori"},{"floor":9.0,"key":"Ancient Tea Set"},{"floor":10.0,"key":"Mummified Hand"},{"floor":13.0,"key":"Kunai"}],"event_choices":[{"damage_healed":0.0,"max_hp_gain":0.0,"max_hp_loss":0.0,"gold_gain":175.0,"event_name":"betterThird:BetterSerpent","player_choice":"AGREE","floor":2.0,"gold_loss":0.0,"damage_taken":110.0},{"damage_healed":0.0,"max_hp_gain":0.0,"max_hp_loss":0.0,"gold_gain":0.0,"event_name":"betterThird:BetterGoop","player_choice":"Slimed","floor":4.0,"gold_loss":22.0,"damage_taken":11.0},{"damage_healed":0.0,"max_hp_gain":0.0,"max_hp_loss":0.0,"gold_gain":0.0,"event_name":"The Woman in Blue","player_choice":"Bought 1 Potion","floor":12.0,"gold_loss":0.0,"damage_taken":0.0},{"damage_healed":0,"gold_gain":0,"cards_transformed":["Strike_B","Strike_B"],"player_choice":"Became Test Subject","damage_taken":0,"max_hp_gain":0,"max_hp_loss":0,"event_name":"Drug Dealer","floor":20,"gold_loss":0,"cards_obtained":["Lockon","Auto Shields"]}],"is_beta":false,"boss_relics":[{"not_picked":["Velvet Choker","Ectoplasm"],"picked":"SlaversCollar"}],"items_purged_floors":[5],"is_endless":false,"potions_floor_spawned":[3,8,13,16],"killed_by":"Book of Stabbing","ascension_level":8}}