{"host":"1hppsasng8mkn0s8","time":1609482498,"event":{"mods":["BaseMod","Downfall","Minty Spire (QoL Compilation)","StSLib"],"gold_per_floor":[99,113,126,126,226,58,82,182,194,225,251,275,321,344,375,488,500,287,311,323,335,347,367,367,467,452,452,467,477,477,491,502,599,599,599,617,617,632,632,658,658,658,671,687,700,700,700,700],"floor_reached":46,"playtime":2370,"items_purged":[],"score":484,"play_id":"31bd494f-2d6d-4928-83bb-425291b550b9","local_time":"20210101142818","is_ascension_mode":false,"campfire_choices":[{"floor":1.0,"key":"RECALL"},{"data":"Slimebound:BestDefense","floor":18.0,"key":"PURGE"},{"data":"Slimebound:SlimeSlap","floor":27,"key":"PURGE"},{"floor":30,"key":"REST"},{"data":"Slimebound:WasteNot","floor":35,"key":"PURGE"},{"data":"Slimebound:HauntingLick","floor":42,"key":"PURGE"}],"circlet_count":0,"master_deck":["Slimebound:Strike_Slimebound","Slimebound:Strike_Slimebound","Slimebound:Strike_Slimebound","Slimebound:Tackle","Slimebound:Defend_Slimebound","Slimebound:Defend_Slimebound","Slimebound:Split+1","Slimebound:CorrosiveSpit","Slimebound:SplitLeeching","Slimebound:SplitMire","Slimebound:SelfFormingGoo","Slimebound:FormOfPuddle","Slimebound:RainOfGoop","Slimebound:Repurpose","Slimebound:LevelUp","Slimebound:Overexert","Slimebound:SlimeTap","Slimebound:LeechEnergy","Slimebound:ProtectTheBoss","Slimebound:RallyTheTroops","Slimebound:LeechingTouch+1","expansioncontent:LastStand","Slimebound:SplitAcid+1","Slimebound:LivingWall+1"],"relics":["Slimebound:AbsorbEndCombat","Slimebound:ScrapOozeRelic","Lee\u0027s Waffle","Potion Belt","Letter Opener","SlaversCollar","downfall:HeartBlessingRed","downfall:HeartBlessingGreen","downfall:HeartBlessingBlue","Gremlin Horn","Matryoshka","Unceasing Top","Mercury Hourglass","SacredBark","Red Mask","downfall:RedIOUUpgrade","Kunai","Oddly Smooth Stone","Question Card","Toxic Egg 2"],"acts_visited":["Exordium","TheCity","TheBeyond"],"potions_floor_usage":[36,45,45,45],"damage_taken":[{"damage":4.0,"enemies":"Small Slimes","floor":2.0,"turns":3.0},{"damage":11.0,"enemies":"Jaw Worm","floor":3.0,"turns":3.0},{"damage":59.0,"enemies":"downfall:Heads","floor":5.0,"turns":6.0},{"damage":17.0,"enemies":"downfall:FleeingMerchant","floor":6.0,"turns":4.0},{"damage":16.0,"enemies":"Cultist","floor":9.0,"turns":3.0},{"damage":47.0,"enemies":"Lagavulin","floor":10.0,"turns":6.0},{"damage":28.0,"enemies":"Exordium Wildlife","floor":12.0,"turns":3.0},{"damage":20.0,"enemies":"Gremlin Nob","floor":13.0,"turns":3.0},{"damage":30.0,"enemies":"Exordium Thugs","floor":14.0,"turns":3.0},{"damage":0.0,"enemies":"3 Louse","floor":15.0,"turns":2.0},{"damage":38.0,"enemies":"downfall:Silent","floor":16.0,"turns":5.0},{"damage":42.0,"enemies":"Shell Parasite","floor":19.0,"turns":4.0},{"damage":42.0,"enemies":"Chosen and Byrds","floor":23.0,"turns":5.0},{"damage":41.0,"enemies":"downfall:Defect","floor":25.0,"turns":5.0},{"damage":16.0,"enemies":"downfall:FleeingMerchant","floor":26.0,"turns":4.0},{"damage":16,"enemies":"Centurion and Healer","floor":28,"turns":3},{"damage":26,"enemies":"Shelled Parasite and Fungi","floor":29,"turns":3},{"damage":32,"enemies":"3 Cultists","floor":31,"turns":3},{"damage":23,"enemies":"Centurion and Healer","floor":32,"turns":4},{"damage":47,"enemies":"downfall:Watcher","floor":33,"turns":6},{"damage":47,"enemies":"3 Darklings","floor":36,"turns":4},{"damage":14,"enemies":"3 Shapes","floor":38,"turns":2},{"damage":35,"enemies":"Sphere and 2 Shapes","floor":43,"turns":4},{"damage":46,"enemies":"Maw","floor":44,"turns":6},{"damage":25,"enemies":"Writhing Mass","floor":45,"turns":4},{"damage":23,"enemies":"Spire Growth","floor":46,"turns":4}],"seed_played":"-6637364726771284051","potions_obtained":[{"floor":2.0,"key":"Fire Potion"},{"floor":9.0,"key":"hexamod:EctoCoolerPotion"},{"floor":10.0,"key":"Slimebound:ThreeZeroPotion"},{"floor":12.0,"key":"Block Potion"},{"floor":14.0,"key":"Strength Potion"},{"floor":15.0,"key":"Energy Potion"},{"floor":16.0,"key":"Dexterity Potion"},{"floor":20.0,"key":"CultistPotion"},{"floor":23.0,"key":"Fire Potion"},{"floor":28,"key":"Dexterity Potion"},{"floor":32,"key":"Fire Potion"},{"floor":33,"key":"Block Potion"},{"floor":36,"key":"FearPotion"},{"floor":45,"key":"Fruit Juice"}],"is_trial":false,"path_per_floor":["R","M","M","?","?","$","T","?","M","E","T","M","E","M","M","B",null,"R","M","?","T","?","M","T","?","$","R","M","M","R","M","M","B",null,"R","M","?","M","?","?","T","R","M","M","M","M"],"character_chosen":"SLIMEBOUND","items_purchased":["Lee\u0027s Waffle"],"campfire_rested":1,"item_purchase_floors":[6],"current_hp_per_floor":[60,60,60,60,15,67,67,67,65,38,38,26,26,16,24,16,67,77,51,51,51,51,29,29,10,18,18,26,12,35,29,32,11,77,77,54,54,56,56,56,56,56,39,19,12,0,0,0],"gold":700,"neow_bonus":"RANDOM_COMMON_RELIC","is_daily":false,"chose_seed":false,"campfire_upgraded":0,"win_rate":0.0,"timestamp":1609482498,"path_taken":["R","M","M","?","?","$","T","?","?","E","?","M","E","M","M","BOSS","R","M","?","?","?","M","T","?","$","R","M","M","R","M","M","BOSS","R","M","?","M","?","?","T","R","?","M","M","M"],"items_purchased_type":["Relic"],"build_version":"2020-12-22","purchased_purges":0,"victory":false,"max_hp_per_floor":[60,60,60,60,60,67,67,67,67,67,67,67,67,67,67,67,67,77,77,77,77,77,77,77,77,77,77,77,77,77,77,77,77,77,77,77,77,77,77,77,77,77,77,77,87,87,87,87],"card_choices":[{"not_picked":["Slimebound:FlameTackle","Slimebound:RollThrough"],"picked":"Slimebound:SplitLeeching","floor":2.0},{"not_picked":["Slimebound:Equalize","Slimebound:Schlurp"],"picked":"Slimebound:SplitMire","floor":3.0},{"not_picked":["Slimebound:SlimeSpikes","Slimebound:GrowthPunch"],"picked":"Slimebound:BestDefense","floor":5.0},{"not_picked":["Slimebound:SlimeSpikes","Slimebound:PressTheAttack"],"picked":"Slimebound:HauntingLick","floor":6.0},{"not_picked":["Slimebound:GrowthPunch","Slimebound:ComboTackle","Slimebound:ViciousTackle"],"picked":"SKIP","floor":9.0},{"not_picked":["Slimebound:Schlurp","Slimebound:Replication"],"picked":"Slimebound:SelfFormingGoo","floor":10.0},{"not_picked":["Slimebound:SplitBruiser","Slimebound:RollThrough"],"picked":"Slimebound:FormOfPuddle","floor":12.0},{"not_picked":["Slimebound:SplitAcid","Slimebound:Replication"],"picked":"Slimebound:RainOfGoop","floor":13.0},{"not_picked":["Slimebound:SplitAcid","Slimebound:PressTheAttack"],"picked":"Slimebound:Repurpose","floor":14.0},{"not_picked":["Slimebound:LeadByExample","Slimebound:HauntingLick"],"picked":"Slimebound:LevelUp","floor":15.0},{"not_picked":["Slimebound:DuplicatedForm","Slimebound:SlimeSlap"],"picked":"Slimebound:Overexert","floor":16.0},{"not_picked":["Slimebound:Dissolve","Slimebound:FlameTackle","Slimebound:SplitAcid"],"picked":"SKIP","floor":19.0},{"not_picked":["Slimebound:SlimeSpikes","Slimebound:Equalize"],"picked":"Slimebound:SlimeTap","floor":23.0},{"not_picked":["Slimebound:SplitBruiser","Slimebound:LivingWall"],"picked":"Slimebound:LeechEnergy","floor":25.0},{"not_picked":["Slimebound:SamplingLick","Slimebound:LevelUp"],"picked":"Slimebound:SlimeSlap","floor":26},{"not_picked":["Slimebound:ComboTackle","Slimebound:LeechingTouch"],"picked":"Slimebound:ProtectTheBoss","floor":28},{"not_picked":["Slimebound:Schlurp+1","Slimebound:LeechingTouch","Slimebound:SamplingLick"],"picked":"SKIP","floor":29},{"not_picked":["Slimebound:FinishingTackle","Slimebound:RollThrough","Slimebound:SamplingLick"],"picked":"SKIP","floor":31},{"not_picked":["Slimebound:PressTheAttack","Slimebound:GrowthPunch+1"],"picked":"Slimebound:WasteNot","floor":32},{"not_picked":["Slimebound:SlimeSlap","Slimebound:DouseInSlime"],"picked":"Slimebound:RallyTheTroops","floor":33},{"not_picked":["Slimebound:FlameTackle","Slimebound:RollThrough"],"picked":"Slimebound:LeechingTouch+1","floor":36},{"not_picked":["expansioncontent:PolyBeam","expansioncontent:Torchfire"],"picked":"expansioncontent:LastStand","floor":37},{"not_picked":["Slimebound:FinishingTackle","Slimebound:RollThrough+1"],"picked":"Slimebound:SplitAcid+1","floor":38},{"not_picked":["Slimebound:Schlurp+1","Slimebound:FinishingTackle+1","Slimebound:FlameTackle+1","Slimebound:TongueLash+1"],"picked":"SKIP","floor":43},{"not_picked":["Slimebound:SplitLeeching+1","Slimebound:Schlurp+1","Slimebound:RollThrough","Slimebound:SplitBruiser+1"],"picked":"SKIP","floor":44},{"not_picked":["Slimebound:ComboTackle","Slimebound:GoopSpray+1","Slimebound:SlimeSpikes+1"],"picked":"Slimebound:LivingWall+1","floor":45}],"player_experience":195159,"relics_obtained":[{"floor":10.0,"key":"Potion Belt"},{"floor":11.0,"key":"MawBank"},{"floor":13.0,"key":"Letter Opener"},{"floor":21.0,"key":"Gremlin Horn"},{"floor":24.0,"key":"Matryoshka"},{"floor":25.0,"key":"Unceasing Top"},{"floor":25.0,"key":"Mercury Hourglass"},{"floor":40,"key":"Kunai"},{"floor":40,"key":"Oddly Smooth Stone"},{"floor":41,"key":"Question Card"},{"floor":41,"key":"Toxic Egg 2"}],"event_choices":[],"is_beta":false,"boss_relics":[{"not_picked":["Busted Crown","Runic Dome"],"picked":"SlaversCollar"},{"not_picked":["Black Star","Philosopher\u0027s Stone"],"picked":"SacredBark"}],"items_purged_floors":[],"is_endless":false,"potions_floor_spawned":[2,9,10,12,14,15,16,23,28,32,33,36,45],"killed_by":"Spire Growth","ascension_level":0}}