{"host":"g1wmg2w41xhsnw8g","time":1609493887,"event":{"mods":["2.2 Compatiblity","Act Like it!","Aspiration","BaseMod","Better Altar","Better Match","Better Note","Better Sensory Stone","Better Skull","Better Third Choice","BetterRewards","Booster Modes","CapriCore","ChefMod","Clawfect","Colored Map","Colored Powertips","Curses Come First","Defuse TimeMaze Blight","Displayed Cursed Tome","Evolution","Friendly Minions","GifTheSpireLib","Googly Eyes","Infinite Spire","Minty Spire (QoL Compilation)","Red Circlet Mod","Relic Sorter","SCP261 Mod","Shop Mod","Spicy Shops","StSLib","The Sage","Transform Curses","Wandering Minibosses","????"],"gold_per_floor":[416,428,38,54,68,68,94,94,94,112,146,146,159,159,23,23,23],"floor_reached":16,"playtime":1182,"items_purged":[],"score":169,"play_id":"d4faec90-aef2-4b3e-bf10-350ee0e31e8d","local_time":"20210101043807","daily_mods":["SealedDeck","Specialized","Heirloom","Elite Swarm"],"is_ascension_mode":true,"campfire_choices":[{"data":"chefmod:IceCreamCone","floor":6,"key":"SMITH"}],"circlet_count":0,"master_deck":["chefmod:ZaruSoba","chefmod:ZaruSoba","chefmod:ZaruSoba","chefmod:ZaruSoba","chefmod:ZaruSoba","chefmod:BaoBuns","chefmod:FryPan","chefmod:IcePick","chefmod:FireUp","chefmod:Sorbet","chefmod:FreezeSolid","chefmod:NoSoupForYou","chefmod:IceCreamCone+1","chefmod:DoubleChop","chefmod:FullCourseMeal","chefmod:HotSoup","chefmod:ColdSteel","chefmod:Canape","chefmod:FrozenTuna","chefmod:Fillet","Injury","Normality","infinitespire:SevenWalls"],"relics":["chefmod:TrustyPot","EVO:Axolotl","MerchantsRug","Gremlin Horn","infinitespire:FocusingShard","Girya","aspiration:TomeofQuesting","aspiration:Lifesprig"],"acts_visited":["Exordium"],"potions_floor_usage":[5,11,11],"damage_taken":[{"damage":21,"enemies":"Cultist","floor":1,"turns":6},{"damage":5,"enemies":"Small Slimes","floor":2,"turns":3},{"damage":0,"enemies":"Jaw Worm","floor":4,"turns":3},{"damage":15,"enemies":"Exordium Thugs","floor":5,"turns":6},{"damage":9,"enemies":"3 Sentries","floor":7,"turns":7},{"damage":10,"enemies":"Blue Slaver","floor":10,"turns":7},{"damage":0,"enemies":"Gremlin Nob","floor":11,"turns":3},{"damage":14,"enemies":"3 Louse","floor":13,"turns":5},{"damage":14,"enemies":"Hexaghost","floor":16,"turns":9}],"seed_played":"3785507316186594665","potions_obtained":[{"floor":1,"key":"Swift Potion"},{"floor":2,"key":"SCP261:DewritoBlazePotion"},{"floor":5,"key":"FearPotion"}],"is_trial":true,"path_per_floor":["M","M","$","M","M","R","E","$","T","M","E","?","M","?","R","B"],"character_chosen":"THE_CHEF","items_purchased":["MerchantsRug","Gremlin Horn","aspiration:Lifesprig"],"campfire_rested":0,"item_purchase_floors":[3,3,15],"current_hp_per_floor":[57,52,52,52,37,37,28,28,28,18,28,28,14,14,14,0,0],"gold":23,"neow_bonus":"","is_daily":false,"chose_seed":false,"campfire_upgraded":1,"win_rate":0.0,"timestamp":1609493887,"path_taken":["M","M","$","M","?","R","E","$","T","M","E","?","M","?","R","BOSS"],"items_purchased_type":["Relic","Relic","Relic"],"build_version":"2020-12-22","purchased_purges":0,"victory":false,"max_hp_per_floor":[78,78,78,78,78,78,78,78,78,78,88,88,88,88,88,88,88],"card_choices":[{"not_picked":["chefmod:FreezerBurn","chefmod:QuickChop"],"picked":"chefmod:HotSoup","floor":1},{"not_picked":["chefmod:BleedOut","chefmod:LiquidNitrogen"],"picked":"chefmod:ColdSteel","floor":2},{"not_picked":["chefmod:Defrost","chefmod:IcePick","chefmod:HotSoup"],"picked":"SKIP","floor":4},{"not_picked":["chefmod:Defrost","chefmod:AllYouCanEat","chefmod:KnifeFlurry"],"picked":"SKIP","floor":5},{"not_picked":["chefmod:DeathByChocolate","chefmod:PrepCook"],"picked":"chefmod:Canape","floor":7},{"not_picked":["chefmod:KnifeFlurry","chefmod:ColdSteel","chefmod:ZaruSoba"],"picked":"SKIP","floor":10},{"not_picked":["chefmod:TwoForOne","chefmod:DeepFreeze"],"picked":"chefmod:FrozenTuna","floor":11},{"not_picked":["chefmod:Defrost","chefmod:ZaruSoba"],"picked":"chefmod:Fillet","floor":13},{"not_picked":["infinitespire:DeathsTouch","infinitespire:Fortify"],"picked":"infinitespire:SevenWalls","floor":14}],"player_experience":843532,"relics_obtained":[{"floor":7,"key":"infinitespire:FocusingShard"},{"floor":9,"key":"Girya"},{"floor":11,"key":"Pear"},{"floor":12,"key":"aspiration:TomeofQuesting"}],"event_choices":[],"is_beta":false,"boss_relics":[],"items_purged_floors":[],"is_endless":false,"potions_floor_spawned":[1,2,5],"killed_by":"Hexaghost","ascension_level":1}}