{"host":"zhec3g4cvsmevugl","time":1609485638,"event":{"mods":["BaseMod","BetterRewards","Curses Come First","Minty Spire (QoL Compilation)","Relic Stats","Slay-I","StSLib"],"gold_per_floor":[111,111,111,126,139,172,172,205,231,231,231,256,23,75,75,194,194,209,209,209,225,6,47,47,70,70,95,136,136,61,81,81,81,81],"floor_reached":33,"playtime":1589,"items_purged":["Pain"],"score":510,"play_id":"6c1e34fe-280f-40ed-93d9-a8e9f83917d4","local_time":"20210101152038","is_ascension_mode":true,"campfire_choices":[{"floor":15.0,"key":"REST"},{"data":"Bullet Time","floor":24,"key":"SMITH"},{"floor":32,"key":"REST"}],"circlet_count":0,"master_deck":["Survivor","Neutralize","Dagger Throw","Deflect","Bouncing Flask","Envenom","Skewer","Injury","Predator","Masterful Stab","Eviscerate","Finisher","Phantasmal Killer","Doppelganger","Night Terror","Blade Dance","Bullet Time+1","Distraction","Unload","Noxious Fumes","Blade Dance","Skewer","Backstab+1","Writhe","Bite","Bite","Bite","Bite","Bite","Slice","Die Die Die","Backstab","Deadly Poison+1","Slice","Cloak And Dagger","Infinite Blades","Deadly Poison+1"],"relics":["Ring of the Snake","Orichalcum","ClockworkSouvenir","PreservedInsect","Happy Flower","Juzu Bracelet","Golden Idol","Dream Catcher","Anchor","Ancient Tea Set","WarpedTongs","Vajra","Strawberry","Pandora\u0027s Box","Letter Opener","Lantern","Pen Nib","Mercury Hourglass","Snake Skull","Nilry\u0027s Codex"],"acts_visited":["Exordium","TheCity"],"potions_floor_usage":[27,28,33,33],"damage_taken":[{"damage":0.0,"enemies":"Small Slimes","floor":1.0,"turns":3.0},{"damage":0.0,"enemies":"Cultist","floor":4.0,"turns":4.0},{"damage":3.0,"enemies":"Jaw Worm","floor":5.0,"turns":4.0},{"damage":7.0,"enemies":"3 Sentries","floor":6.0,"turns":8.0},{"damage":8.0,"enemies":"Gremlin Nob","floor":8.0,"turns":3.0},{"damage":0.0,"enemies":"Red Slaver","floor":12.0,"turns":2.0},{"damage":37.0,"enemies":"The Guardian","floor":16.0,"turns":9.0},{"damage":0,"enemies":"3 Byrds","floor":18,"turns":3},{"damage":2,"enemies":"Chosen","floor":21,"turns":3},{"damage":4,"enemies":"Book of Stabbing","floor":23,"turns":3},{"damage":18,"enemies":"Snake Plant","floor":25,"turns":2},{"damage":0,"enemies":"3 Cultists","floor":27,"turns":3},{"damage":0,"enemies":"Slavers","floor":28,"turns":2},{"damage":0,"enemies":"Shelled Parasite and Fungi","floor":31,"turns":2},{"damage":52,"enemies":"Collector","floor":33,"turns":3}],"seed_played":"974351839775024975","potions_obtained":[{"floor":1.0,"key":"SkillPotion"},{"floor":4.0,"key":"BlessingOfTheForge"},{"floor":6.0,"key":"EntropicBrew"},{"floor":12.0,"key":"SpeedPotion"},{"floor":18,"key":"DuplicationPotion"},{"floor":21,"key":"PowerPotion"},{"floor":25,"key":"Fire Potion"},{"floor":28,"key":"Ancient Potion"}],"is_trial":false,"path_per_floor":["M","?","?","M","M","E","?","E","T","?","?","M","$","T","R","B",null,"M","?","?","M","$","E","R","M","T","M","E","?","$","M","R","B"],"character_chosen":"THE_SILENT","items_purchased":["Orichalcum","ClockworkSouvenir","PreservedInsect","Dagger Throw","Vajra","Eviscerate","Lantern","Die Die Die"],"campfire_rested":2,"item_purchase_floors":[0,0,0,0,13,13,22,22],"current_hp_per_floor":[48,48,48,48,45,38,38,30,30,30,30,30,30,37,60,23,77,77,77,53,51,51,49,49,33,33,37,39,23,23,23,38,0,0],"gold":81,"neow_bonus":"","is_daily":false,"chose_seed":false,"campfire_upgraded":1,"win_rate":0.0,"timestamp":1609485638,"path_taken":["M","?","?","M","M","E","?","E","T","?","?","M","$","?","R","BOSS","M","?","?","M","$","E","R","M","T","M","E","?","?","M","R","BOSS"],"items_purchased_type":["Relic","Relic","Relic","Card","Relic","Card","Relic","Card"],"build_version":"2020-12-22","purchased_purges":1,"victory":false,"max_hp_per_floor":[70,70,70,70,70,70,70,70,70,70,70,70,70,77,77,77,77,77,77,53,53,53,53,53,53,53,53,53,53,53,53,53,53,53],"relic_stats":{"Happy Flower":[17],"counters":[92,354],"Golden Idol":264,"PreservedInsect":133,"Pen Nib":[19],"Snake Skull":[4],"Juzu Bracelet":2,"Letter Opener":[15],"Orichalcum":[72],"WarpedTongs":[32],"Mercury Hourglass":[54],"Dream Catcher":2,"Pandora\u0027s Box":["Doppelganger","Night Terror","Blade Dance","Bullet Time","Distraction","Unload","Noxious Fumes","Blade Dance","Skewer"],"obtain_stats":[{"Gremlin Horn":27,"Nilry\u0027s Codex":29,"Vajra":3,"Boot":8,"Blood Vial":23,"Sundial":23,"Strawberry":14,"MealTicket":6,"Philosopher\u0027s Stone":34,"Prayer Wheel":7,"Girya":42,"Pear":39,"Happy Flower":2,"Dead Branch":23,"Eternal Feather":0,"Pen Nib":40,"Letter Opener":19,"War Paint":44,"Paper Crane":5,"Question Card":38,"WarpedTongs":11,"Shuriken":12,"Bronze Scales":30,"Pandora\u0027s Box":17,"Black Star":17,"Meat on the Bone":26,"Regal Pillow":38,"Lantern":26,"Singing Bowl":43,"Torii":21,"Mango":0,"Snake Skull":28,"Bag of Preparation":22,"Juzu Bracelet":6,"Smiling Mask":26,"PrismaticShard":0,"Ancient Tea Set":10,"ClockworkSouvenir":39,"Nunchaku":39,"Dream Catcher":12,"Matryoshka":9,"Tiny Chest":0,"Ring of the Snake":0,"Potion Belt":13,"Golden Idol":14,"Thread and Needle":11,"PreservedInsect":26,"Omamori":6,"Orichalcum":6,"Odd Mushroom":14,"Medical Kit":22,"Mercury Hourglass":26,"Peace Pipe":29,"Calling Bell":17,"Strange Spoon":42,"Anchor":29,"CaptainsWheel":44,"Ornamental Fan":4,"Turnip":40,"Art of War":17,"Membership Card":3,"Bottled Lightning":9},{"Gremlin Horn":42,"Nilry\u0027s Codex":90,"Vajra":1,"Boot":5,"Blood Vial":13,"Sundial":57,"Strawberry":83,"MealTicket":3,"Philosopher\u0027s Stone":20,"Prayer Wheel":63,"Girya":24,"Pear":22,"Happy Flower":78,"Dead Branch":13,"Eternal Feather":46,"Pen Nib":23,"Letter Opener":85,"War Paint":25,"Paper Crane":49,"Question Card":22,"WarpedTongs":82,"Shuriken":52,"Bronze Scales":72,"Pandora\u0027s Box":38,"Black Star":10,"Meat on the Bone":71,"Regal Pillow":22,"Lantern":42,"Singing Bowl":24,"Torii":68,"Mango":29,"Snake Skull":90,"Bag of Preparation":12,"Juzu Bracelet":81,"Smiling Mask":14,"PrismaticShard":46,"Ancient Tea Set":82,"ClockworkSouvenir":22,"Nunchaku":22,"Dream Catcher":35,"Matryoshka":5,"Tiny Chest":59,"Ring of the Snake":0,"Potion Belt":8,"Golden Idol":66,"Thread and Needle":7,"PreservedInsect":14,"Omamori":50,"Orichalcum":34,"Odd Mushroom":53,"Medical Kit":12,"Mercury Hourglass":88,"Peace Pipe":17,"Calling Bell":67,"Strange Spoon":24,"Anchor":17,"CaptainsWheel":25,"Ornamental Fan":61,"Turnip":23,"Art of War":67,"Membership Card":1,"Bottled Lightning":50},{"Gremlin Horn":145,"Nilry\u0027s Codex":349,"Vajra":2,"Boot":11,"Blood Vial":39,"Sundial":224,"Strawberry":324,"MealTicket":7,"Philosopher\u0027s Stone":60,"Prayer Wheel":246,"Girya":72,"Pear":65,"Happy Flower":303,"Dead Branch":39,"Eternal Feather":162,"Pen Nib":69,"Letter Opener":336,"War Paint":75,"Paper Crane":177,"Question Card":65,"WarpedTongs":322,"Shuriken":198,"Bronze Scales":272,"Pandora\u0027s Box":127,"Black Star":30,"Meat on the Bone":270,"Regal Pillow":65,"Lantern":145,"Singing Bowl":72,"Torii":261,"Mango":88,"Snake Skull":349,"Bag of Preparation":34,"Juzu Bracelet":319,"Smiling Mask":41,"PrismaticShard":162,"Ancient Tea Set":322,"ClockworkSouvenir":65,"Nunchaku":65,"Dream Catcher":111,"Matryoshka":11,"Tiny Chest":230,"Ring of the Snake":0,"Potion Belt":23,"Golden Idol":251,"Thread and Needle":19,"PreservedInsect":41,"Omamori":184,"Orichalcum":109,"Odd Mushroom":202,"Medical Kit":34,"Mercury Hourglass":344,"Peace Pipe":49,"Calling Bell":258,"Strange Spoon":72,"Anchor":49,"CaptainsWheel":75,"Ornamental Fan":237,"Turnip":69,"Art of War":258,"Membership Card":2,"Bottled Lightning":184}],"Ring of the Snake":[185]},"card_choices":[{"not_picked":["Distraction","Noxious Fumes"],"picked":"Deflect","floor":1.0},{"not_picked":["Deflect","Acrobatics"],"picked":"Bouncing Flask","floor":4.0},{"not_picked":["Backflip","Deadly Poison"],"picked":"Envenom","floor":5.0},{"not_picked":["Acrobatics","Concentrate"],"picked":"Skewer","floor":6.0},{"not_picked":["Flying Knee","Poisoned Stab"],"picked":"Predator","floor":8.0},{"not_picked":["Choke","Deflect"],"picked":"Masterful Stab","floor":12.0},{"not_picked":["Terror","Deadly Poison"],"picked":"Finisher","floor":15.0},{"not_picked":["Tools of the Trade","Storm of Steel"],"picked":"Phantasmal Killer","floor":16.0},{"not_picked":["Quick Slash","Leg Sweep"],"picked":"Backstab+1","floor":18},{"not_picked":["Outmaneuver","Dagger Throw+1"],"picked":"Slice","floor":21},{"not_picked":["Calculated Gamble","Prepared+1"],"picked":"Backstab","floor":23},{"not_picked":["Setup","Deflect"],"picked":"Deadly Poison+1","floor":25},{"not_picked":["Outmaneuver","Acrobatics+1"],"picked":"Slice","floor":27},{"not_picked":["Quick Slash","Outmaneuver"],"picked":"Cloak And Dagger","floor":28},{"not_picked":["Terror","Deadly Poison"],"picked":"Infinite Blades","floor":31},{"not_picked":["Die Die Die","Catalyst"],"picked":"Deadly Poison+1","floor":32}],"player_experience":197915,"relics_obtained":[{"floor":6.0,"key":"Juzu Bracelet"},{"floor":8.0,"key":"Dream Catcher"},{"floor":9.0,"key":"Anchor"},{"floor":14.0,"key":"Strawberry"},{"floor":23,"key":"Pen Nib"},{"floor":26,"key":"Mercury Hourglass"},{"floor":28,"key":"Snake Skull"},{"floor":29,"key":"Nilry\u0027s Codex"}],"event_choices":[{"damage_healed":0.0,"max_hp_gain":0.0,"max_hp_loss":0.0,"gold_gain":0.0,"event_name":"Big Fish","player_choice":"Box","floor":2.0,"gold_loss":0.0,"damage_taken":0.0,"relics_obtained":["Happy Flower"],"cards_obtained":["Regret"]},{"cards_removed":["Regret"],"damage_healed":0.0,"max_hp_gain":0.0,"max_hp_loss":0.0,"gold_gain":0.0,"event_name":"Purifier","player_choice":"Purged","floor":3.0,"gold_loss":0.0,"damage_taken":0.0},{"damage_healed":0.0,"max_hp_gain":0.0,"max_hp_loss":0.0,"gold_gain":0.0,"event_name":"Golden Idol","player_choice":"Take Wound","floor":7.0,"gold_loss":0.0,"damage_taken":0.0,"relics_obtained":["Golden Idol"],"cards_obtained":["Injury"]},{"damage_healed":0.0,"max_hp_gain":0.0,"max_hp_loss":0.0,"gold_gain":0.0,"event_name":"WeMeetAgain","player_choice":"Gave Potion","floor":10.0,"gold_loss":0.0,"damage_taken":0.0,"relics_obtained":["Ancient Tea Set"]},{"damage_healed":0.0,"max_hp_gain":0.0,"max_hp_loss":0.0,"gold_gain":0.0,"event_name":"Accursed Blacksmith","player_choice":"Rummage","floor":11.0,"gold_loss":0.0,"damage_taken":0.0,"relics_obtained":["WarpedTongs"],"cards_obtained":["Pain"]},{"damage_healed":0,"gold_gain":0,"player_choice":"Opened","damage_taken":0,"relics_obtained":["Letter Opener"],"max_hp_gain":0,"max_hp_loss":0,"event_name":"The Mausoleum","floor":19,"gold_loss":0,"cards_obtained":["Writhe"]},{"damage_healed":0,"gold_gain":0,"player_choice":"Became a vampire","damage_taken":0,"max_hp_gain":0,"max_hp_loss":24,"event_name":"Vampires","floor":20,"gold_loss":0,"cards_obtained":["Bite","Bite","Bite","Bite","Bite"]},{"damage_healed":0,"gold_gain":0,"player_choice":"Obtained Book","damage_taken":16,"max_hp_gain":0,"max_hp_loss":0,"event_name":"Cursed Tome","floor":29,"gold_loss":0}],"is_beta":false,"boss_relics":[{"not_picked":["SacredBark","Philosopher\u0027s Stone"],"picked":"Pandora\u0027s Box"}],"items_purged_floors":[30],"is_endless":false,"potions_floor_spawned":[1,4,6,12,18,21,25,28],"killed_by":"Collector","ascension_level":2}}