{"host":"q4axc00jr2bozlh9","time":1609502105,"event":{"mods":["AchievementEnabler","BaseMod","Bestiary","Colored Map","Colored Powertips","Curses Come First","Minty Spire (QoL Compilation)","Relic Stats","StSLib","SuperFastMode"],"gold_per_floor":[13,13,37,37,50,50,94,94,94,112,112,137,175,196,196,316,316,339,339,352,373,388,388,432,9,33,76,76,76,95,135,135,258,258,274,496,509,509,99,99,99,142,169,185,243,264,264,278,278,278],"floor_reached":51,"playtime":3592,"items_purged":["Defend_R","Defend_R"],"score":777,"play_id":"d32e5d81-4837-49f7-ba08-c404d22fa17d","local_time":"20210101125505","is_ascension_mode":false,"campfire_choices":[{"data":"Armaments","floor":6,"key":"SMITH"},{"data":"Intimidate","floor":8,"key":"SMITH"},{"data":"Infernal Blade","floor":11,"key":"SMITH"},{"floor":15,"key":"REST"},{"data":"Intimidate","floor":23,"key":"SMITH"},{"data":"Uppercut","floor":28,"key":"SMITH"},{"data":"Dark Embrace","floor":32,"key":"SMITH"},{"data":"Shrug It Off","floor":40,"key":"SMITH"},{"data":"Exhume","floor":49,"key":"SMITH"}],"circlet_count":0,"master_deck":["Defend_R","Defend_R","Bash","Cleave","Uppercut+1","Armaments+1","Intimidate+1","Thunderclap+1","Infernal Blade+1","Second Wind","True Grit","Dark Embrace+1","Feed+1","Dropkick+1","Ghostly Armor+1","Flex+1","Shrug It Off+1","Intimidate+1","Dramatic Entrance+1","Exhume+1","Infernal Blade+1","Madness","Madness","Flash of Steel+1","Trip"],"relics":["Burning Blood","Golden Idol","Anchor","Molten Egg 2","Mercury Hourglass","Gremlin Horn","Astrolabe","HornCleat","Pen Nib","Sundial","Omamori","Gambling Chip","Enchiridion","Red Mask","Cursed Key","Happy Flower","HandDrill","Incense Burner","Blood Vial","Dead Branch"],"acts_visited":["Exordium","TheCity","TheBeyond"],"potions_floor_usage":[7,13,27,33,33,42,42,50],"damage_taken":[{"damage":1,"enemies":"2 Louse","floor":1,"turns":2},{"damage":4,"enemies":"Small Slimes","floor":3,"turns":4},{"damage":0,"enemies":"Cultist","floor":5,"turns":4},{"damage":25,"enemies":"3 Sentries","floor":7,"turns":7},{"damage":0,"enemies":"2 Fungi Beasts","floor":10,"turns":2},{"damage":0,"enemies":"Looter","floor":12,"turns":2},{"damage":28,"enemies":"Lagavulin","floor":13,"turns":6},{"damage":0,"enemies":"3 Louse","floor":14,"turns":2},{"damage":47,"enemies":"Slime Boss","floor":16,"turns":15},{"damage":7,"enemies":"Shell Parasite","floor":18,"turns":5},{"damage":4,"enemies":"3 Byrds","floor":20,"turns":7},{"damage":6,"enemies":"Snake Plant","floor":21,"turns":4},{"damage":9,"enemies":"Snecko","floor":22,"turns":7},{"damage":10,"enemies":"Slavers","floor":24,"turns":6},{"damage":17,"enemies":"Book of Stabbing","floor":27,"turns":8},{"damage":0,"enemies":"Chosen and Byrds","floor":30,"turns":5},{"damage":0,"enemies":"Masked Bandits","floor":31,"turns":2},{"damage":54,"enemies":"Champ","floor":33,"turns":10},{"damage":0,"enemies":"Orb Walker","floor":35,"turns":4},{"damage":0,"enemies":"3 Darklings","floor":37,"turns":2},{"damage":10,"enemies":"Giant Head","floor":42,"turns":10},{"damage":9,"enemies":"Maw","floor":44,"turns":9},{"damage":0,"enemies":"2 Orb Walkers","floor":45,"turns":4},{"damage":10,"enemies":"Writhing Mass","floor":46,"turns":4},{"damage":7,"enemies":"Spire Growth","floor":48,"turns":4},{"damage":29,"enemies":"Awakened One","floor":50,"turns":9}],"seed_played":"-6588567342793565692","potions_obtained":[{"floor":5,"key":"ColorlessPotion"},{"floor":12,"key":"HeartOfIron"},{"floor":14,"key":"SteroidPotion"},{"floor":18,"key":"SteroidPotion"},{"floor":20,"key":"Block Potion"},{"floor":22,"key":"Strength Potion"},{"floor":24,"key":"LiquidBronze"},{"floor":30,"key":"Block Potion"},{"floor":35,"key":"Block Potion"},{"floor":42,"key":"Explosive Potion"}],"is_trial":false,"path_per_floor":["M","?","M","?","M","R","E","R","T","M","R","M","E","M","R","B",null,"M","?","M","M","M","R","E","$","T","E","R","?","M","?","R","B",null,"M","?","M","?","$","R","$","E","T","M","?","M","?","M","R","B",null],"character_chosen":"IRONCLAD","items_purchased":["Dramatic Entrance+1","Sundial","Happy Flower","HandDrill"],"campfire_rested":1,"item_purchase_floors":[25,25,39,39],"current_hp_per_floor":[80,60,62,59,65,65,46,46,46,52,52,58,36,42,66,25,80,83,83,88,88,85,85,85,85,85,78,78,62,72,82,82,34,104,108,108,112,98,98,98,98,94,94,93,101,99,94,99,99,78],"gold":278,"neow_bonus":"TRANSFORM_TWO_CARDS","is_daily":false,"chose_seed":false,"campfire_upgraded":8,"win_rate":0.0,"timestamp":1609502105,"path_taken":["M","?","M","?","M","R","E","R","T","M","R","M","E","M","R","BOSS","M","?","M","?","M","R","E","$","T","E","R","?","M","?","R","BOSS","M","?","M","?","$","R","$","E","T","M","?","M","?","M","R","BOSS"],"items_purchased_type":["Card","Relic","Relic","Relic"],"build_version":"2020-12-22","purchased_purges":2,"victory":true,"max_hp_per_floor":[80,80,80,80,80,80,80,80,80,80,80,80,80,80,80,80,80,84,84,88,88,88,88,92,92,92,96,96,96,100,104,104,104,104,108,108,112,112,112,112,112,112,112,112,112,112,112,116,116,116],"relic_stats":{"Gremlin Horn":[16,16],"Happy Flower":[13],"counters":[26,142],"Golden Idol":193,"Astrolabe":["Dropkick","Ghostly Armor","Flex"],"Dead Branch":[46],"Pen Nib":[15],"Cursed Key":1,"Burning Blood":138,"Mercury Hourglass":[505],"Blood Vial":10,"Sundial":[14],"Gambling Chip":[37],"HandDrill":[10],"obtain_stats":[{"Gremlin Horn":13,"Happy Flower":39,"Golden Idol":2,"Astrolabe":17,"Dead Branch":45,"Enchiridion":29,"Pen Nib":24,"Omamori":26,"Incense Burner":42,"Cursed Key":34,"Burning Blood":0,"Mercury Hourglass":9,"Blood Vial":43,"Anchor":4,"HornCleat":19,"Sundial":25,"Gambling Chip":27,"Molten Egg 2":7,"Red Mask":31,"HandDrill":39},{"Gremlin Horn":7,"Happy Flower":20,"Golden Idol":1,"Astrolabe":9,"Dead Branch":23,"Enchiridion":15,"Pen Nib":14,"Omamori":14,"Incense Burner":21,"Cursed Key":18,"Burning Blood":0,"Mercury Hourglass":4,"Blood Vial":21,"Anchor":2,"HornCleat":10,"Sundial":14,"Gambling Chip":15,"Molten Egg 2":4,"Red Mask":17,"HandDrill":20},{"Gremlin Horn":27,"Happy Flower":102,"Golden Idol":2,"Astrolabe":44,"Dead Branch":125,"Enchiridion":79,"Pen Nib":71,"Omamori":71,"Incense Burner":112,"Cursed Key":96,"Burning Blood":0,"Mercury Hourglass":17,"Blood Vial":112,"Anchor":6,"HornCleat":49,"Sundial":71,"Gambling Chip":79,"Molten Egg 2":17,"Red Mask":86,"HandDrill":102}]},"card_choices":[{"not_picked":["Sword Boomerang","Uppercut","Body Slam"],"picked":"SKIP","floor":1},{"not_picked":["Perfected Strike","Cleave"],"picked":"Armaments","floor":3},{"not_picked":["Warcry","Body Slam"],"picked":"Intimidate","floor":5},{"not_picked":["Burning Pact","Clash+1"],"picked":"Thunderclap+1","floor":7},{"not_picked":["Heavy Blade+1","Rupture"],"picked":"Infernal Blade","floor":10},{"not_picked":["Clothesline+1","Body Slam+1"],"picked":"Second Wind","floor":12},{"not_picked":["Anger+1","Demon Form"],"picked":"True Grit","floor":13},{"not_picked":["Heavy Blade+1","Body Slam+1"],"picked":"Dark Embrace","floor":14},{"not_picked":["Impervious","Immolate+1"],"picked":"Feed+1","floor":16},{"not_picked":["Warcry","True Grit","Heavy Blade+1"],"picked":"SKIP","floor":18},{"not_picked":["Heavy Blade+1","Battle Trance","Flex"],"picked":"SKIP","floor":20},{"not_picked":["Seeing Red","Thunderclap+1"],"picked":"Shrug It Off","floor":21},{"not_picked":["Heavy Blade+1","Pommel Strike+1"],"picked":"Intimidate","floor":22},{"not_picked":["Berserk","Shockwave","Twin Strike+1"],"picked":"SKIP","floor":24},{"not_picked":["Cleave+1","Warcry","Headbutt+1"],"picked":"SKIP","floor":27},{"not_picked":["Shockwave","Wild Strike+1","Clothesline+1"],"picked":"SKIP","floor":30},{"not_picked":["Shockwave","Wild Strike+1","Clothesline+1"],"picked":"SKIP","floor":30},{"not_picked":["Offering","Reaper+1"],"picked":"Exhume","floor":33},{"not_picked":["Sentinel","Rampage+1"],"picked":"Infernal Blade+1","floor":35},{"not_picked":["Wild Strike+1","Thunderclap+1","Flame Barrier+1"],"picked":"SKIP","floor":37},{"not_picked":["Flex","Thunderclap+1","Offering"],"picked":"SKIP","floor":42},{"not_picked":["Pummel+1","Whirlwind+1","Perfected Strike+1"],"picked":"SKIP","floor":44},{"not_picked":["Pummel+1","Whirlwind+1","Perfected Strike+1"],"picked":"SKIP","floor":44},{"not_picked":["Clash+1","Wild Strike+1","Pummel+1"],"picked":"SKIP","floor":46},{"not_picked":["Purity","Blind"],"picked":"Flash of Steel+1","floor":47},{"not_picked":["PanicButton","Swift Strike+1"],"picked":"Trip","floor":47},{"not_picked":["Clash+1","Perfected Strike+1","True Grit+1"],"picked":"SKIP","floor":48}],"player_experience":190950,"relics_obtained":[{"floor":7,"key":"Molten Egg 2"},{"floor":9,"key":"Mercury Hourglass"},{"floor":13,"key":"Gremlin Horn"},{"floor":24,"key":"Pen Nib"},{"floor":26,"key":"Omamori"},{"floor":27,"key":"Gambling Chip"},{"floor":29,"key":"Enchiridion"},{"floor":31,"key":"Red Mask"},{"floor":42,"key":"Incense Burner"},{"floor":43,"key":"Blood Vial"},{"floor":45,"key":"Dead Branch"}],"event_choices":[{"damage_healed":0,"gold_gain":0,"player_choice":"Take Damage","damage_taken":20,"relics_obtained":["Golden Idol"],"max_hp_gain":0,"max_hp_loss":0,"event_name":"Golden Idol","floor":2,"gold_loss":0},{"damage_healed":0,"gold_gain":0,"player_choice":"Success","damage_taken":3,"relics_obtained":["Anchor"],"max_hp_gain":0,"max_hp_loss":0,"event_name":"Scrap Ooze","floor":4,"gold_loss":0},{"damage_healed":0,"gold_gain":0,"player_choice":"Gave Potion","damage_taken":0,"relics_obtained":["HornCleat"],"max_hp_gain":0,"max_hp_loss":0,"event_name":"WeMeetAgain","floor":19,"gold_loss":0},{"damage_healed":0,"gold_gain":0,"player_choice":"Obtained Book","damage_taken":16,"max_hp_gain":0,"max_hp_loss":0,"event_name":"Cursed Tome","floor":29,"gold_loss":0},{"damage_healed":0,"gold_gain":0,"player_choice":"Fought Bandits","damage_taken":0,"max_hp_gain":0,"max_hp_loss":0,"event_name":"Masked Bandits","floor":31,"gold_loss":0},{"damage_healed":0,"gold_gain":222,"player_choice":"Wore Mask","damage_taken":0,"max_hp_gain":0,"max_hp_loss":0,"event_name":"Tomb of Lord Red Mask","floor":36,"gold_loss":0},{"damage_healed":0,"gold_gain":0,"player_choice":"Embrace Madness","damage_taken":14,"max_hp_gain":0,"max_hp_loss":0,"event_name":"Winding Halls","floor":38,"gold_loss":0,"cards_obtained":["Madness","Madness"]},{"damage_healed":0,"gold_gain":0,"player_choice":"Fight","damage_taken":0,"max_hp_gain":0,"max_hp_loss":0,"event_name":"Mysterious Sphere","floor":45,"gold_loss":0},{"damage_healed":0,"gold_gain":0,"player_choice":"Memory 2","damage_taken":5,"max_hp_gain":0,"max_hp_loss":0,"event_name":"SensoryStone","floor":47,"gold_loss":0}],"is_beta":false,"boss_relics":[{"not_picked":["Ectoplasm","Snecko Eye"],"picked":"Astrolabe"},{"not_picked":["Black Blood","Runic Dome"],"picked":"Cursed Key"}],"items_purged_floors":[25,39],"is_endless":false,"potions_floor_spawned":[5,12,14,18,20,22,24,30,35,42],"ascension_level":0}}