{"host":"yiit85oc4oi3nqs8","time":1609494350,"event":{"mods":["AchievementEnabler","BaseMod","Better Third Choice","Block Reminder","DeckTracker","Highlight Path","Keyboard Shortcuts","Minty Spire (QoL Compilation)","MonsterHotkey","Quick Restart","Random Character Button","Relic Stats","StSLib"],"gold_per_floor":[210,210,222,241,166,66,76,76,76],"floor_reached":8,"playtime":355,"items_purged":["Strike_R","Strike_R"],"score":84,"play_id":"9bc13388-6a08-4186-a9a6-2d7b956728b4","local_time":"20210101184550","is_ascension_mode":true,"campfire_choices":[],"circlet_count":0,"master_deck":["AscendersBane","Strike_R","Strike_R","Strike_R","Defend_R","Defend_R","Defend_R","Defend_R","Bash","Twin Strike","Iron Wave"],"relics":["Burning Blood"],"acts_visited":["Exordium"],"potions_floor_usage":[8],"damage_taken":[{"damage":2.0,"enemies":"Jaw Worm","floor":1.0,"turns":3.0},{"damage":1.0,"enemies":"Cultist","floor":3.0,"turns":4.0},{"damage":7.0,"enemies":"2 Louse","floor":4.0,"turns":3.0},{"damage":8.0,"enemies":"2 Fungi Beasts","floor":7.0,"turns":5.0},{"damage":85,"enemies":"3 Sentries","floor":8,"turns":16}],"seed_played":"7139724704005400422","potions_obtained":[{"floor":3.0,"key":"BloodPotion"}],"is_trial":false,"path_per_floor":["M","?","M","M","$","$","M","E"],"character_chosen":"IRONCLAD","items_purchased":[],"campfire_rested":0,"item_purchase_floors":[],"current_hp_per_floor":[72,68,73,72,72,72,70,0,0],"gold":76,"neow_bonus":"HUNDRED_GOLD","is_daily":false,"chose_seed":false,"campfire_upgraded":0,"win_rate":0.0,"timestamp":1609494350,"path_taken":["M","?","?","M","$","$","M","E"],"items_purchased_type":[],"build_version":"2020-12-22","purchased_purges":2,"victory":false,"max_hp_per_floor":[75,75,75,75,75,75,75,75,75],"relic_stats":{"counters":[5,31],"obtain_stats":[{"Burning Blood":0},{"Burning Blood":0},{"Burning Blood":0}],"Burning Blood":24},"card_choices":[{"not_picked":["Thunderclap","Perfected Strike","Warcry"],"picked":"SKIP","floor":1.0},{"not_picked":["Infernal Blade","Cleave"],"picked":"Twin Strike","floor":3.0},{"not_picked":["Blood for Blood","Perfected Strike","Wild Strike"],"picked":"SKIP","floor":4.0},{"not_picked":["Pommel Strike","Twin Strike"],"picked":"Iron Wave","floor":7.0}],"player_experience":414178,"relics_obtained":[],"event_choices":[{"damage_healed":0.0,"max_hp_gain":0.0,"max_hp_loss":0.0,"gold_gain":0.0,"event_name":"The Woman in Blue","player_choice":"Bought 0 Potions","floor":2.0,"gold_loss":0.0,"damage_taken":0.0}],"is_beta":false,"boss_relics":[],"items_purged_floors":[5,6],"is_endless":false,"potions_floor_spawned":[3],"killed_by":"3 Sentries","ascension_level":15}}