{"host":"vl29iwkwnyytuw8q","time":1609542707,"event":{"mods":["BaseMod","Minty Spire (QoL Compilation)","Permanent Neow","Relic Stats","StSLib"],"gold_per_floor":[109,125,143,163,64,64,93,93,93,119,135,135,151,161,161,236,236,255,271,13,13,13,13,13,40,40,40,55,55,55],"floor_reached":29,"playtime":1071,"items_purged":["Strike_R"],"score":562,"play_id":"59807380-2d89-433f-b30c-1739898ebe20","local_time":"20210102001147","is_ascension_mode":true,"campfire_choices":[{"floor":6.0,"key":"REST"},{"data":"Armaments","floor":8.0,"key":"SMITH"},{"data":"Rupture","floor":15.0,"key":"SMITH"},{"floor":23.0,"key":"REST"}],"circlet_count":0,"master_deck":["AscendersBane","Strike_R","Strike_R","Strike_R","Strike_R","Defend_R","Defend_R","Defend_R","Defend_R","Bash","Clothesline","Shrug It Off","Blood for Blood","Armaments+1","Anger","Rupture+1","Burning Pact","Spot Weakness+1","Rage+1","Pain","Offering+1","CurseOfTheBell","Sever Soul","Hemokinesis","Feel No Pain+1","Writhe","Decay","Demon Form+1","Heavy Blade"],"relics":["SlaversCollar","HornCleat","Toxic Egg 2","Pantograph","WarpedTongs","Calling Bell","Orichalcum","Frozen Egg 2","Dead Branch","Membership Card","Ginger","Blood Vial","Anchor","PreservedInsect"],"acts_visited":["Exordium","TheCity"],"potions_floor_usage":[29,29],"damage_taken":[{"damage":11.0,"enemies":"Cultist","floor":1.0,"turns":4.0},{"damage":4.0,"enemies":"Small Slimes","floor":2.0,"turns":4.0},{"damage":4.0,"enemies":"Jaw Worm","floor":3.0,"turns":4.0},{"damage":12.0,"enemies":"Large Slime","floor":4.0,"turns":6.0},{"damage":12.0,"enemies":"Gremlin Nob","floor":7.0,"turns":3.0},{"damage":0.0,"enemies":"Lagavulin","floor":10.0,"turns":5.0},{"damage":7.0,"enemies":"3 Louse","floor":11.0,"turns":4.0},{"damage":8.0,"enemies":"Red Slaver","floor":13.0,"turns":3.0},{"damage":2.0,"enemies":"2 Fungi Beasts","floor":14.0,"turns":3.0},{"damage":17.0,"enemies":"Hexaghost","floor":16.0,"turns":9.0},{"damage":17.0,"enemies":"Chosen","floor":18.0,"turns":8.0},{"damage":26.0,"enemies":"2 Thieves","floor":19.0,"turns":3.0},{"damage":22.0,"enemies":"Gremlin Leader","floor":25.0,"turns":5.0},{"damage":48.0,"enemies":"Sentry and Sphere","floor":28.0,"turns":5.0},{"damage":48,"enemies":"Cultist and Chosen","floor":29,"turns":5}],"seed_played":"-3419897509758231661","potions_obtained":[{"floor":1.0,"key":"Dexterity Potion"},{"floor":7.0,"key":"FearPotion"},{"floor":11.0,"key":"LiquidMemories"},{"floor":28.0,"key":"BloodPotion"}],"is_trial":false,"path_per_floor":["M","M","M","M","$","R","E","R","T","E","M","?","M","M","R","B",null,"M","M","$","?","?","R","?","E","T","?","M","M"],"character_chosen":"IRONCLAD","items_purchased":["Anger","Rupture","Membership Card","Feel No Pain+1","Regen Potion"],"campfire_rested":2,"item_purchase_floors":[5,5,20,20,20],"current_hp_per_floor":[61,57,53,41,41,65,53,53,53,53,46,46,38,36,36,44,71,54,28,28,54,54,78,78,56,56,56,10,0,0],"gold":55,"neow_bonus":"BOSS_RELIC","is_daily":false,"chose_seed":false,"campfire_upgraded":2,"win_rate":0.0,"timestamp":1609542707,"path_taken":["M","M","?","M","$","R","E","R","T","E","M","?","?","M","R","BOSS","M","M","$","?","?","R","?","E","T","?","M","?"],"items_purchased_type":["Card","Card","Relic","Card","Potion"],"build_version":"2020-12-22","purchased_purges":1,"victory":false,"max_hp_per_floor":[80,80,80,80,80,80,80,80,80,80,80,80,80,80,80,80,80,80,80,80,80,80,80,80,80,80,80,80,80,80],"relic_stats":{"Blood Vial":4,"counters":[15,71],"Pantograph":25,"Dead Branch":[32],"PreservedInsect":0,"Ginger":[2],"Orichalcum":[6],"obtain_stats":[{"Dead Branch":17,"PreservedInsect":27,"Ginger":22,"Orichalcum":17,"Frozen Egg 2":17,"Burning Blood":0,"WarpedTongs":12,"Calling Bell":17,"Blood Vial":25,"SlaversCollar":0,"Anchor":26,"HornCleat":7,"Pantograph":10,"Membership Card":20,"Toxic Egg 2":9},{"Dead Branch":10,"PreservedInsect":13,"Ginger":12,"Orichalcum":10,"Frozen Egg 2":10,"Burning Blood":0,"WarpedTongs":7,"Calling Bell":10,"Blood Vial":13,"SlaversCollar":0,"Anchor":13,"HornCleat":5,"Pantograph":6,"Membership Card":12,"Toxic Egg 2":5},{"Dead Branch":45,"PreservedInsect":61,"Ginger":56,"Orichalcum":45,"Frozen Egg 2":45,"Burning Blood":0,"WarpedTongs":30,"Calling Bell":45,"Blood Vial":61,"SlaversCollar":0,"Anchor":61,"HornCleat":21,"Pantograph":26,"Membership Card":56,"Toxic Egg 2":21}],"WarpedTongs":[41]},"card_choices":[{"not_picked":["Carnage","Twin Strike"],"picked":"Clothesline","floor":1.0},{"not_picked":["Clothesline","Ghostly Armor"],"picked":"Shrug It Off","floor":2.0},{"not_picked":["Flex","Pummel"],"picked":"Blood for Blood","floor":3.0},{"not_picked":["Warcry","Wild Strike"],"picked":"Armaments","floor":4.0},{"not_picked":["Headbutt","Carnage"],"picked":"Burning Pact","floor":7.0},{"not_picked":["Blood for Blood","Iron Wave"],"picked":"Spot Weakness+1","floor":10.0},{"not_picked":["Anger","Power Through+1"],"picked":"Rage+1","floor":11.0},{"not_picked":["Rage+1","Anger","Armaments+1"],"picked":"SKIP","floor":13.0},{"not_picked":["Fire Breathing","Wild Strike","Dropkick"],"picked":"SKIP","floor":14.0},{"not_picked":["Barricade","Juggernaut"],"picked":"Offering+1","floor":16.0},{"not_picked":["Headbutt+1","Sentinel+1"],"picked":"Sever Soul","floor":18.0},{"not_picked":["Uppercut","Rampage"],"picked":"Hemokinesis","floor":19.0},{"not_picked":["Intimidate+1","Anger"],"picked":"Demon Form+1","floor":25.0},{"not_picked":["Sentinel+1","Havoc+1"],"picked":"Heavy Blade","floor":28.0}],"player_experience":611836,"relics_obtained":[{"floor":7.0,"key":"HornCleat"},{"floor":9.0,"key":"Toxic Egg 2"},{"floor":10.0,"key":"Pantograph"},{"floor":17.0,"key":"Orichalcum"},{"floor":17.0,"key":"Frozen Egg 2"},{"floor":17.0,"key":"Dead Branch"},{"floor":25.0,"key":"Blood Vial"},{"floor":26.0,"key":"Anchor"}],"event_choices":[{"damage_healed":0.0,"max_hp_gain":0.0,"max_hp_loss":0.0,"gold_gain":0.0,"event_name":"Accursed Blacksmith","player_choice":"Rummage","floor":12.0,"gold_loss":0.0,"damage_taken":0.0,"relics_obtained":["WarpedTongs"],"cards_obtained":["Pain"]},{"damage_healed":26.0,"max_hp_gain":0.0,"max_hp_loss":0.0,"gold_gain":0.0,"event_name":"The Library","player_choice":"Heal","floor":21.0,"gold_loss":0.0,"damage_taken":0.0},{"damage_healed":0.0,"max_hp_gain":0.0,"max_hp_loss":0.0,"gold_gain":0.0,"event_name":"The Mausoleum","player_choice":"Opened","floor":22.0,"gold_loss":0.0,"damage_taken":0.0,"relics_obtained":["Ginger"],"cards_obtained":["Writhe"]},{"damage_healed":0.0,"max_hp_gain":0.0,"max_hp_loss":0.0,"gold_gain":0.0,"event_name":"Forgotten Altar","player_choice":"Smashed Altar","floor":24.0,"gold_loss":0.0,"damage_taken":0.0,"cards_obtained":["Decay"]},{"damage_healed":0.0,"max_hp_gain":0.0,"max_hp_loss":0.0,"gold_gain":0.0,"event_name":"WeMeetAgain","player_choice":"Gave Potion","floor":27.0,"gold_loss":0.0,"damage_taken":0.0,"relics_obtained":["PreservedInsect"]}],"is_beta":false,"boss_relics":[{"not_picked":["Empty Cage","Runic Dome"],"picked":"Calling Bell"}],"items_purged_floors":[20],"is_endless":false,"potions_floor_spawned":[1,7,10,11,16,25,28],"killed_by":"Cultist and Chosen","ascension_level":13}}