{"host":"at64dhdf9kc8hjax","time":1609472364,"event":{"mods":["Act Like it!","BaseMod","Dota2Spire","Friendly Minions","Gensokyo","Highlight Path","Minty Spire (QoL Compilation)","Quick Restart","RumiaBox-露米娅的神秘盒子","Spicy Shops","StSLib","SuperFastMode","【遗物卡牌】REMEMod"],"gold_per_floor":[114,128,144,155,175,175,125,125,151,167,167,19,48,60,60,161,161,175,175,30,45,45,45,45,45,45,60,60,77,77,87,87,182,182,195,213,153,165,183,183,215,215,242,242,323,0,19,50,50,50],"floor_reached":51,"playtime":3230,"items_purged":["Defend_G","Bane+1"],"score":1164,"play_id":"bedefe70-0cfc-4da6-a771-98b1a0955b01","local_time":"20210101113924","is_ascension_mode":true,"campfire_choices":[{"data":"Sadistic Nature","floor":6.0,"key":"SMITH"},{"data":"Survivor","floor":11.0,"key":"SMITH"},{"data":"Backflip","floor":15.0,"key":"SMITH"},{"data":"Tools of the Trade","floor":23.0,"key":"SMITH"},{"data":"Neutralize","floor":28.0,"key":"SMITH"},{"data":"Neutralize","floor":30.0,"key":"SMITH"},{"floor":32.0,"key":"REST"},{"data":"Prepared","floor":40.0,"key":"SMITH"},{"data":"REME_CopyPotion","floor":42.0,"key":"SMITH"},{"data":"Acrobatics","floor":44.0,"key":"SMITH"},{"data":"Noxious Fumes","floor":49,"key":"SMITH"}],"circlet_count":0,"master_deck":["AscendersBane","Defend_G","Defend_G","Defend_G","Defend_G","Survivor+1","Neutralize+1","Sadistic Nature+1","Acrobatics+1","Neutralize+1","Backflip+1","Tools of the Trade+1","REME_ShadowStrike+1","Flying Knee+1","Prepared+1","REME_GreenPollution","Underhanded Strike+1","REME_CopyPotion+1","Prepared+1","Reflex+1","Escape Plan+1","Noxious Fumes+1","REME_ShadowStrike"],"relics":["Ring of the Snake","REME_ComplimentaryCards","Tiny Chest","Membership Card","Strawberry","Astrolabe","Dota2Spire:ShivaGuard","Dota2Spire:AssaultCuirass","Enchiridion","Dota2Spire:Desolator","SacredBark","Lantern","Dota2Spire:EchoSabre","Dota2Spire:BlackKingBar","Gremlin Horn","REME_CardOfGreed","Dota2Spire:MaskOfMadness"],"acts_visited":["Exordium","TheCity","TheBeyond"],"potions_floor_usage":[50],"damage_taken":[{"damage":14.0,"enemies":"Cultist","floor":1.0,"turns":5.0},{"damage":2.0,"enemies":"Jaw Worm","floor":2.0,"turns":4.0},{"damage":0.0,"enemies":"2 Louse","floor":3.0,"turns":3.0},{"damage":3.0,"enemies":"Red Slaver","floor":4.0,"turns":4.0},{"damage":0.0,"enemies":"Blue Slaver","floor":5.0,"turns":5.0},{"damage":12.0,"enemies":"Large Slime","floor":10.0,"turns":9.0},{"damage":37.0,"enemies":"3 Sentries","floor":13.0,"turns":14.0},{"damage":0.0,"enemies":"2 Fungi Beasts","floor":14.0,"turns":4.0},{"damage":15.0,"enemies":"The Guardian","floor":16.0,"turns":18.0},{"damage":6.0,"enemies":"Spheric Guardian","floor":18.0,"turns":4.0},{"damage":13.0,"enemies":"3 Byrds","floor":21.0,"turns":3.0},{"damage":3.0,"enemies":"Snake Plant","floor":27.0,"turns":3.0},{"damage":0.0,"enemies":"Snecko","floor":29.0,"turns":3.0},{"damage":4.0,"enemies":"Centurion and Healer","floor":31.0,"turns":2.0},{"damage":3.0,"enemies":"Automaton","floor":33.0,"turns":5.0},{"damage":1.0,"enemies":"3 Shapes","floor":35.0,"turns":2.0},{"damage":5.0,"enemies":"3 Darklings","floor":36.0,"turns":3.0},{"damage":8.0,"enemies":"4 Shapes","floor":38.0,"turns":3.0},{"damage":3.0,"enemies":"Spire Growth","floor":39.0,"turns":4.0},{"damage":0.0,"enemies":"Giant Head","floor":41.0,"turns":5.0},{"damage":0,"enemies":"Sphere and 2 Shapes","floor":47,"turns":2},{"damage":0,"enemies":"Reptomancer","floor":48,"turns":2},{"damage":0,"enemies":"Time Eater","floor":50,"turns":4}],"seed_played":"3444862312532351180","potions_obtained":[{"floor":2.0,"key":"Dota2Spire:HealingSalve"},{"floor":3.0,"key":"ColorlessPotion"},{"floor":4.0,"key":"Dota2Spire:HealingSalve"},{"floor":13.0,"key":"Block Potion"},{"floor":14.0,"key":"Block Potion"},{"floor":18.0,"key":"Ancient Potion"},{"floor":31.0,"key":"FearPotion"},{"floor":39.0,"key":"Energy Potion"},{"floor":47,"key":"Poison Potion"}],"is_trial":false,"path_per_floor":["M","M","M","M","M","R","?","?","T","M","R","$","E","M","R","B",null,"M","?","$","M","T","R","?","?","T","M","R","M","R","M","R","B",null,"M","M","?","M","M","R","E","R","T","R","T","$","M","E","R","B",null],"character_chosen":"THE_SILENT","items_purchased":["Membership Card","Dota2Spire:ShivaGuard","Gremlin Horn","REME_CardOfGreed","GamblersBrew","Noxious Fumes","REME_ShadowStrike"],"campfire_rested":1,"item_purchase_floors":[12,20,46,46,46,46,46],"current_hp_per_floor":[56,54,54,51,51,51,51,51,51,57,57,57,45,45,45,30,71,65,65,65,52,52,52,52,36,36,33,33,33,33,29,54,51,76,75,70,70,62,59,59,59,59,59,59,59,59,59,59,59,59],"gold":50,"neow_bonus":"TEN_PERCENT_HP_BONUS","is_daily":false,"chose_seed":false,"campfire_upgraded":10,"win_rate":0.0,"timestamp":1609472364,"path_taken":["M","M","?","M","M","R","?","?","T","?","R","?","E","M","R","BOSS","M","?","$","M","?","R","?","?","T","M","R","M","R","M","R","BOSS","M","M","?","M","M","R","E","R","T","R","?","$","M","E","R","BOSS"],"items_purchased_type":["Relic","Relic","Relic","Relic","Potion","Card","Card"],"build_version":"2020-12-22","purchased_purges":2,"victory":true,"max_hp_per_floor":[77,77,77,77,77,77,77,77,77,77,77,77,84,84,84,84,84,84,84,84,84,84,84,84,84,84,84,84,84,84,84,84,84,84,84,84,84,84,84,84,84,84,84,84,84,84,84,84,84,84],"card_choices":[{"not_picked":["Infinite Blades","Footwork"],"picked":"Acrobatics","floor":1.0},{"not_picked":["Riddle With Holes","Finisher","Heel Hook"],"picked":"SKIP","floor":2.0},{"not_picked":["Slice","Deadly Poison","Flying Knee"],"picked":"SKIP","floor":3.0},{"not_picked":["Quick Slash","Backflip","Heel Hook"],"picked":"SKIP","floor":4.0},{"not_picked":["Bouncing Flask","Predator","Dagger Throw"],"picked":"SKIP","floor":5.0},{"not_picked":["Slice","Caltrops","Blur"],"picked":"SKIP","floor":10.0},{"not_picked":["Finisher","Bane"],"picked":"Backflip","floor":13.0},{"not_picked":["Backflip","All Out Attack","Blade Dance"],"picked":"SKIP","floor":14.0},{"not_picked":["Wraith Form v2","Die Die Die"],"picked":"Tools of the Trade","floor":16.0},{"not_picked":["Distraction","Escape Plan"],"picked":"Prepared+1","floor":18.0},{"not_picked":["Acrobatics","Riddle With Holes","Infinite Blades"],"picked":"SKIP","floor":21.0},{"not_picked":["Bouncing Flask","Deflect","Acrobatics"],"picked":"SKIP","floor":27.0},{"not_picked":["Catalyst","Flying Knee+1"],"picked":"Underhanded Strike+1","floor":29.0},{"not_picked":["Skewer","Masterful Stab+1","Bane"],"picked":"SKIP","floor":31.0},{"not_picked":["Envenom","Grand Finale"],"picked":"REME_CopyPotion","floor":33.0},{"not_picked":["Deadly Poison","Outmaneuver"],"picked":"Prepared","floor":35.0},{"not_picked":["Bane+1","Footwork"],"picked":"Reflex+1","floor":36.0},{"not_picked":["Poisoned Stab+1","Slice","Accuracy+1"],"picked":"SKIP","floor":38.0},{"not_picked":["Concentrate","Outmaneuver+1","Doppelganger"],"picked":"SKIP","floor":39.0},{"not_picked":["Deflect+1","Underhanded Strike+1"],"picked":"Escape Plan+1","floor":41.0},{"not_picked":["Flying Knee","Poisoned Stab","Backflip"],"picked":"SKIP","floor":47},{"not_picked":["Underhanded Strike","Blade Dance","Masterful Stab"],"picked":"SKIP","floor":48}],"player_experience":217797,"relics_obtained":[{"floor":9.0,"key":"Tiny Chest"},{"floor":13.0,"key":"Strawberry"},{"floor":22.0,"key":"Dota2Spire:AssaultCuirass"},{"floor":25.0,"key":"Enchiridion"},{"floor":26.0,"key":"Dota2Spire:Desolator"},{"floor":41.0,"key":"Lantern"},{"floor":43.0,"key":"Dota2Spire:EchoSabre"},{"floor":45.0,"key":"Dota2Spire:BlackKingBar"},{"floor":48,"key":"Dota2Spire:MaskOfMadness"}],"event_choices":[{"cards_removed":["Strike_G"],"damage_healed":0.0,"max_hp_gain":0.0,"max_hp_loss":0.0,"gold_gain":0.0,"event_name":"The Cleric","player_choice":"Card Removal","floor":7.0,"gold_loss":50.0,"damage_taken":0.0},{"damage_healed":0.0,"max_hp_gain":0.0,"max_hp_loss":0.0,"gold_gain":0.0,"event_name":"Match and Keep!","player_choice":"1 cards matched","floor":8.0,"gold_loss":0.0,"damage_taken":0.0,"cards_obtained":["Neutralize"]},{"damage_healed":0.0,"max_hp_gain":0.0,"max_hp_loss":0.0,"gold_gain":0.0,"event_name":"The Library","player_choice":"Read","floor":19.0,"gold_loss":0.0,"damage_taken":0.0,"cards_obtained":["REME_GreenPollution"]},{"damage_healed":0.0,"max_hp_gain":0.0,"max_hp_loss":0.0,"gold_gain":0.0,"event_name":"Ghosts","player_choice":"Ignored","floor":24.0,"gold_loss":0.0,"damage_taken":0.0},{"damage_healed":0.0,"max_hp_gain":0.0,"max_hp_loss":0.0,"gold_gain":0.0,"event_name":"Cursed Tome","player_choice":"Obtained Book","floor":25.0,"gold_loss":0.0,"damage_taken":16.0},{"cards_removed":["Strike_G"],"damage_healed":0.0,"max_hp_gain":0.0,"max_hp_loss":0.0,"gold_gain":0.0,"event_name":"Designer","player_choice":"Single Remove","floor":37.0,"gold_loss":60.0,"damage_taken":0.0}],"is_beta":false,"boss_relics":[{"not_picked":["Fusion Hammer","Philosopher\u0027s Stone"],"picked":"Astrolabe"},{"not_picked":["REME_DemonsWealth","REME_ChargedStone"],"picked":"SacredBark"}],"items_purged_floors":[46,46],"is_endless":false,"potions_floor_spawned":[2,3,4,13,14,18,31,39,47],"ascension_level":10}}