{"host":"15dd7v8o90xso62x","time":1609527649,"event":{"mods":["BaseMod","Minty Spire (QoL Compilation)","Quick Restart","StSLib","SuperFastMode"],"gold_per_floor":[10,10,29,104,117,148,163,163,163,163,128,128,159,159,159,236,236,255,11,23,23,83,83,150,150,224,224,274,306,306,356,356,356,356],"floor_reached":33,"playtime":914,"items_purged":["Strike_R"],"score":567,"play_id":"d9f44fd4-0c65-4673-a480-8c9c26065da0","local_time":"20210102040049","is_ascension_mode":true,"campfire_choices":[{"data":"Perfected Strike","floor":10.0,"key":"SMITH"},{"data":"Bludgeon","floor":12.0,"key":"SMITH"},{"data":"Pommel Strike","floor":15.0,"key":"SMITH"},{"data":"Perfected Strike","floor":23.0,"key":"SMITH"},{"data":"Second Wind","floor":25.0,"key":"SMITH"},{"data":"Offering","floor":27.0,"key":"SMITH"},{"data":"Carnage","floor":30,"key":"SMITH"},{"floor":32,"key":"REST"}],"circlet_count":0,"master_deck":["AscendersBane","Strike_R","Strike_R","Strike_R","Defend_R","Defend_R","Defend_R","Defend_R","Bash","Bludgeon+1","Perfected Strike+1","Flame Barrier","Wild Strike","Ghostly Armor","Pommel Strike+1","Shrug It Off","Offering+1","Perfected Strike+1","Fire Breathing","Second Wind+1","Carnage+1","Flame Barrier"],"relics":["Burning Blood","Red Skull","Pear","Bottled Lightning","Philosopher\u0027s Stone","Membership Card","SsserpentHead","White Beast Statue","Smiling Mask"],"acts_visited":["Exordium","TheCity"],"potions_floor_usage":[29,29,33],"damage_taken":[{"damage":6.0,"enemies":"Small Slimes","floor":1.0,"turns":2.0},{"damage":6.0,"enemies":"Cultist","floor":3.0,"turns":3.0},{"damage":7.0,"enemies":"2 Louse","floor":5.0,"turns":3.0},{"damage":38.0,"enemies":"3 Sentries","floor":6.0,"turns":10.0},{"damage":8.0,"enemies":"2 Fungi Beasts","floor":7.0,"turns":4.0},{"damage":27.0,"enemies":"Lagavulin","floor":13.0,"turns":6.0},{"damage":35.0,"enemies":"Slime Boss","floor":16.0,"turns":10.0},{"damage":8.0,"enemies":"Spheric Guardian","floor":18.0,"turns":3.0},{"damage":0.0,"enemies":"Chosen","floor":20.0,"turns":3.0},{"damage":6.0,"enemies":"Sentry and Sphere","floor":22.0,"turns":4.0},{"damage":15.0,"enemies":"Snake Plant","floor":24.0,"turns":2.0},{"damage":15,"enemies":"Book of Stabbing","floor":29,"turns":3},{"damage":90,"enemies":"Champ","floor":33,"turns":6}],"seed_played":"-1647398886253901543","potions_obtained":[{"floor":3.0,"key":"Explosive Potion"},{"floor":5.0,"key":"SkillPotion"},{"floor":16.0,"key":"SneckoOil"},{"floor":20.0,"key":"SneckoOil"},{"floor":22.0,"key":"SteroidPotion"},{"floor":29,"key":"Regen Potion"}],"is_trial":false,"path_per_floor":["M","?","M","?","M","E","M","?","T","R","?","R","E","?","R","B",null,"M","$","M","?","M","R","M","R","T","R","?","E","R","?","R","B"],"character_chosen":"IRONCLAD","items_purchased":["Membership Card","Fire Breathing"],"campfire_rested":1,"item_purchase_floors":[19,19],"current_hp_per_floor":[68,68,68,57,56,24,22,22,32,32,53,53,32,37,37,8,70,68,68,74,74,74,74,65,65,65,65,65,56,56,29,57,0,0],"gold":356,"neow_bonus":"THREE_RARE_CARDS","is_daily":false,"chose_seed":false,"campfire_upgraded":7,"win_rate":0.0,"timestamp":1609527649,"path_taken":["M","?","?","?","M","E","M","?","T","R","?","R","E","?","R","BOSS","M","$","M","?","?","R","?","R","T","R","?","E","R","?","R","BOSS"],"items_purchased_type":["Relic","Card"],"build_version":"2020-12-22","purchased_purges":1,"victory":false,"max_hp_per_floor":[75,75,75,75,75,75,75,75,85,85,85,85,85,90,90,90,90,90,90,90,90,90,90,90,90,90,90,90,90,90,95,95,95,95],"card_choices":[{"not_picked":["Offering","Juggernaut"],"picked":"Bludgeon","floor":0.0},{"not_picked":["Heavy Blade","Entrench"],"picked":"Perfected Strike","floor":1.0},{"not_picked":["Thunderclap","Havoc"],"picked":"Flame Barrier","floor":3.0},{"not_picked":["Hemokinesis","Thunderclap"],"picked":"Wild Strike","floor":5.0},{"not_picked":["True Grit","Whirlwind"],"picked":"Ghostly Armor","floor":6.0},{"not_picked":["Intimidate","Body Slam"],"picked":"Pommel Strike","floor":7.0},{"not_picked":["Entrench","Thunderclap"],"picked":"Shrug It Off","floor":13.0},{"not_picked":["Berserk","Demon Form"],"picked":"Offering","floor":16.0},{"not_picked":["Havoc","Clash"],"picked":"Perfected Strike","floor":18.0},{"not_picked":["Iron Wave","Armaments","Flex"],"picked":"SKIP","floor":20.0},{"not_picked":["Wild Strike+1","Iron Wave"],"picked":"Second Wind","floor":22.0},{"not_picked":["Body Slam","Wild Strike"],"picked":"Carnage","floor":24.0},{"not_picked":["Thunderclap","Hemokinesis"],"picked":"Flame Barrier","floor":29}],"player_experience":985444,"relics_obtained":[{"floor":6.0,"key":"Red Skull"},{"floor":9.0,"key":"Pear"},{"floor":13.0,"key":"Bottled Lightning"},{"floor":26.0,"key":"White Beast Statue"},{"floor":29,"key":"Smiling Mask"}],"event_choices":[{"cards_removed":["Strike_R"],"damage_healed":0.0,"max_hp_gain":0.0,"max_hp_loss":0.0,"gold_gain":0.0,"event_name":"Purifier","player_choice":"Purged","floor":2.0,"gold_loss":0.0,"damage_taken":0.0},{"damage_healed":0.0,"max_hp_gain":0.0,"max_hp_loss":0.0,"gold_gain":75.0,"event_name":"World of Goop","player_choice":"Gather Gold","floor":4.0,"gold_loss":0.0,"damage_taken":11.0},{"damage_healed":0.0,"max_hp_gain":0.0,"max_hp_loss":0.0,"gold_gain":0.0,"event_name":"Golden Idol","player_choice":"Ignored","floor":8.0,"gold_loss":0.0,"damage_taken":0.0},{"damage_healed":21.0,"max_hp_gain":0.0,"max_hp_loss":0.0,"gold_gain":0.0,"event_name":"The Cleric","player_choice":"Healed","floor":11.0,"gold_loss":35.0,"damage_taken":0.0},{"damage_healed":0.0,"max_hp_gain":5.0,"max_hp_loss":0.0,"gold_gain":0.0,"event_name":"Big Fish","player_choice":"Donut","floor":14.0,"gold_loss":0.0,"damage_taken":0.0},{"damage_healed":0.0,"max_hp_gain":0.0,"max_hp_loss":0.0,"gold_gain":0.0,"event_name":"FaceTrader","player_choice":"Trade","floor":21.0,"gold_loss":0.0,"damage_taken":0.0,"relics_obtained":["SsserpentHead"]},{"damage_healed":0.0,"max_hp_gain":0.0,"max_hp_loss":0.0,"gold_gain":0.0,"event_name":"Ghosts","player_choice":"Ignored","floor":28.0,"gold_loss":0.0,"damage_taken":0.0},{"damage_healed":0,"gold_gain":0,"player_choice":"Shed Blood","damage_taken":32,"max_hp_gain":5,"max_hp_loss":0,"event_name":"Forgotten Altar","floor":31,"gold_loss":0}],"is_beta":false,"boss_relics":[{"not_picked":["Coffee Dripper","Busted Crown"],"picked":"Philosopher\u0027s Stone"}],"items_purged_floors":[19],"is_endless":false,"potions_floor_spawned":[3,5,16,20,22,29],"killed_by":"Champ","ascension_level":20}}