{"host":"bf9sa99gaumonoeu","time":1609540073,"event":{"mods":["AchievementEnabler","Act Like it!","BaseMod","Colored Map","Colored Powertips","Downfall","Friendly Minions","Gensokyo","Hallownest","Hermit","Jorbs\u0027s Wanderer Trilogy","Lobotomy","Marisa????????","Minty Spire (QoL Compilation)","Remilia??????","Replay The Spire","Shop Mod","StSLib","The Animator","The Bug Knight","The Cursed","The Disciple","The Hierophant","The Jungle","The Senshi","The Servant 0.9.4"],"gold_per_floor":[116,24,38,55,75,75,75,108,108,108,128,128,143,176,176,300,300,318,233,23,23,37,37,77,77,77,108,33,33,33,76,76,196,196,221,234,294,255,268,283,283,301,301,301,316,316,360,385,385,385,385],"floor_reached":50,"playtime":4802,"items_purged":["theSenshi:SailorKick"],"score":740,"play_id":"351c4a5e-e4dd-4730-9c1f-8d431a6d29d2","local_time":"20210101202753","is_ascension_mode":false,"campfire_choices":[{"data":"theSenshi:SailorUranusAssists","floor":6.0,"key":"SMITH"},{"data":"theSenshi:SailorNeptuneAssists","floor":10.0,"key":"SMITH"},{"data":"theSenshi:TallSilhouette","floor":15.0,"key":"SMITH"},{"data":"theSenshi:SailorStarHealerAssists","floor":23.0,"key":"SMITH"},{"data":"theSenshi:SailorCosmosAssists","floor":25.0,"key":"SMITH"},{"data":"theSenshi:SailorMarsAssists","floor":32.0,"key":"SMITH"},{"floor":44,"key":"RECALL"},{"data":"theSenshi:SailorChibiMoonAssists","floor":46,"key":"SMITH"},{"data":"theSenshi:NeptunesGrace","floor":46,"key":"SMITH"},{"floor":49,"key":"REST"}],"circlet_count":0,"master_deck":["theSenshi:SailorBlock","theSenshi:SailorBlock","theSenshi:SailorBlock","theSenshi:SailorBlock","theSenshi:RoseThrow","theSenshi:MoonPrismPowerMakeUp","theSenshi:SupersonicWaves","theSenshi:SailorNeptuneAssists+1","theSenshi:SailorChibiMoonAssists","theSenshi:SupersonicWaves","theSenshi:SailorUranusAssists+1","theSenshi:VenusGlamour","theSenshi:SailorMarsAssists+1","theSenshi:TallSilhouette+1","theSenshi:SailorV","theSenshi:SailorCosmosAssists+1","theSenshi:SailorStarHealerAssists+1","theSenshi:SchoolBag","theSenshi:SailorStarFighterAssists+1","theSenshi:LateForSchool","theSenshi:SailorCosmosAssists","theSenshi:NeptunesGrace+1","theSenshi:KlutzyLuck+1","theSenshi:TallSilhouette+1","theSenshi:MoonHealingEscalation","theSenshi:MoonKick+1","theSenshi:SailorChibiMoonAssists+1","theSenshi:SchoolBag+1","Pot Of Greed","Pot Of Greed","Pot Of Greed","theSenshi:KlutzyLuck+1"],"relics":["theSenshi:TransformationBroochRelic","Golden Idol","Chameleon Ring","Quantum Egg","Gremlin Horn","Sozu","Pet Ghost","Darkstone Periapt","Ornamental Fan","Frozen Egg 2","Oddly Smooth Stone","Runic Dome","Replay:Arrowhead","Grinning Jar"],"acts_visited":["Exordium","TheCity","TheBeyond"],"potions_floor_usage":[37,37,50],"damage_taken":[{"damage":2.0,"enemies":"Small Slimes","floor":1.0,"turns":5.0},{"damage":2.0,"enemies":"2 Louse","floor":3.0,"turns":3.0},{"damage":5.0,"enemies":"Jaw Worm","floor":4.0,"turns":2.0},{"damage":0.0,"enemies":"Large Slime","floor":5.0,"turns":4.0},{"damage":13.0,"enemies":"Replay:BlueRogue","floor":8.0,"turns":7.0},{"damage":0.0,"enemies":"2 Fungi Beasts","floor":11.0,"turns":3.0},{"damage":8.0,"enemies":"Gremlin Gang","floor":13.0,"turns":3.0},{"damage":5.0,"enemies":"Gremlin Nob","floor":14.0,"turns":3.0},{"damage":20.0,"enemies":"Fading Forest","floor":16.0,"turns":11.0},{"damage":7.0,"enemies":"Shell Parasite","floor":18.0,"turns":6.0},{"damage":3.0,"enemies":"3 Byrds","floor":22.0,"turns":3.0},{"damage":6.0,"enemies":"Slavers","floor":24.0,"turns":3.0},{"damage":0.0,"enemies":"Gremlin Leader","floor":27.0,"turns":4.0},{"damage":4.0,"enemies":"Slavers","floor":31.0,"turns":3.0},{"damage":45.0,"enemies":"Pondfish","floor":33.0,"turns":17.0},{"damage":0,"enemies":"Orb Walker","floor":35,"turns":5},{"damage":0,"enemies":"3 Darklings","floor":36,"turns":3},{"damage":21,"enemies":"2 Orb Walkers","floor":37,"turns":6},{"damage":19,"enemies":"Sphere and 2 Shapes","floor":39,"turns":7},{"damage":3,"enemies":"Writhing Mass","floor":40,"turns":10},{"damage":0,"enemies":"3 Darklings","floor":42,"turns":4},{"damage":11,"enemies":"Transient","floor":45,"turns":5},{"damage":0,"enemies":"Reptomancer","floor":47,"turns":7},{"damage":30,"enemies":"Writhing Mass","floor":48,"turns":9},{"damage":115,"enemies":"Replay:Hell Engine","floor":50,"turns":24}],"seed_played":"-681362710719470093","potions_obtained":[{"floor":5.0,"key":"Ancient Potion"},{"floor":11.0,"key":"Energy Potion"},{"floor":13.0,"key":"champ:CounterPotion"},{"floor":16.0,"key":"AttackPotion"}],"is_trial":false,"path_per_floor":["M","$","M","M","M","R","?","E","T","R","M","?","M","E","R","B",null,"M","?","$","?","M","R","E","R","T","E","?","?","$","E","R","B",null,"M","M","?","$","M","M","?","M","T","R","M","R","E","M","R","B"],"character_chosen":"THE_SENSHI","items_purchased":["theSenshi:SailorNeptuneAssists","theSenshi:SailorChibiMoonAssists","theSenshi:SailorStarHealerAssists","theSenshi:MoonHealingEscalation"],"campfire_rested":1,"item_purchase_floors":[2,2,20,38],"current_hp_per_floor":[80,80,78,73,73,73,53,40,40,40,40,33,30,25,25,20,82,80,80,80,80,79,79,78,78,78,82,82,82,82,82,82,52,82,82,82,71,71,67,82,78,78,78,78,67,67,77,53,76,0,0],"gold":385,"neow_bonus":"TEN_PERCENT_HP_BONUS","is_daily":false,"chose_seed":false,"campfire_upgraded":8,"win_rate":0.0,"timestamp":1609540073,"path_taken":["M","$","M","M","M","R","?","E","T","R","M","?","M","E","R","BOSS","M","?","$","?","M","R","E","R","T","E","?","?","?","E","R","BOSS","M","M","?","$","M","M","?","M","T","R","M","R","E","M","R","BOSS"],"items_purchased_type":["Card","Card","Card","Card"],"build_version":"2020-12-22","purchased_purges":1,"victory":false,"max_hp_per_floor":[82,82,82,82,82,82,82,82,82,82,82,82,82,82,82,82,82,82,82,82,82,82,82,82,82,82,82,82,82,82,82,82,82,82,82,82,82,82,82,82,78,78,78,78,78,78,78,78,78,78,78],"card_choices":[{"not_picked":["theSenshi:MoonsReflection","theSenshi:SailorMarsAssists"],"picked":"theSenshi:SupersonicWaves","floor":1.0},{"not_picked":["theSenshi:MoonPrincessHalation","theSenshi:SchoolBag"],"picked":"theSenshi:SupersonicWaves","floor":3.0},{"not_picked":["theSenshi:SailorPlanetAttack","theSenshi:SupersonicWaves"],"picked":"theSenshi:SailorUranusAssists","floor":4.0},{"not_picked":["theSenshi:SteeledNerves","theSenshi:LateForSchool"],"picked":"theSenshi:VenusGlamour","floor":5.0},{"not_picked":["theSenshi:JupitersPower","theSenshi:CrisisMakeUp"],"picked":"theSenshi:SailorMarsAssists","floor":8.0},{"not_picked":["theSenshi:MoonPrincessHalation","theSenshi:SailorMarsAssists","theSenshi:MoonTiaraMagic"],"picked":"SKIP","floor":11.0},{"not_picked":["theSenshi:SupersonicWaves","theSenshi:MoonCrisisMakeUp"],"picked":"theSenshi:TallSilhouette","floor":13.0},{"not_picked":["theSenshi:TuxedoSmokingBomber","theSenshi:MoonCrisisMakeUp"],"picked":"theSenshi:SailorV","floor":14.0},{"not_picked":["theSenshi:InTheNameOfTheMoon","theSenshi:LunaSensingAllies"],"picked":"theSenshi:SailorCosmosAssists","floor":16.0},{"not_picked":["theSenshi:MoonPunch","theSenshi:TuxedoSmokingBomber+1","theSenshi:MoonCrystalPowerMakeUp"],"picked":"SKIP","floor":18.0},{"not_picked":["theSenshi:MoonPrincessHalation","theSenshi:SupersonicWaves"],"picked":"theSenshi:SailorStarFighterAssists+1","floor":22.0},{"not_picked":["theSenshi:MoonTiaraMagic","theSenshi:LateForSchool","theSenshi:Sidestep"],"picked":"SKIP","floor":24.0},{"not_picked":["theSenshi:MoonKick+1","theSenshi:SailorVenusAssists"],"picked":"theSenshi:LateForSchool","floor":27.0},{"not_picked":["theSenshi:VenusGlamour","theSenshi:LateForSchool","theSenshi:DramaticEntrance"],"picked":"SKIP","floor":31.0},{"not_picked":["theSenshi:FatedKiss+1","theSenshi:InTheNameOfTheMoon"],"picked":"theSenshi:SailorCosmosAssists","floor":33.0},{"not_picked":["theSenshi:LunasBite","theSenshi:SailorStarFighterAssists"],"picked":"theSenshi:NeptunesGrace","floor":35},{"not_picked":["theSenshi:Sidestep","theSenshi:MoonCrystalPowerMakeUp+1"],"picked":"theSenshi:KlutzyLuck+1","floor":36},{"not_picked":["theSenshi:MoonTiaraMagic+1","theSenshi:MoonCrystalPowerMakeUp+1"],"picked":"theSenshi:TallSilhouette+1","floor":37},{"not_picked":["theSenshi:MoonHealingEscalation+1","theSenshi:SailorStarFighterAssists","theSenshi:EncouragingSpeech"],"picked":"SKIP","floor":39},{"not_picked":["theSenshi:SailorVenusAssists","theSenshi:TallSilhouette"],"picked":"theSenshi:MoonKick+1","floor":40},{"not_picked":["theSenshi:LunasBite+1","theSenshi:MoonPunch+1"],"picked":"theSenshi:SailorChibiMoonAssists","floor":42},{"not_picked":["theSenshi:Sidestep+1","theSenshi:MoonPrincessHalation"],"picked":"theSenshi:SchoolBag+1","floor":45},{"not_picked":["theSenshi:MoonlightKnight+1","theSenshi:MercurysCunning"],"picked":"theSenshi:KlutzyLuck+1","floor":47},{"not_picked":["theSenshi:TuxedoSmokingBomber","theSenshi:MoonTiaraMagic","theSenshi:TallSilhouette"],"picked":"SKIP","floor":48}],"player_experience":669218,"relics_obtained":[{"floor":8.0,"key":"Chameleon Ring"},{"floor":9.0,"key":"Quantum Egg"},{"floor":14.0,"key":"Gremlin Horn"},{"floor":24.0,"key":"Darkstone Periapt"},{"floor":26.0,"key":"Ornamental Fan"},{"floor":27.0,"key":"Frozen Egg 2"},{"floor":31.0,"key":"Oddly Smooth Stone"},{"floor":37,"key":"Replay:Arrowhead"},{"floor":47,"key":"Grinning Jar"}],"event_choices":[{"damage_healed":0.0,"max_hp_gain":0.0,"max_hp_loss":0.0,"gold_gain":0.0,"event_name":"Golden Idol","player_choice":"Take Damage","floor":7.0,"gold_loss":0.0,"damage_taken":20.0,"relics_obtained":["Golden Idol"]},{"cards_removed":["theSenshi:SailorKick"],"damage_healed":0.0,"max_hp_gain":0.0,"max_hp_loss":0.0,"gold_gain":0.0,"event_name":"Golden Wing","player_choice":"Card Removal","floor":12.0,"gold_loss":0.0,"damage_taken":7.0},{"damage_healed":0.0,"max_hp_gain":0.0,"max_hp_loss":0.0,"gold_gain":0.0,"event_name":"Addict","player_choice":"Obtained Relic","floor":19.0,"gold_loss":85.0,"damage_taken":0.0,"relics_obtained":["Pet Ghost"]},{"damage_healed":0.0,"max_hp_gain":0.0,"max_hp_loss":0.0,"gold_gain":0.0,"event_name":"The Library","player_choice":"Read","floor":21.0,"gold_loss":0.0,"damage_taken":0.0,"cards_obtained":["theSenshi:SchoolBag"]},{"cards_removed":["theSenshi:SailorKick"],"damage_healed":0.0,"max_hp_gain":0.0,"max_hp_loss":0.0,"gold_gain":0.0,"event_name":"Beggar","player_choice":"Gave Gold","floor":28.0,"gold_loss":75.0,"damage_taken":0.0},{"cards_removed":["theSenshi:SailorKick"],"damage_healed":0.0,"max_hp_gain":0.0,"max_hp_loss":0.0,"gold_gain":0.0,"event_name":"Back to Basics","player_choice":"Elegance","floor":29.0,"gold_loss":0.0,"damage_taken":0.0},{"damage_healed":0,"gold_gain":0,"player_choice":"Fight","damage_taken":0,"max_hp_gain":0,"max_hp_loss":0,"event_name":"Mysterious Sphere","floor":37,"gold_loss":0},{"damage_healed":0,"gold_gain":0,"player_choice":"Max HP","damage_taken":0,"max_hp_gain":0,"max_hp_loss":4,"event_name":"Winding Halls","floor":41,"gold_loss":0}],"is_beta":false,"boss_relics":[{"not_picked":["Astrolabe","SlaversCollar"],"picked":"Sozu"},{"not_picked":["Pandora\u0027s Box","Fusion Hammer"],"picked":"Runic Dome"}],"items_purged_floors":[20],"is_endless":false,"potions_floor_spawned":[5,11,13,16,27,36,37,39,45,48],"killed_by":"Replay:Hell Engine","ascension_level":0}}