{"host":"5jyeqch4fosnsiz2","time":1609483704,"event":{"mods":["BaseMod","Bestiary","Colored Map","Colored Powertips","Filter the Spire","Minty Spire (QoL Compilation)","Relic Stats","StSLib","Waifu the Spire","ojb\u0027s Better Paths Mod","ojb\u0027s Info Mod"],"gold_per_floor":[113,113,138,162,187,227,227,0,0,0,25,65,88,106,106,106,106],"floor_reached":16,"playtime":937,"items_purged":["Strike_R"],"score":114,"play_id":"6da46e8f-0aac-4b67-ac7e-82f1c3277bc9","local_time":"20210101014824","is_ascension_mode":false,"campfire_choices":[{"data":"Flame Barrier","floor":7,"key":"SMITH"},{"data":"Clothesline","floor":10,"key":"SMITH"},{"data":"Bash","floor":15,"key":"SMITH"}],"circlet_count":0,"master_deck":["Strike_R","Strike_R","Strike_R","Strike_R","Defend_R","Defend_R","Defend_R","Defend_R","Bash+1","Clothesline+1","Flame Barrier+1","Headbutt","Shrug It Off","Bloodletting","Rage","Ghostly Armor","Reaper"],"relics":["Burning Blood","Golden Idol","Eternal Feather","PreservedInsect","Unceasing Top"],"acts_visited":["Exordium"],"potions_floor_usage":[6,11,11,16,16,16],"damage_taken":[{"damage":5,"enemies":"Small Slimes","floor":1,"turns":4},{"damage":3,"enemies":"Jaw Worm","floor":3,"turns":3},{"damage":5,"enemies":"2 Louse","floor":4,"turns":3},{"damage":0,"enemies":"Large Slime","floor":5,"turns":7},{"damage":24,"enemies":"Gremlin Nob","floor":6,"turns":4},{"damage":13,"enemies":"Gremlin Gang","floor":11,"turns":7},{"damage":34,"enemies":"Lagavulin","floor":12,"turns":8},{"damage":2,"enemies":"Looter","floor":13,"turns":3},{"damage":10,"enemies":"2 Fungi Beasts","floor":14,"turns":5},{"damage":47,"enemies":"Hexaghost","floor":16,"turns":16}],"seed_played":"-5467147647457448185","potions_obtained":[{"floor":0,"key":"Dexterity Potion"},{"floor":0,"key":"LiquidBronze"},{"floor":0,"key":"Ancient Potion"},{"floor":6,"key":"ColorlessPotion"},{"floor":11,"key":"ElixirPotion"},{"floor":12,"key":"GamblersBrew"}],"is_trial":false,"path_per_floor":["M","?","M","M","M","E","R","$","T","R","M","E","M","M","R","B"],"character_chosen":"IRONCLAD","items_purchased":["PreservedInsect"],"campfire_rested":0,"item_purchase_floors":[8],"current_hp_per_floor":[80,60,63,64,70,52,58,58,58,64,57,29,33,29,38,0,0],"gold":106,"neow_bonus":"THREE_SMALL_POTIONS","is_daily":false,"chose_seed":false,"campfire_upgraded":3,"win_rate":0.0,"timestamp":1609483704,"path_taken":["M","?","M","M","M","E","R","$","T","R","M","E","M","M","R","BOSS"],"items_purchased_type":["Relic"],"build_version":"2020-12-22","purchased_purges":1,"victory":false,"max_hp_per_floor":[80,80,80,80,80,80,80,80,80,80,80,80,80,80,80,80,80],"relic_stats":{"counters":[10,60],"Golden Idol":45,"Eternal Feather":21,"PreservedInsect":35,"obtain_stats":[{"Golden Idol":2,"Eternal Feather":6,"PreservedInsect":8,"Burning Blood":0,"Unceasing Top":12},{"Golden Idol":1,"Eternal Feather":5,"PreservedInsect":5,"Burning Blood":0,"Unceasing Top":7},{"Golden Idol":4,"Eternal Feather":21,"PreservedInsect":21,"Burning Blood":0,"Unceasing Top":36}],"Burning Blood":53,"Unceasing Top":[2]},"card_choices":[{"not_picked":["Twin Strike","Warcry"],"picked":"Clothesline","floor":1},{"not_picked":["Thunderclap","Sword Boomerang"],"picked":"Flame Barrier","floor":3},{"not_picked":["Intimidate","Bloodletting"],"picked":"Headbutt","floor":4},{"not_picked":["Warcry","Armaments","Body Slam"],"picked":"SKIP","floor":5},{"not_picked":["Clothesline","Thunderclap"],"picked":"Shrug It Off","floor":6},{"not_picked":["Sentinel","Body Slam"],"picked":"Bloodletting","floor":11},{"not_picked":["Uppercut","Pommel Strike"],"picked":"Rage","floor":12},{"not_picked":["Heavy Blade","Clash"],"picked":"Ghostly Armor","floor":13},{"not_picked":["Flex","Pommel Strike"],"picked":"Reaper","floor":14}],"player_experience":282246,"relics_obtained":[{"floor":6,"key":"Eternal Feather"},{"floor":12,"key":"Unceasing Top"}],"event_choices":[{"damage_healed":0,"gold_gain":0,"player_choice":"Take Damage","damage_taken":20,"relics_obtained":["Golden Idol"],"max_hp_gain":0,"max_hp_loss":0,"event_name":"Golden Idol","floor":2,"gold_loss":0}],"is_beta":false,"boss_relics":[],"items_purged_floors":[8],"is_endless":false,"potions_floor_spawned":[6,11,12],"killed_by":"Hexaghost","ascension_level":0}}