{"host":"qhhcmep1unj6mpf7","time":1609503087,"event":{"mods":["2.2 Compatiblity","AchievementEnabler","BaseMod","Colored Map","DeckTracker","Highlight Path","Keyboard Shortcuts","Minty Spire (QoL Compilation)","Permanent Neow","Quick Restart","Random Character Button","StSLib","SuperFastMode","everything is the same but u backflip on backflip"],"gold_per_floor":[112,129,129,129,147,147,165,8,8,8,83,103,103,130,130,231,231,244,25,38,51,51,51,71,100,100,100,0,33,33,33],"floor_reached":30,"playtime":1212,"items_purged":["Defend_G","Strike_G"],"score":310,"play_id":"b7bf1d70-78a2-4b24-affc-d90f7f47aa1b","local_time":"20210101211127","is_ascension_mode":true,"campfire_choices":[{"data":"Accuracy","floor":6,"key":"SMITH"},{"data":"Accuracy","floor":10,"key":"SMITH"},{"data":"Blade Dance","floor":13,"key":"SMITH"},{"data":"Acrobatics","floor":15,"key":"SMITH"},{"data":"Finisher","floor":23,"key":"SMITH"},{"floor":27,"key":"REST"}],"circlet_count":0,"master_deck":["Strike_G","Strike_G","Defend_G","Defend_G","Defend_G","Defend_G","Survivor","Neutralize","Blade Dance+1","Accuracy+1","Venomology","Accuracy+1","Acrobatics+1","Backflip","CurseOfTheBell","Finisher+1","Deadly Poison+1","Cloak And Dagger","Blade Dance"],"relics":["Ring of the Snake","Eternal Feather","Boot","Calling Bell","Nunchaku","Shuriken","Tingsha","Sling","Anchor","Dead Branch","Lantern"],"acts_visited":["Exordium","TheCity"],"potions_floor_usage":[12,20,21,24,24,24,24,25,29,29,30,30,30],"damage_taken":[{"damage":2,"enemies":"Jaw Worm","floor":1,"turns":9},{"damage":0,"enemies":"2 Louse","floor":2,"turns":2},{"damage":0,"enemies":"Cultist","floor":5,"turns":3},{"damage":15,"enemies":"Lots of Slimes","floor":7,"turns":5},{"damage":0,"enemies":"2 Fungi Beasts","floor":12,"turns":4},{"damage":22,"enemies":"Hexaghost","floor":16,"turns":8},{"damage":0,"enemies":"Chosen","floor":18,"turns":3},{"damage":11,"enemies":"2 Thieves","floor":20,"turns":3},{"damage":13,"enemies":"Snake Plant","floor":21,"turns":4},{"damage":0,"enemies":"3 Cultists","floor":24,"turns":3},{"damage":35,"enemies":"Gremlin Leader","floor":25,"turns":5},{"damage":28,"enemies":"Book of Stabbing","floor":29,"turns":4},{"damage":20,"enemies":"Colosseum Slavers","floor":30,"turns":4},{"damage":10,"enemies":"Colosseum Nobs","floor":30,"turns":2}],"seed_played":"3335807414022737473","potions_obtained":[{"floor":16,"key":"Weak Potion"},{"floor":20,"key":"LiquidBronze"},{"floor":21,"key":"EntropicBrew"}],"is_trial":false,"path_per_floor":["M","M","?","?","M","R","M","$","T","R","?","M","R","T","R","B",null,"M","$","M","M","$","R","M","E","T","R","$","E","?"],"character_chosen":"THE_SILENT","items_purchased":["Accuracy","Acrobatics","Finisher","Sling"],"campfire_rested":1,"item_purchase_floors":[8,8,19,19],"current_hp_per_floor":[47,47,47,29,29,35,20,20,20,26,15,15,24,24,33,11,70,70,70,59,46,46,55,55,20,20,50,50,22,0,0],"gold":33,"neow_bonus":"REMOVE_TWO","is_daily":false,"chose_seed":false,"campfire_upgraded":5,"win_rate":0.0,"timestamp":1609503087,"path_taken":["M","M","?","?","M","R","M","$","T","R","?","?","R","?","R","BOSS","M","?","M","M","$","R","?","E","T","R","$","E","?"],"items_purchased_type":["Card","Card","Card","Relic"],"build_version":"2020-12-22","purchased_purges":2,"victory":false,"max_hp_per_floor":[70,70,70,70,70,70,70,70,70,70,70,70,70,70,70,70,70,70,70,70,70,70,70,70,70,70,70,70,70,70,70],"card_choices":[{"not_picked":["PiercingWail","Escape Plan"],"picked":"Blade Dance","floor":1},{"not_picked":["Bane","Quick Slash","Flechettes"],"picked":"SKIP","floor":2},{"not_picked":["Flying Knee","Backflip"],"picked":"Accuracy","floor":5},{"not_picked":["Sucker Punch","Caltrops"],"picked":"Venomology","floor":7},{"not_picked":["Dodge and Roll","Bane"],"picked":"Backflip","floor":12},{"not_picked":["Dash+1","Heel Hook","Backflip"],"picked":"SKIP","floor":18},{"not_picked":["Acrobatics","Sucker Punch","Underhanded Strike"],"picked":"SKIP","floor":20},{"not_picked":["Heel Hook","Dagger Spray+1"],"picked":"Deadly Poison+1","floor":21},{"not_picked":["Dagger Throw","Flechettes","Backstab"],"picked":"SKIP","floor":24},{"not_picked":["Venomology","Footwork"],"picked":"Cloak And Dagger","floor":25},{"not_picked":["Heel Hook","Crippling Poison"],"picked":"Blade Dance","floor":29}],"player_experience":331310,"relics_obtained":[{"floor":14,"key":"Boot"},{"floor":17,"key":"Nunchaku"},{"floor":17,"key":"Shuriken"},{"floor":17,"key":"Tingsha"},{"floor":25,"key":"Anchor"},{"floor":26,"key":"Dead Branch"},{"floor":29,"key":"Lantern"}],"event_choices":[{"damage_healed":0,"gold_gain":0,"player_choice":"Leave","damage_taken":0,"max_hp_gain":0,"max_hp_loss":0,"event_name":"The Cleric","floor":3,"gold_loss":0},{"damage_healed":0,"gold_gain":0,"player_choice":"Success","damage_taken":18,"relics_obtained":["Eternal Feather"],"max_hp_gain":0,"max_hp_loss":0,"event_name":"Scrap Ooze","floor":4,"gold_loss":0},{"damage_healed":0,"gold_gain":75,"player_choice":"Gather Gold","damage_taken":11,"max_hp_gain":0,"max_hp_loss":0,"event_name":"World of Goop","floor":11,"gold_loss":0},{"damage_healed":0,"gold_gain":0,"player_choice":"Fight","damage_taken":0,"max_hp_gain":0,"max_hp_loss":0,"event_name":"Colosseum","floor":30,"gold_loss":0},{"damage_healed":0,"gold_gain":0,"player_choice":"Fought Nobs","damage_taken":0,"max_hp_gain":0,"max_hp_loss":0,"event_name":"Colosseum","floor":30,"gold_loss":0}],"is_beta":false,"boss_relics":[{"not_picked":["SacredBark","HoveringKite"],"picked":"Calling Bell"}],"items_purged_floors":[8,28],"is_endless":false,"potions_floor_spawned":[16,20,21,30],"killed_by":"Colosseum Nobs","ascension_level":4}}