{"host":"0cm5wy4nhuju7tij","time":1609477823,"event":{"mods":["2.2 Compatiblity","AchievementEnabler","Arknights The Spire","Aspiration","BaseMod","Better Third Choice","BetterRewards","CCEM","CapriCore","Colored Powertips","Custom Start","Displayed Cursed Tome","Downfall","Energized Spire","Evolution","Filter the Spire","Fireblade Mod","Highlight Path","Jess\u0027s Bottle","Minty Spire (QoL Compilation)","Permanent Neow","Relic Stats","Shop Mod","Spicy Shops","StSLib","The Servant 0.9.4"],"gold_per_floor":[119,133,147,222,239,239,268,278,326,338,34,34,44,64,64,164,164,181,200,200,81,93,93,124,124,124,135,151,151,151],"floor_reached":29,"playtime":1913,"items_purged":[],"score":276,"play_id":"9229c4b9-a2c1-45ca-872a-6d5162a7358c","local_time":"20210101001023","is_ascension_mode":false,"campfire_choices":[{"data":"ats:Counter Healing Mode","floor":6,"key":"SMITH"},{"floor":12,"key":"REST"},{"floor":15,"key":"REST"},{"floor":23,"key":"REST"},{"floor":25,"key":"REST"}],"circlet_count":0,"master_deck":["ats:Poison Spread","ats:Poison Spread","ats:Poison Spread","ats:Poison Spread","ats:Armor Crushing Shot","ats:Shell Defense","ats:Shell Defense","ats:Defend","ats:Defend","ats:Emotion Absorption","ats:Hammer On","ats:Consecutive Shot Auto","ats:Counter Healing Mode+1","ats:Volcano","ats:Overload","ats:Leaping Hammer","ats:Apocalypse","ats:Neurotoxin","ats:Poison Spread","ats:Flexible Camouflage","ats:Explosion Area Strengthen","ats:Flexible Camouflage","ats:Roar Of Ursus","ats:Assault Order","ats:Roar Of Ursus","ats:Mental Burst","ats:Powerful Strike","ats:Automatic Cover","ats:Shell Defense","ats:Apocalypse+1","ats:Neurotoxin"],"relics":["ats:Sanity","EVO:Axolotl","aspiration:Nostalgia","Cracked Core","ats:Originium","Art of War","PreservedInsect","Anchor","jessBottle:WaterBottleRelic","The Courier"],"acts_visited":["Exordium","TheCity"],"potions_floor_usage":[28],"damage_taken":[{"damage":0,"enemies":"2 Louse","floor":1,"turns":2},{"damage":4,"enemies":"Jaw Worm","floor":2,"turns":2},{"damage":0,"enemies":"Small Slimes","floor":3,"turns":2},{"damage":3,"enemies":"Gremlin Gang","floor":5,"turns":4},{"damage":32,"enemies":"3 Sentries","floor":7,"turns":8},{"damage":10,"enemies":"2 Fungi Beasts","floor":8,"turns":3},{"damage":11,"enemies":"Exordium Wildlife","floor":10,"turns":3},{"damage":0,"enemies":"Looter","floor":13,"turns":2},{"damage":0,"enemies":"Gremlin Gang","floor":14,"turns":2},{"damage":54,"enemies":"The Guardian","floor":16,"turns":10},{"damage":25,"enemies":"2 Thieves","floor":18,"turns":3},{"damage":20,"enemies":"Spheric Guardian","floor":19,"turns":4},{"damage":25,"enemies":"Centurion and Healer","floor":22,"turns":6},{"damage":20,"enemies":"Book of Stabbing","floor":24,"turns":3},{"damage":25,"enemies":"Snake Plant","floor":27,"turns":3},{"damage":31,"enemies":"Shelled Parasite and Fungi","floor":28,"turns":7},{"damage":19,"enemies":"Cultist and Chosen","floor":29,"turns":4}],"seed_played":"1904349109870819569","potions_obtained":[{"floor":2,"key":"Weak Potion"},{"floor":5,"key":"Ancient Potion"},{"floor":14,"key":"Block Potion"},{"floor":28,"key":"DistilledChaos"}],"is_trial":false,"path_per_floor":["M","M","M","?","M","R","E","M","T","M","$","R","M","M","R","B",null,"M","M","?","$","M","R","E","R","T","M","M","M"],"character_chosen":"DOCTOR_CLASS","items_purchased":["Anchor","ats:Neurotoxin","ats:Poison Spread","ats:Flexible Camouflage","ats:Mental Burst","ats:Powerful Strike"],"campfire_rested":4,"item_purchase_floors":[11,11,11,11,21,21],"current_hp_per_floor":[72,68,68,57,57,57,37,27,27,16,16,37,41,43,64,33,72,47,30,30,30,17,38,18,39,39,17,11,0,0],"gold":151,"neow_bonus":"NOSTALGIA","is_daily":false,"chose_seed":false,"campfire_upgraded":1,"win_rate":0.0,"timestamp":1609477823,"path_taken":["M","M","M","?","M","R","E","M","T","M","$","R","M","M","R","BOSS","M","M","?","$","M","R","E","R","T","M","M","M"],"items_purchased_type":["Relic","Card","Card","Card","Card","Card"],"build_version":"2020-12-22","purchased_purges":0,"victory":false,"max_hp_per_floor":[72,72,72,72,72,72,72,72,72,72,72,72,72,72,72,72,72,72,72,72,72,72,72,72,72,72,72,72,72,72],"relic_stats":{"counters":[17,67],"PreservedInsect":40,"Art of War":[4],"obtain_stats":[{"Anchor":11,"ats:Originium":7,"aspiration:Nostalgia":0,"PreservedInsect":9,"The Courier":24,"Art of War":7,"EVO:Axolotl":0,"ats:Sanity":0,"Cracked Core":0,"jessBottle:WaterBottleRelic":17},{"Anchor":7,"ats:Originium":5,"aspiration:Nostalgia":0,"PreservedInsect":6,"The Courier":14,"Art of War":5,"EVO:Axolotl":0,"ats:Sanity":0,"Cracked Core":0,"jessBottle:WaterBottleRelic":10},{"Anchor":24,"ats:Originium":18,"aspiration:Nostalgia":0,"PreservedInsect":21,"The Courier":53,"Art of War":18,"EVO:Axolotl":0,"ats:Sanity":0,"Cracked Core":0,"jessBottle:WaterBottleRelic":38}]},"card_choices":[{"not_picked":["ats:Apocalypse","ats:Shell Defense"],"picked":"ats:Hammer On","floor":1},{"not_picked":["ats:Explosion Area Strengthen","ats:Guardian Obelisk"],"picked":"ats:Consecutive Shot Auto","floor":2},{"not_picked":["ats:Consecutive Shot Auto","ats:Powerful Strike"],"picked":"ats:Counter Healing Mode","floor":3},{"not_picked":["ats:Automatic Cover","ats:Explosion Area Strengthen"],"picked":"ats:Volcano","floor":5},{"not_picked":["ats:Mental Burst","ats:Poison Spread"],"picked":"ats:Overload","floor":7},{"not_picked":["ats:Curse Doll","ats:Chain Hook"],"picked":"ats:Leaping Hammer","floor":8},{"not_picked":["ats:Thermite Blade","ats:Curse Doll"],"picked":"ats:Apocalypse","floor":10},{"not_picked":["ats:Childhood Dance","ats:Assault Order"],"picked":"ats:Explosion Area Strengthen","floor":13},{"not_picked":["ats:Demon Strength","ats:Curse Doll"],"picked":"ats:Flexible Camouflage","floor":14},{"not_picked":["ats:True Silver Slash","ats:Soul Rend"],"picked":"ats:Roar Of Ursus","floor":16},{"not_picked":["ats:Powerful Strike","ats:Cat Scratch"],"picked":"ats:Assault Order","floor":18},{"not_picked":["ats:Composite Medical Shells","ats:Shell Defense"],"picked":"ats:Roar Of Ursus","floor":19},{"not_picked":["ats:Hammer On","ats:Healing Drone"],"picked":"ats:Automatic Cover","floor":22},{"not_picked":["ats:Assault Order","ats:Spore Proliferation"],"picked":"ats:Shell Defense","floor":24},{"not_picked":["ats:Revitalization+1","ats:Automatic Cover"],"picked":"ats:Apocalypse+1","floor":27},{"not_picked":["ats:Poison Spread","ats:Hammer On"],"picked":"ats:Neurotoxin","floor":28}],"player_experience":232495,"relics_obtained":[{"floor":7,"key":"ats:Originium"},{"floor":7,"key":"Art of War"},{"floor":9,"key":"PreservedInsect"},{"floor":24,"key":"ats:Originium"},{"floor":24,"key":"The Courier"}],"event_choices":[{"damage_healed":0,"gold_gain":75,"player_choice":"Gold","damage_taken":11,"max_hp_gain":0,"max_hp_loss":0,"event_name":"betterThird:BetterGoop","floor":4,"gold_loss":0}],"is_beta":false,"boss_relics":[{"not_picked":["aspiration:RitualDagger","Coffee Dripper"],"picked":"jessBottle:WaterBottleRelic"}],"items_purged_floors":[],"is_endless":false,"potions_floor_spawned":[1,2,5,14,24,28],"killed_by":"Cultist and Chosen","ascension_level":0}}