{"host":"tva948ojjycf0txh","time":1609524340,"event":{"mods":["BaseMod","Minty Spire (QoL Compilation)","Replay The Spire","StSLib"],"gold_per_floor":[119,119,136,136,136,152,169,169,169,200,200,200,230,250,261,271,271,373,373,392,442,474,496,176,176,205,215,295,295,235,247,6,21,21,125,125,142,142,31,44,56,75,75,75,75,75],"floor_reached":45,"playtime":4341,"items_purged":["Voices"],"score":474,"play_id":"a613454c-07c6-48d9-b0f5-357ea810cba2","local_time":"20210102020540","is_ascension_mode":false,"campfire_choices":[{"data":"Armaments","floor":8,"key":"SMITH"},{"data":"Demon Form","floor":12,"key":"SMITH"},{"floor":17,"key":"REST"},{"floor":25,"key":"REST"},{"floor":29,"key":"REST"},{"floor":34,"key":"REST"}],"circlet_count":0,"master_deck":["Strike_R+1","Strike_R+1","Strike_R+1","Strike_R+1","Strike_R+1","Defend_R","Defend_R","Defend_R","Bash","Armaments+1","Carnage+1","Searing Blow","Cleave","Thunderclap","Demon Form+1","Warcry","Shrug It Off+1","Battle Trance","ReplayTheSpireMod:Muscle Training","Limit Break","Eclipse","Flex+1","ReplayTheSpireMod:LeadingStrike","ReplayTheSpireMod:Stacked+1","Metallicize","Thinking Ahead","Finesse+1","Pommel Strike+1","Flex","Spreading Infection","Sword Boomerang","Dark Embrace","Warcry","Abandon","Body Slam","Spreading Infection","Double Tap","Massacre+1","Rage","Replay:BasicMightCard","Uppercut","ReplayTheSpireMod:Limb From Limb+1","Injury","Anger"],"relics":["Black Blood","NeowsBlessing","Bag of Preparation","Paper Frog","Another Sword","Fusion Hammer","ReplayTheSpireMod:Ring of Collecting","Ring of Greed","MawBank","Membership Card","War Paint","Gremlin Food","Ring of Panic","Replay:Bottled Steam","Replay:Bottled Eggs","Vajra"],"acts_visited":["Exordium","TheCity","TheBeyond"],"potions_floor_usage":[10,18,18,26,35,35,42,42,42,45],"damage_taken":[{"damage":0,"enemies":"Small Slimes","floor":1,"turns":1},{"damage":0,"enemies":"Cultist","floor":3,"turns":1},{"damage":0,"enemies":"Jaw Worm","floor":6,"turns":1},{"damage":10,"enemies":"3 Louse","floor":7,"turns":3},{"damage":6,"enemies":"Gremlin Nob","floor":10,"turns":3},{"damage":26,"enemies":"3 Sentries","floor":13,"turns":5},{"damage":5,"enemies":"Looter","floor":14,"turns":2},{"damage":4,"enemies":"Gremlin Gang","floor":15,"turns":4},{"damage":5,"enemies":"2 Fungi Beasts","floor":16,"turns":2},{"damage":56,"enemies":"Hexaghost","floor":18,"turns":7},{"damage":15,"enemies":"Shell Parasite","floor":20,"turns":5},{"damage":10,"enemies":"2 Thieves","floor":22,"turns":3},{"damage":13,"enemies":"Centurion and Healer","floor":23,"turns":4},{"damage":29,"enemies":"Gremlin Leader","floor":26,"turns":6},{"damage":16,"enemies":"Chosen and Byrds","floor":27,"turns":6},{"damage":15,"enemies":"Snake Plant","floor":31,"turns":2},{"damage":0,"enemies":"Snecko","floor":33,"turns":2},{"damage":47,"enemies":"Collector","floor":35,"turns":7},{"damage":78,"enemies":"3 Darklings","floor":37,"turns":7},{"damage":0,"enemies":"Orb Walker","floor":40,"turns":2},{"damage":21,"enemies":"4 Shapes","floor":41,"turns":3},{"damage":53,"enemies":"Writhing Mass","floor":42,"turns":5},{"damage":26,"enemies":"Maw","floor":45,"turns":2}],"seed_played":"7283911291497781342","potions_obtained":[{"floor":3,"key":"SneckoOil"},{"floor":10,"key":"Milkshake"},{"floor":14,"key":"Venom Potion"},{"floor":18,"key":"LifebloodPotion"},{"floor":22,"key":"GamblersBrew"},{"floor":26,"key":"Dexterity Potion"},{"floor":27,"key":"Dexterity Potion"},{"floor":33,"key":"Swift Potion"},{"floor":41,"key":"Fire Potion"},{"floor":42,"key":"Elixir"}],"is_trial":false,"path_per_floor":["M","?","M","PTL","PTL","M","M","R","?","E","T","R","E","M","M","M","R","B",null,"M","?","M","M","$","R","E","M","T","R","?","M","$","M","R","B",null,"M","?","$","M","M","M","PTL","PTL","M"],"character_chosen":"IRONCLAD","items_purchased":["War Paint","Metallicize","Thinking Ahead","Finesse","Pommel Strike+1","Flex","Replay:Bottled Eggs","Vajra","Abandon","Rage","Replay:BasicMightCard","ColorlessPotion"],"campfire_rested":4,"item_purchase_floors":[24,24,24,24,24,24,32,32,32,39,39,39],"current_hp_per_floor":[80,80,80,80,80,80,76,76,76,76,76,76,56,57,59,60,80,30,80,71,71,67,60,60,80,66,56,56,80,80,71,71,77,80,39,80,14,70,70,70,61,20,20,20,0,0],"gold":75,"neow_bonus":"THREE_ENEMY_KILL","is_daily":false,"chose_seed":false,"campfire_upgraded":2,"win_rate":0.0,"timestamp":1609524340,"path_taken":["M","?","M","PTL","PTL","M","M","R","?","E","T","R","E","M","M","?","R","BOSS","M","?","M","M","$","R","E","M","T","R","?","M","$","M","R","BOSS","M","?","$","M","M","M","PTL","PTL","M"],"items_purchased_type":["Relic","Card","Card","Card","Card","Card","Relic","Relic","Card","Card","Card","Potion"],"build_version":"2020-12-22","purchased_purges":1,"victory":false,"max_hp_per_floor":[80,80,80,80,80,80,80,80,80,80,80,80,80,80,80,80,80,80,80,80,80,80,80,80,80,80,80,80,80,80,80,80,80,80,80,80,80,70,70,70,70,70,70,70,70,70],"card_choices":[{"not_picked":["Perfected Strike","Fire Breathing"],"picked":"Armaments","floor":1},{"not_picked":["Replay:Undeath\u0027s Touch","Massacre"],"picked":"Searing Blow","floor":3},{"not_picked":["Clothesline","Sword Boomerang"],"picked":"Cleave","floor":6},{"not_picked":["Headbutt","Replay:Undeath\u0027s Touch"],"picked":"Thunderclap","floor":7},{"not_picked":["Carnage","Barricade"],"picked":"Warcry","floor":10},{"not_picked":["Replay:Undeath\u0027s Touch","Run Through"],"picked":"Shrug It Off","floor":13},{"not_picked":["Flex","Armaments"],"picked":"Battle Trance","floor":14},{"not_picked":["Twin Strike","Blood for Blood"],"picked":"ReplayTheSpireMod:Muscle Training","floor":15},{"not_picked":["Sever Soul","Heavy Blade"],"picked":"Limit Break","floor":16},{"not_picked":["Feed","Brutality"],"picked":"Eclipse","floor":18},{"not_picked":["Run Through","Clash"],"picked":"Flex+1","floor":20},{"not_picked":["Shrug It Off","Clash"],"picked":"ReplayTheSpireMod:LeadingStrike","floor":22},{"not_picked":["Anger","Offering"],"picked":"ReplayTheSpireMod:Stacked","floor":23},{"not_picked":["Flex","Clothesline"],"picked":"Sword Boomerang","floor":26},{"not_picked":["Clash","Perfected Strike"],"picked":"Dark Embrace","floor":27},{"not_picked":["Iron Wave","Flex"],"picked":"Warcry","floor":31},{"not_picked":["ReplayTheSpireMod:Strike From Hell","Cleave"],"picked":"Body Slam","floor":33},{"not_picked":["Impervious","Limit Break"],"picked":"Double Tap","floor":35},{"not_picked":["Thunderclap+1","ReplayTheSpireMod:Limb From Limb"],"picked":"Massacre+1","floor":37},{"not_picked":["Abandon+1","Twin Strike+1"],"picked":"Uppercut","floor":40},{"not_picked":["Iron Wave","Pommel Strike"],"picked":"ReplayTheSpireMod:Limb From Limb+1","floor":41},{"not_picked":["Disarm","Massacre"],"picked":"Anger","floor":42}],"player_experience":14935,"relics_obtained":[{"floor":10,"key":"Bag of Preparation"},{"floor":11,"key":"Paper Frog"},{"floor":13,"key":"Another Sword"},{"floor":21,"key":"ReplayTheSpireMod:Ring of Collecting"},{"floor":21,"key":"Ring of Greed"},{"floor":21,"key":"MawBank"},{"floor":21,"key":"Membership Card"},{"floor":26,"key":"Gremlin Food"},{"floor":28,"key":"Ring of Panic"},{"floor":28,"key":"Replay:Bottled Steam"}],"event_choices":[{"damage_healed":0,"gold_gain":0,"cards_transformed":["Defend_R"],"player_choice":"Change","damage_taken":0,"max_hp_gain":0,"max_hp_loss":0,"event_name":"Living Wall","floor":2,"gold_loss":0,"cards_obtained":["Carnage"]},{"damage_healed":0,"gold_gain":0,"player_choice":"1 cards matched","damage_taken":0,"max_hp_gain":0,"max_hp_loss":0,"event_name":"Match and Keep!","floor":9,"gold_loss":0,"cards_obtained":["Demon Form"]},{"damage_healed":70,"gold_gain":0,"player_choice":"Heal","damage_taken":0,"max_hp_gain":0,"max_hp_loss":10,"event_name":"The Moai Head","floor":38,"gold_loss":0}],"is_beta":false,"boss_relics":[{"not_picked":["Velvet Choker","Runic Dome"],"picked":"Fusion Hammer"},{"not_picked":["Empty Cage","ReplayTheSpireMod:DimensionalGlitch"],"picked":"Black Blood"}],"items_purged_floors":[24],"is_endless":false,"potions_floor_spawned":[3,10,14,18,22,26,27,33,41,42],"killed_by":"Maw","ascension_level":0}}