{"host":"2se5dq1do2gp0x9k","time":1609482166,"event":{"mods":["AchievementEnabler","BaseMod","Block Reminder","Colored Map","Colored Powertips","Minty Spire (QoL Compilation)","Relic Stats","StSLib","SuperFastMode"],"gold_per_floor":[119,136,101,120,1,1,1,33,80,80,107,107,120,137,137,208,208,220,220,220,98,118,147,161,161,208,208,228,255,255,280,280,354,354,372,372,386,81,98,132,150,176,176,203,203,214,56,14,14,14,14,14,14,14,40,40],"floor_reached":57,"playtime":3093,"items_purged":["Strike_R","Strike_R"],"score":3241,"play_id":"a722ab82-a6dd-4848-81d8-0a0685634dd6","local_time":"20201231222246","is_ascension_mode":true,"campfire_choices":[{"data":"Shockwave","floor":6.0,"key":"SMITH"},{"data":"Corruption","floor":10.0,"key":"SMITH"},{"data":"Evolve","floor":12.0,"key":"SMITH"},{"data":"True Grit","floor":15.0,"key":"SMITH"},{"data":"Dark Embrace","floor":25.0,"key":"SMITH"},{"floor":27.0,"key":"RECALL"},{"data":"Sentinel","floor":30.0,"key":"SMITH"},{"data":"Warcry","floor":32.0,"key":"SMITH"},{"data":"Strike_R","floor":45.0,"key":"PURGE"},{"data":"Strike_R","floor":49.0,"key":"PURGE"},{"data":"Bash","floor":53.0,"key":"PURGE"}],"circlet_count":0,"master_deck":["AscendersBane","Defend_R","Defend_R","Defend_R","Defend_R","Shockwave+1","Clothesline","Evolve+1","Feel No Pain","Corruption+1","Seeing Red","Shrug It Off","True Grit+1","Reaper","Flame Barrier","Dark Embrace+1","Flame Barrier","Carnage","Sentinel+1","Impervious","Warcry+1","Juggernaut","CurseOfTheBell","Seeing Red+1","Sever Soul+1","Flame Barrier","Protect","Caltrops","Warcry","Deflect+1","Coolheaded","True Grit+1","Second Wind","Outmaneuver+1"],"relics":["Burning Blood","Dead Branch","Blood Vial","Oddly Smooth Stone","Mango","Snecko Eye","Gambling Chip","Art of War","Shuriken","Calling Bell","Dream Catcher","Molten Egg 2","Peace Pipe","PrismaticShard","Boot","Question Card","InkBottle","Mercury Hourglass","OrangePellets","Pen Nib"],"acts_visited":["Exordium","TheCity","TheBeyond","TheEnding"],"potions_floor_usage":[56,56],"damage_taken":[{"damage":4.0,"enemies":"2 Louse","floor":1.0,"turns":5.0},{"damage":12.0,"enemies":"Jaw Worm","floor":2.0,"turns":3.0},{"damage":3.0,"enemies":"Cultist","floor":4.0,"turns":5.0},{"damage":11.0,"enemies":"3 Sentries","floor":8.0,"turns":9.0},{"damage":0.0,"enemies":"Lagavulin","floor":11.0,"turns":4.0},{"damage":16.0,"enemies":"3 Louse","floor":13.0,"turns":3.0},{"damage":19.0,"enemies":"Large Slime","floor":14.0,"turns":4.0},{"damage":8.0,"enemies":"Hexaghost","floor":16.0,"turns":4.0},{"damage":3.0,"enemies":"Spheric Guardian","floor":18.0,"turns":3.0},{"damage":6.0,"enemies":"Shell Parasite","floor":22.0,"turns":2.0},{"damage":3.0,"enemies":"Book of Stabbing","floor":23.0,"turns":4.0},{"damage":9.0,"enemies":"Sentry and Sphere","floor":24.0,"turns":2.0},{"damage":9.0,"enemies":"Snecko","floor":28.0,"turns":4.0},{"damage":0.0,"enemies":"Slavers","floor":29.0,"turns":2.0},{"damage":6.0,"enemies":"Gremlin Leader","floor":31.0,"turns":4.0},{"damage":20.0,"enemies":"Automaton","floor":33.0,"turns":6.0},{"damage":0.0,"enemies":"Orb Walker","floor":35.0,"turns":2.0},{"damage":0.0,"enemies":"3 Darklings","floor":37.0,"turns":2.0},{"damage":46.0,"enemies":"Transient","floor":39.0,"turns":5.0},{"damage":2.0,"enemies":"Nemesis","floor":40.0,"turns":3.0},{"damage":5.0,"enemies":"4 Shapes","floor":41.0,"turns":3.0},{"damage":2.0,"enemies":"Reptomancer","floor":42.0,"turns":2.0},{"damage":6.0,"enemies":"Nemesis","floor":44.0,"turns":3.0},{"damage":0.0,"enemies":"Maw","floor":46.0,"turns":3.0},{"damage":9.0,"enemies":"Awakened One","floor":50.0,"turns":2.0},{"damage":21.0,"enemies":"Time Eater","floor":51.0,"turns":10.0},{"damage":39.0,"enemies":"Shield and Spear","floor":55.0,"turns":4.0},{"damage":20,"enemies":"The Heart","floor":56,"turns":6}],"seed_played":"7074944702271799275","potions_obtained":[{"floor":1.0,"key":"LiquidBronze"},{"floor":8.0,"key":"Weak Potion"},{"floor":24.0,"key":"PowerPotion"},{"floor":55.0,"key":"Ancient Potion"}],"is_trial":false,"path_per_floor":["M","M","?","M","$","R","?","E","T","R","E","R","M","M","R","B",null,"M","?","?","$","M","E","M","R","T","R","M","E","R","E","R","B",null,"M","?","M","$","M","E","M","E","T","E","R","M","$","$","R","B","B",null,"R","$","E","B",null],"character_chosen":"IRONCLAD","items_purchased":["Feel No Pain","Dark Embrace","Flame Barrier","Flame Barrier","PrismaticShard","OrangePellets","Second Wind"],"campfire_rested":0,"item_purchase_floors":[5,21,21,38,38,47,48],"current_hp_per_floor":[52,46,64,67,67,67,67,62,62,62,84,84,76,65,65,65,83,88,88,88,88,89,89,86,86,86,86,85,89,89,89,89,81,87,89,89,89,89,61,67,77,89,89,89,89,89,89,89,89,86,73,85,85,85,54,42],"gold":40,"neow_bonus":"ONE_RARE_RELIC","is_daily":false,"chose_seed":false,"campfire_upgraded":7,"win_rate":0.0,"timestamp":1609482166,"path_taken":["M","M","?","M","$","R","?","E","T","R","E","R","?","M","R","BOSS","M","?","?","$","M","E","M","R","T","R","M","E","R","E","R","BOSS","M","?","M","$","M","E","M","E","T","E","R","M","?","$","R","BOSS","BOSS","R","$","E","BOSS"],"items_purchased_type":["Card","Card","Card","Card","Relic","Relic","Card"],"build_version":"2020-12-22","purchased_purges":2,"victory":true,"max_hp_per_floor":[75,75,75,75,75,75,75,75,75,75,89,89,89,89,89,89,89,89,89,89,89,89,89,89,89,89,89,89,89,89,89,89,89,89,89,89,89,89,89,89,89,89,89,89,89,89,89,89,89,89,89,89,89,89,89,89],"relic_stats":{"counters":[28,109],"Dead Branch":[720],"Pen Nib":[2],"Boot":[17],"Question Card":3,"Burning Blood":134,"Mercury Hourglass":[72],"Blood Vial":29,"Peace Pipe":3,"OrangePellets":[17],"Dream Catcher":0,"Shuriken":[27],"Gambling Chip":[98],"Snecko Eye":[177,156,179,181],"Art of War":[14],"obtain_stats":[{"Dead Branch":0,"Oddly Smooth Stone":9,"Mango":11,"Pen Nib":55,"PrismaticShard":38,"Boot":40,"Question Card":42,"Burning Blood":0,"Mercury Hourglass":44,"Blood Vial":8,"Calling Bell":34,"Peace Pipe":34,"OrangePellets":47,"Dream Catcher":34,"Shuriken":31,"Gambling Chip":23,"Snecko Eye":17,"Molten Egg 2":34,"Art of War":29,"InkBottle":43},{"Dead Branch":0,"Oddly Smooth Stone":4,"Mango":5,"Pen Nib":27,"PrismaticShard":18,"Boot":20,"Question Card":22,"Burning Blood":0,"Mercury Hourglass":23,"Blood Vial":4,"Calling Bell":16,"Peace Pipe":16,"OrangePellets":24,"Dream Catcher":16,"Shuriken":15,"Gambling Chip":11,"Snecko Eye":8,"Molten Egg 2":16,"Art of War":14,"InkBottle":22},{"Dead Branch":0,"Oddly Smooth Stone":22,"Mango":26,"Pen Nib":103,"PrismaticShard":68,"Boot":76,"Question Card":81,"Burning Blood":0,"Mercury Hourglass":84,"Blood Vial":22,"Calling Bell":64,"Peace Pipe":64,"OrangePellets":87,"Dream Catcher":64,"Shuriken":58,"Gambling Chip":46,"Snecko Eye":37,"Molten Egg 2":64,"Art of War":54,"InkBottle":81}],"InkBottle":[29]},"card_choices":[{"not_picked":["Seeing Red","Armaments"],"picked":"Shockwave","floor":1.0},{"not_picked":["Body Slam","Perfected Strike"],"picked":"Clothesline","floor":2.0},{"not_picked":["Clothesline","Entrench"],"picked":"Evolve","floor":4.0},{"not_picked":["Headbutt","Infernal Blade"],"picked":"Corruption","floor":8.0},{"not_picked":["Feed","Sword Boomerang"],"picked":"Seeing Red","floor":11.0},{"not_picked":["Havoc","Combust"],"picked":"Shrug It Off","floor":13.0},{"not_picked":["Cleave","Pommel Strike"],"picked":"True Grit","floor":14.0},{"not_picked":["Demon Form","Immolate"],"picked":"Reaper","floor":16.0},{"not_picked":["Fire Breathing","Twin Strike","Sword Boomerang"],"picked":"SKIP","floor":18.0},{"not_picked":["Clash","Headbutt"],"picked":"Carnage","floor":22.0},{"not_picked":["Hemokinesis","Heavy Blade"],"picked":"Sentinel","floor":23.0},{"not_picked":["Anger","Pommel Strike"],"picked":"Impervious","floor":24.0},{"not_picked":["Fire Breathing","Hemokinesis","Clothesline"],"picked":"SKIP","floor":28.0},{"not_picked":["Sword Boomerang+1","Pommel Strike+1","Brutality"],"picked":"SKIP","floor":29.0},{"not_picked":["Pommel Strike","Inflame"],"picked":"Warcry","floor":31.0},{"not_picked":["Impervious","Reaper"],"picked":"Juggernaut","floor":33.0},{"not_picked":["Warcry","Sever Soul+1"],"picked":"Seeing Red+1","floor":35.0},{"not_picked":["Anger+1","Headbutt+1"],"picked":"Sever Soul+1","floor":37.0},{"not_picked":["Aggregate","Clothesline+1"],"picked":"Protect","floor":39.0},{"not_picked":["Terror","Fission"],"picked":"Caltrops","floor":40.0},{"not_picked":["Bane+1","Pommel Strike+1"],"picked":"Warcry","floor":41.0},{"not_picked":["Iron Wave+1","Infernal Blade"],"picked":"Deflect+1","floor":42.0},{"not_picked":["Halt+1","SandsOfTime+1","Rampage+1"],"picked":"Coolheaded","floor":44.0},{"not_picked":["Dagger Spray+1","Eviscerate+1","Streamline+1"],"picked":"True Grit+1","floor":46.0},{"not_picked":["Berserk","Forethought","Scrape+1"],"picked":"Outmaneuver+1","floor":55.0}],"player_experience":3687574,"relics_obtained":[{"floor":8.0,"key":"Blood Vial"},{"floor":9.0,"key":"Oddly Smooth Stone"},{"floor":11.0,"key":"Mango"},{"floor":23.0,"key":"Gambling Chip"},{"floor":29.0,"key":"Art of War"},{"floor":31.0,"key":"Shuriken"},{"floor":34.0,"key":"Dream Catcher"},{"floor":34.0,"key":"Molten Egg 2"},{"floor":34.0,"key":"Peace Pipe"},{"floor":40.0,"key":"Boot"},{"floor":42.0,"key":"Question Card"},{"floor":43.0,"key":"InkBottle"},{"floor":44.0,"key":"Mercury Hourglass"},{"floor":55.0,"key":"Pen Nib"}],"event_choices":[{"damage_healed":18.0,"max_hp_gain":0.0,"max_hp_loss":0.0,"gold_gain":0.0,"event_name":"The Cleric","player_choice":"Healed","floor":3.0,"gold_loss":35.0,"damage_taken":0.0},{"cards_removed":["Strike_R"],"damage_healed":0.0,"max_hp_gain":0.0,"max_hp_loss":0.0,"gold_gain":0.0,"event_name":"Bonfire Elementals","player_choice":"Offered Basic","floor":7.0,"gold_loss":0.0,"damage_taken":0.0},{"damage_healed":0.0,"max_hp_gain":0.0,"max_hp_loss":0.0,"gold_gain":0.0,"event_name":"The Library","player_choice":"Read","floor":19.0,"gold_loss":0.0,"damage_taken":0.0,"cards_obtained":["Flame Barrier"]},{"damage_healed":0.0,"max_hp_gain":0.0,"max_hp_loss":0.0,"gold_gain":0.0,"event_name":"The Mausoleum","player_choice":"Ignored","floor":20.0,"gold_loss":0.0,"damage_taken":0.0},{"damage_healed":0.0,"max_hp_gain":0.0,"max_hp_loss":0.0,"gold_gain":0.0,"event_name":"Lab","player_choice":"Got Potions","floor":36.0,"gold_loss":0.0,"damage_taken":0.0}],"is_beta":false,"boss_relics":[{"not_picked":["Astrolabe","Runic Cube"],"picked":"Snecko Eye"},{"not_picked":["Runic Dome","Mark of Pain"],"picked":"Calling Bell"}],"items_purged_floors":[5,38],"is_endless":false,"potions_floor_spawned":[1,8,13,18,22,24,31,40,41,44,46,55],"ascension_level":20}}