{"host":"u1pme1jhvp02dnrz","time":1609466404,"event":{"mods":["AchievementEnabler","BaseMod","Bestiary","Colored Map","Colored Powertips","Highlight Path","Minty Spire (QoL Compilation)","Relic Stats"],"gold_per_floor":[115,128,39,52,70,70,104,104,151,178,353,387,401,417,417,518,518,529,529,539,539,174,202,5,5,5],"floor_reached":25,"playtime":3026,"items_purged":["Decay"],"score":346,"play_id":"728a9950-0aa2-4119-87e7-7962751b1352","local_time":"20201231210004","is_ascension_mode":true,"campfire_choices":[{"floor":6.0,"key":"RECALL"},{"data":"Wallop","floor":15.0,"key":"SMITH"}],"circlet_count":0,"master_deck":["Strike_P","Strike_P","Strike_P","Strike_P","Defend_P","Defend_P","Defend_P","Defend_P","Eruption","Vigilance","ThirdEye","Ragnarok","EmptyBody","Wallop+1","Halt","WindmillStrike","Doubt","Evaluate","Protect","EmptyFist","Devotion","InnerPeace","FollowUp","BowlingBash","Wireheading"],"relics":["Coffee Dripper","Damaru","Ice Cream","TeardropLocket","Kunai","Bag of Preparation","Philosopher\u0027s Stone","Art of War","HandDrill","Bag of Marbles","Shuriken","Membership Card"],"acts_visited":["Exordium","TheCity"],"potions_floor_usage":[],"damage_taken":[{"damage":0.0,"enemies":"Cultist","floor":1.0,"turns":2.0},{"damage":5.0,"enemies":"2 Louse","floor":2.0,"turns":3.0},{"damage":0.0,"enemies":"Jaw Worm","floor":4.0,"turns":4.0},{"damage":7.0,"enemies":"Exordium Wildlife","floor":5.0,"turns":3.0},{"damage":16.0,"enemies":"Lagavulin","floor":7.0,"turns":8.0},{"damage":0.0,"enemies":"Gremlin Nob","floor":10.0,"turns":2.0},{"damage":9.0,"enemies":"3 Sentries","floor":12.0,"turns":7.0},{"damage":0.0,"enemies":"Blue Slaver","floor":13.0,"turns":2.0},{"damage":0.0,"enemies":"Exordium Thugs","floor":14.0,"turns":3.0},{"damage":1.0,"enemies":"Hexaghost","floor":16.0,"turns":12.0},{"damage":2.0,"enemies":"Shell Parasite","floor":18.0,"turns":5.0},{"damage":0.0,"enemies":"Chosen","floor":20.0,"turns":4.0},{"damage":18.0,"enemies":"Gremlin Leader","floor":23.0,"turns":4.0},{"damage":48,"enemies":"Slavers","floor":25,"turns":4}],"seed_played":"-5434470892021214986","potions_obtained":[{"floor":4.0,"key":"Swift Potion"},{"floor":5.0,"key":"LiquidBronze"},{"floor":10.0,"key":"AttackPotion"},{"floor":13.0,"key":"Dexterity Potion"},{"floor":14.0,"key":"ColorlessPotion"},{"floor":20.0,"key":"BottledMiracle"}],"is_trial":false,"path_per_floor":["M","M","?","M","M","R","E","T","T","E","?","E","M","M","R","B",null,"M","?","M","?","$","E","$","E"],"character_chosen":"WATCHER","items_purchased":["HandDrill","Bag of Marbles","Membership Card","Wireheading"],"campfire_rested":0,"item_purchase_floors":[22,22,24,24],"current_hp_per_floor":[65,60,60,60,53,53,37,37,37,37,37,28,28,28,28,27,61,59,59,59,59,59,41,41,0,0],"gold":5,"neow_bonus":"BOSS_RELIC","is_daily":false,"chose_seed":false,"campfire_upgraded":1,"win_rate":0.0,"timestamp":1609466404,"path_taken":["M","M","?","?","M","R","E","?","T","E","?","E","?","M","R","BOSS","M","?","M","?","$","E","$","E"],"items_purchased_type":["Relic","Relic","Relic","Card"],"build_version":"2020-12-22","purchased_purges":1,"victory":false,"max_hp_per_floor":[72,72,72,72,72,72,72,72,72,72,72,72,72,72,72,72,72,72,72,72,72,72,72,72,72,72],"relic_stats":{"counters":[14,63],"Shuriken":[1],"Bag of Preparation":[14],"Art of War":[2],"HandDrill":[4],"Kunai":[13],"obtain_stats":[{"Ice Cream":7,"Damaru":3,"Bag of Preparation":12,"TeardropLocket":8,"Shuriken":23,"Philosopher\u0027s Stone":17,"Coffee Dripper":0,"Art of War":19,"HandDrill":22,"Bag of Marbles":22,"Kunai":10,"Membership Card":24,"PureWater":0},{"Ice Cream":5,"Damaru":2,"Bag of Preparation":7,"TeardropLocket":5,"Shuriken":13,"Philosopher\u0027s Stone":10,"Coffee Dripper":0,"Art of War":11,"HandDrill":12,"Bag of Marbles":12,"Kunai":6,"Membership Card":13,"PureWater":0},{"Ice Cream":20,"Damaru":5,"Bag of Preparation":29,"TeardropLocket":20,"Shuriken":59,"Philosopher\u0027s Stone":46,"Coffee Dripper":0,"Art of War":51,"HandDrill":55,"Bag of Marbles":55,"Kunai":22,"Membership Card":59,"PureWater":0}]},"card_choices":[{"not_picked":["Evaluate","Protect"],"picked":"ThirdEye","floor":1.0},{"not_picked":["Crescendo","BowlingBash"],"picked":"Ragnarok","floor":2.0},{"not_picked":["ClearTheMind","SandsOfTime"],"picked":"EmptyBody","floor":4.0},{"not_picked":["SandsOfTime","Evaluate"],"picked":"Wallop","floor":5.0},{"not_picked":["Protect","FlyingSleeves"],"picked":"Halt","floor":7.0},{"not_picked":["ThirdEye","Protect"],"picked":"WindmillStrike","floor":10.0},{"not_picked":["Alpha","Evaluate","Crescendo"],"picked":"SKIP","floor":12.0},{"not_picked":["Alpha","Crescendo"],"picked":"Evaluate","floor":12.0},{"not_picked":["CrushJoints","ThirdEye"],"picked":"Protect","floor":13.0},{"not_picked":["Crescendo","Halt"],"picked":"EmptyFist","floor":14.0},{"not_picked":["Establishment","Brilliance"],"picked":"Devotion","floor":16.0},{"not_picked":["EmptyFist+1","SashWhip"],"picked":"InnerPeace","floor":18.0},{"not_picked":["SashWhip+1","Weave"],"picked":"FollowUp","floor":20.0},{"not_picked":["SashWhip","Fasting2"],"picked":"BowlingBash","floor":23.0}],"player_experience":198850,"relics_obtained":[{"floor":7.0,"key":"Ice Cream"},{"floor":8.0,"key":"TeardropLocket"},{"floor":10.0,"key":"Kunai"},{"floor":12.0,"key":"Bag of Preparation"},{"floor":23.0,"key":"Shuriken"}],"event_choices":[{"damage_healed":0.0,"max_hp_gain":0.0,"max_hp_loss":0.0,"gold_gain":0.0,"event_name":"WeMeetAgain","player_choice":"Paid Gold","floor":3.0,"gold_loss":89.0,"damage_taken":0.0,"relics_obtained":["Damaru"]},{"damage_healed":0.0,"max_hp_gain":0.0,"max_hp_loss":0.0,"gold_gain":175.0,"event_name":"Liars Game","player_choice":"AGREE","floor":11.0,"gold_loss":0.0,"damage_taken":0.0,"cards_obtained":["Doubt"]},{"damage_healed":0.0,"max_hp_gain":0.0,"max_hp_loss":0.0,"gold_gain":0.0,"event_name":"The Mausoleum","player_choice":"Opened","floor":19.0,"gold_loss":0.0,"damage_taken":0.0,"relics_obtained":["Art of War"]},{"damage_healed":0.0,"max_hp_gain":0.0,"max_hp_loss":0.0,"gold_gain":0.0,"event_name":"Forgotten Altar","player_choice":"Smashed Altar","floor":21.0,"gold_loss":0.0,"damage_taken":0.0,"cards_obtained":["Decay"]}],"is_beta":false,"boss_relics":[{"not_picked":["Sozu","Empty Cage"],"picked":"Philosopher\u0027s Stone"}],"items_purged_floors":[22],"is_endless":false,"potions_floor_spawned":[4,5,10,13,14,20],"killed_by":"Slavers","ascension_level":6}}