{"host":"57rcrwhzj4x4jlaj","time":1609517292,"event":{"mods":["2.2 Compatiblity","BaseMod","BetterRewards","Colored Map","Conspire","Dota2Spire","Downfall","Energized Spire","Hermit","Hubris","Infinite Spire","Marisa????????","Minty Spire (QoL Compilation)","Relic Filter","Relic Stats","Remilia??????","Replay The Spire","Shop Mod","StSLib","SuperFastMode","Td1madao Mod","The Accelerator","The Bug Knight","The Exalted","The Jungle","The Marked","[IsaacMod]????","vexMod"],"gold_per_floor":[141,141,141,154,173,173,222,235,259,259,324,324],"floor_reached":11,"playtime":361,"items_purged":["Strike_P"],"score":170,"play_id":"01d75917-294d-48e1-b1be-1a9774fb818a","local_time":"20210101230812","is_ascension_mode":true,"campfire_choices":[{"data":"Wallop","floor":6,"key":"SMITH"},{"data":"Defend_P","floor":10,"key":"SMITH"}],"circlet_count":0,"master_deck":["Strike_P+1","Strike_P+1","Strike_P","Defend_P","Defend_P","Defend_P","Defend_P+1","Eruption","Vigilance","DevaForm","Fasting2","Wallop+1","hubris:NaturalOne"],"relics":["PureWater","HushsDoor","SteamSale","Chemical X","vexMod:PlasmaPancake","Boot","Turnip","Prayer Wheel","Guide Book","conspire:InfiniteJournal","MoneyPower","Diplopia","Dota2Spire:Butterfly","hubris:Potato","BFFS","BlankCard","Lantern","D4","Dota2Spire:HandOfMidas","Dota2Spire:PhaseBoots","Incense Burner","conspire:Boomerang","hubris:GlazedTorus","hubris:Icosahedron","SalivaCoin","infinitespire:Beetle Shell"],"acts_visited":["Exordium"],"potions_floor_usage":[],"damage_taken":[{"damage":0,"enemies":"Cultist","floor":1,"turns":3},{"damage":0,"enemies":"2 Louse","floor":4,"turns":1},{"damage":0,"enemies":"Jaw Worm","floor":5,"turns":1},{"damage":0,"enemies":"Gremlin Gang","floor":7,"turns":3},{"damage":0,"enemies":"Red Slaver","floor":8,"turns":2},{"damage":0,"enemies":"3 Sentries","floor":11,"turns":5}],"seed_played":"-7181702309843678170","potions_obtained":[{"floor":4,"key":"Adrenaline Potion"},{"floor":7,"key":"ColorlessPotion"}],"is_trial":false,"path_per_floor":["M","$","?","M","M","R","M","M","T","R","E"],"character_chosen":"WATCHER","items_purchased":["Chemical X","Boot","Turnip","Guide Book","DevaForm","Fasting2","Wallop","BFFS","Lantern","Dota2Spire:HandOfMidas","Dota2Spire:PhaseBoots"],"campfire_rested":0,"item_purchase_floors":[0,0,0,0,0,0,0,0,0,0,0],"current_hp_per_floor":[78,78,78,78,78,78,78,78,78,78,78,78],"gold":324,"neow_bonus":"","is_daily":false,"chose_seed":false,"campfire_upgraded":2,"win_rate":0.0,"timestamp":1609517292,"path_taken":["M","?","?","M","M","R","?","M","T","R","E"],"items_purchased_type":["Relic","Relic","Relic","Relic","Card","Card","Card","Relic","Relic","Relic","Relic"],"build_version":"2020-12-22","purchased_purges":1,"victory":false,"max_hp_per_floor":[78,78,78,78,78,78,78,78,78,78,78,78],"relic_stats":{"counters":[243,782],"Prayer Wheel":5,"Turnip":[192],"Chemical X":[50],"Boot":[0],"obtain_stats":[{"ScarletDevilRocket":111,"infinitespire:Cubic Diamond":2,"Sling":6,"BFFS":32,"Ring of Searing":12,"Blood Vial":6,"vexMod:InvisibilityCloak":60,"infinitespire:ShieldingShard":9,"Fusion Hammer":124,"Diplopia":11,"HandDrill":0,"Replay:Bottled Steam":26,"MerchantsRug":0,"BelialBook":94,"Eternal Feather":65,"Pen Nib":102,"MoneyPower":91,"infinitespire:Magic Flask":0,"infinitespire:EvilPickle":36,"infinitespire:Broken Mirror":90,"ReplayTheSpireMod:Ring of Collecting":22,"MutagenicStrength":22,"conspire:BottledYoYo":45,"StrikeDummy":30,"Unceasing Top":36,"Dota2Spire:PhaseBoots":0,"AnarchistCookbook":45,"GuppysTail":0,"vexMod:PlasmaPancake":0,"Bromod:ArcanePistoleer":0,"Ancient Tea Set":65,"conspire:InfiniteJournal":0,"PokeGo":0,"hubris:Backtick":19,"Ring of Fangs":22,"infinitespire:Bottled Soul":65,"vexMod:RedPlottingStone":43,"NineLifeCat":29,"Chemical X":0,"Replay:Bottled Eggs":112,"infinitespire:Eraser":31,"Ring of the Snake":0,"Potion Belt":79,"Replay:M_StaffOfTheSnake":2,"vexMod:BerryBomb":40,"PreservedInsect":47,"infinitespire:Lucky Rock":110,"hubris:Towel":3,"Replay:Arrowhead":26,"D4":0,"Dota2Spire:Butterfly":0,"TheBible":11,"Ornamental Fan":80,"hubris:Spice":0,"Garlic":0,"Art of War":96,"hubris:BottledRain":57,"Chaos":3,"Ice Cream":0,"Nilry\u0027s Codex":22,"hubris:VirtuousBlindfold":51,"HollowMod:StagPassRelic":65,"Sozu":107,"Philosopher\u0027s Stone":53,"Prayer Wheel":0,"VioletLotus":136,"vexMod:NewClearReactor":37,"replay:Trail_Library":0,"Girya":97,"Ring of Chaos":0,"WarpedTongs":87,"YumHeart":79,"hubris:PeanutButter":62,"Onion Ring":9,"EdensBlessing":46,"Symbiotic Virus":12,"MaYiHuaBei":24,"Iron Core":56,"Yang":0,"Juzu Bracelet":101,"Replay:Mystery Machine":125,"vexMod:Spyglass":65,"conspire:TopHat":116,"Dream Catcher":94,"Nunchaku":90,"ChampionBelt":93,"hubris:Icosahedron":2,"PillsDrop":99,"Red Mask":30,"HollowMod:LifeEnderRelic":108,"Guide Book":0,"RottenBaby":68,"Mercury Hourglass":7,"Strange Spoon":0,"Pondfish Scales":0,"vexMod:BarristanHead":108,"infinitespire:Satchel":108,"Bag of Marbles":57,"FossilizedHelix":0,"Golden Egg":115,"Bromod:ArcaneNullifier":66,"vexMod:TanglingVine":70,"Whetstone":81,"Ginger":96,"Boot":65,"Bromod:ArcaneAegis":24,"TheBean":8,"vexMod:CardConverter":0,"Sundial":19,"hubris:DeckOfHolding":65,"TuHaoJin":123,"Kunai":32,"hubris:TinFlute":116,"KeepersGift":0,"conspire:TreasureMap":48,"HollowMod:JonisBlessing":14,"hubris:SphereOfDissonance":127,"Guardian:PocketSentry":19,"SteamSale":0,"SlaversCollar":51,"Bromod:ArcaneEnergize":17,"energizedSpire:MagnifyingGlass":36,"hubris:TenFootPole":0,"HushsDoor":0,"infinitespire:PuzzleCube":75,"conspire:Flyswatter":98,"Lantern":0,"Bromod:ArcaneVictory":116,"Blue Doll":9,"Replay:Multitool":43,"Bag of Preparation":94,"TheBattery":93,"Cursed Key":26,"hubris:EvacipatedBox":65,"BranchBurnRelic":32,"Matryoshka":29,"hubris:ScarierMask":85,"hubris:FunFungus":0,"hubris:GlazedTorus":0,"Inserter":17,"Damaru":0,"Thread and Needle":4,"infinitespire:Joker Card":77,"Omamori":0,"infinitespire:CheckeredPen":22,"Frozen Egg 2":0,"Bromod:ArcaneMomentum":109,"sneckomod:BabySnecko":21,"MagicMushroom":68,"Bromod:ArcaneBarrier":102,"Turnip":0,"ReplayTheSpireMod:Lightbulb":85,"CeramicFish":74,"Vajra":113,"sneckomod:SneckoSoul":106,"HornCleat":117,"DollysMirror":73,"Toxic Egg 2":57,"vexMod:RetaliationKit":2,"Dota2Spire:HandOfMidas":0,"Happy Flower":65,"Dead Branch":0,"BookOfRevelations":25,"Oddly Smooth Stone":91,"infinitespire:Beetle Shell":11,"energizedSpire:OgreHead":102,"conspire:Boomerang":0,"Incubus":34,"War Paint":65,"Question Card":11,"Bromod:ArcaneConsequence":73,"Bottled Flame":77,"Replay:Baseball":11,"energizedSpire:NeverEndingSparkler":119,"Bronze Scales":23,"hubris:ToyBattleship":87,"ReplayTheSpireMod:TigerMarble":36,"Black Star":17,"Grinning Jar":6,"CatCart":39,"Meat on the Bone":97,"ReplayFunnel":40,"ReplayTheSpireMod:Ring of Exchange":92,"SacredBark":89,"conspire:SpecialSausage":17,"hubris:SlimyHat":25,"CloakClasp":74,"Incense Burner":0,"ClockworkSouvenir":19,"Bromod:ArcaneTrickery":95,"Mummified Hand":6,"Bromod:ArcaneTempo":121,"Tiny Chest":65,"GreatHeart":70,"Bromod:ArcaneGuardian":31,"hubris:DisguiseKit":120,"HowToJump":77,"vexMod:ConsolationPrize":65,"Orichalcum":60,"Anchor":65,"infinitespire:WardingShard":128,"Snack Pack":24,"SalivaCoin":65,"PureWater":0,"BlankCard":0,"hubris:Potato":64},{"ScarletDevilRocket":224,"infinitespire:Cubic Diamond":23,"Sling":5,"BFFS":183,"Ring of Searing":119,"Blood Vial":94,"vexMod:InvisibilityCloak":53,"infinitespire:ShieldingShard":26,"Fusion Hammer":91,"Diplopia":95,"HandDrill":167,"Replay:Bottled Steam":126,"MerchantsRug":91,"BelialBook":72,"Eternal Feather":55,"Pen Nib":77,"MoneyPower":71,"infinitespire:Magic Flask":0,"infinitespire:EvilPickle":39,"infinitespire:Broken Mirror":216,"ReplayTheSpireMod:Ring of Collecting":100,"MutagenicStrength":178,"conspire:BottledYoYo":44,"StrikeDummy":182,"Unceasing Top":185,"Dota2Spire:PhaseBoots":237,"AnarchistCookbook":188,"GuppysTail":0,"vexMod:PlasmaPancake":91,"Bromod:ArcanePistoleer":91,"Ancient Tea Set":55,"conspire:InfiniteJournal":237,"PokeGo":91,"hubris:Backtick":99,"Ring of Fangs":100,"infinitespire:Bottled Soul":55,"vexMod:RedPlottingStone":187,"NineLifeCat":16,"Chemical X":22,"Replay:Bottled Eggs":85,"infinitespire:Eraser":129,"Ring of the Snake":0,"Potion Belt":153,"Replay:M_StaffOfTheSnake":23,"vexMod:BerryBomb":187,"PreservedInsect":45,"infinitespire:Lucky Rock":224,"hubris:Towel":23,"Replay:Arrowhead":35,"D4":237,"Dota2Spire:Butterfly":237,"TheBible":7,"Ornamental Fan":65,"hubris:Spice":91,"Garlic":91,"Art of War":217,"hubris:BottledRain":196,"Chaos":2,"Ice Cream":91,"Nilry\u0027s Codex":13,"hubris:VirtuousBlindfold":192,"HollowMod:StagPassRelic":55,"Sozu":80,"Philosopher\u0027s Stone":49,"Prayer Wheel":237,"VioletLotus":234,"vexMod:NewClearReactor":21,"replay:Trail_Library":0,"Girya":218,"Ring of Chaos":0,"WarpedTongs":158,"YumHeart":64,"hubris:PeanutButter":53,"Onion Ring":172,"EdensBlessing":136,"Symbiotic Virus":8,"MaYiHuaBei":14,"Iron Core":141,"Yang":167,"Juzu Bracelet":76,"Replay:Mystery Machine":230,"vexMod:Spyglass":55,"conspire:TopHat":226,"Dream Catcher":163,"Nunchaku":216,"ChampionBelt":71,"hubris:Icosahedron":92,"PillsDrop":74,"Red Mask":105,"HollowMod:LifeEnderRelic":224,"Guide Book":22,"RottenBaby":201,"Mercury Hourglass":172,"Strange Spoon":91,"Pondfish Scales":91,"vexMod:BarristanHead":224,"infinitespire:Satchel":81,"Bag of Marbles":196,"FossilizedHelix":91,"Golden Egg":87,"Bromod:ArcaneNullifier":56,"vexMod:TanglingVine":58,"Whetstone":155,"Ginger":164,"Boot":55,"Bromod:ArcaneAegis":179,"TheBean":95,"vexMod:CardConverter":91,"Sundial":99,"hubris:DeckOfHolding":146,"TuHaoJin":229,"Kunai":129,"hubris:TinFlute":87,"KeepersGift":0,"conspire:TreasureMap":137,"HollowMod:JonisBlessing":10,"hubris:SphereOfDissonance":231,"Guardian:PocketSentry":12,"SteamSale":0,"SlaversCollar":138,"Bromod:ArcaneEnergize":31,"energizedSpire:MagnifyingGlass":39,"hubris:TenFootPole":91,"HushsDoor":0,"infinitespire:PuzzleCube":152,"conspire:Flyswatter":74,"Lantern":237,"Bromod:ArcaneVictory":226,"Blue Doll":118,"Replay:Multitool":43,"Bag of Preparation":217,"TheBattery":71,"Cursed Key":15,"hubris:EvacipatedBox":55,"BranchBurnRelic":183,"Matryoshka":104,"hubris:ScarierMask":213,"hubris:FunFungus":112,"hubris:GlazedTorus":237,"Inserter":11,"Damaru":91,"Thread and Needle":93,"infinitespire:Joker Card":153,"Omamori":22,"infinitespire:CheckeredPen":124,"Frozen Egg 2":112,"Bromod:ArcaneMomentum":82,"sneckomod:BabySnecko":13,"MagicMushroom":201,"Bromod:ArcaneBarrier":220,"Turnip":237,"ReplayTheSpireMod:Lightbulb":157,"CeramicFish":205,"Vajra":86,"sneckomod:SneckoSoul":223,"HornCleat":88,"DollysMirror":60,"Toxic Egg 2":142,"vexMod:RetaliationKit":2,"Dota2Spire:HandOfMidas":237,"Happy Flower":55,"Dead Branch":167,"BookOfRevelations":126,"Oddly Smooth Stone":217,"infinitespire:Beetle Shell":243,"energizedSpire:OgreHead":167,"conspire:Boomerang":237,"Incubus":19,"War Paint":55,"Question Card":28,"Bromod:ArcaneConsequence":204,"Bottled Flame":63,"Replay:Baseball":173,"energizedSpire:NeverEndingSparkler":227,"Bronze Scales":101,"hubris:ToyBattleship":68,"ReplayTheSpireMod:TigerMarble":131,"Black Star":176,"Grinning Jar":26,"CatCart":41,"Meat on the Bone":74,"ReplayFunnel":111,"ReplayTheSpireMod:Ring of Exchange":71,"SacredBark":69,"conspire:SpecialSausage":98,"hubris:SlimyHat":35,"CloakClasp":205,"Incense Burner":237,"ClockworkSouvenir":12,"Bromod:ArcaneTrickery":73,"Mummified Hand":117,"Bromod:ArcaneTempo":90,"Tiny Chest":55,"GreatHeart":148,"Bromod:ArcaneGuardian":18,"hubris:DisguiseKit":89,"HowToJump":207,"vexMod:ConsolationPrize":55,"Orichalcum":144,"Anchor":55,"infinitespire:WardingShard":231,"Snack Pack":34,"SalivaCoin":55,"PureWater":91,"BlankCard":237,"hubris:Potato":55},{"ScarletDevilRocket":744,"infinitespire:Cubic Diamond":118,"Sling":35,"BFFS":686,"Ring of Searing":464,"Blood Vial":386,"vexMod:InvisibilityCloak":264,"infinitespire:ShieldingShard":131,"Fusion Hammer":375,"Diplopia":389,"HandDrill":644,"Replay:Bottled Steam":506,"MerchantsRug":375,"BelialBook":348,"Eternal Feather":274,"Pen Nib":353,"MoneyPower":346,"infinitespire:Magic Flask":0,"infinitespire:EvilPickle":192,"infinitespire:Broken Mirror":734,"ReplayTheSpireMod:Ring of Collecting":408,"MutagenicStrength":672,"conspire:BottledYoYo":226,"StrikeDummy":683,"Unceasing Top":690,"Dota2Spire:PhaseBoots":767,"AnarchistCookbook":694,"GuppysTail":0,"vexMod:PlasmaPancake":375,"Bromod:ArcanePistoleer":375,"Ancient Tea Set":274,"conspire:InfiniteJournal":767,"PokeGo":375,"hubris:Backtick":405,"Ring of Fangs":408,"infinitespire:Bottled Soul":274,"vexMod:RedPlottingStone":693,"NineLifeCat":90,"Chemical X":115,"Replay:Bottled Eggs":369,"infinitespire:Eraser":517,"Ring of the Snake":0,"Potion Belt":600,"Replay:M_StaffOfTheSnake":118,"vexMod:BerryBomb":693,"PreservedInsect":233,"infinitespire:Lucky Rock":744,"hubris:Towel":118,"Replay:Arrowhead":171,"D4":767,"Dota2Spire:Butterfly":767,"TheBible":41,"Ornamental Fan":314,"hubris:Spice":375,"Garlic":375,"Art of War":737,"hubris:BottledRain":711,"Chaos":12,"Ice Cream":375,"Nilry\u0027s Codex":78,"hubris:VirtuousBlindfold":705,"HollowMod:StagPassRelic":274,"Sozu":364,"Philosopher\u0027s Stone":255,"Prayer Wheel":767,"VioletLotus":759,"vexMod:NewClearReactor":114,"replay:Trail_Library":0,"Girya":738,"Ring of Chaos":0,"WarpedTongs":621,"YumHeart":310,"hubris:PeanutButter":264,"Onion Ring":659,"EdensBlessing":548,"Symbiotic Virus":48,"MaYiHuaBei":82,"Iron Core":565,"Yang":644,"Juzu Bracelet":352,"Replay:Mystery Machine":750,"vexMod:Spyglass":274,"conspire:TopHat":746,"Dream Catcher":634,"Nunchaku":734,"ChampionBelt":346,"hubris:Icosahedron":377,"PillsDrop":350,"Red Mask":424,"HollowMod:LifeEnderRelic":744,"Guide Book":115,"RottenBaby":716,"Mercury Hourglass":659,"Strange Spoon":375,"Pondfish Scales":375,"vexMod:BarristanHead":744,"infinitespire:Satchel":365,"Bag of Marbles":711,"FossilizedHelix":375,"Golden Egg":371,"Bromod:ArcaneNullifier":276,"vexMod:TanglingVine":285,"Whetstone":609,"Ginger":636,"Boot":274,"Bromod:ArcaneAegis":674,"TheBean":389,"vexMod:CardConverter":375,"Sundial":405,"hubris:DeckOfHolding":577,"TuHaoJin":749,"Kunai":517,"hubris:TinFlute":371,"KeepersGift":0,"conspire:TreasureMap":551,"HollowMod:JonisBlessing":57,"hubris:SphereOfDissonance":751,"Guardian:PocketSentry":72,"SteamSale":0,"SlaversCollar":560,"Bromod:ArcaneEnergize":151,"energizedSpire:MagnifyingGlass":192,"hubris:TenFootPole":375,"HushsDoor":0,"infinitespire:PuzzleCube":597,"conspire:Flyswatter":350,"Lantern":767,"Bromod:ArcaneVictory":746,"Blue Doll":463,"Replay:Multitool":221,"Bag of Preparation":737,"TheBattery":346,"Cursed Key":85,"hubris:EvacipatedBox":274,"BranchBurnRelic":686,"Matryoshka":422,"hubris:ScarierMask":731,"hubris:FunFungus":446,"hubris:GlazedTorus":767,"Inserter":68,"Damaru":375,"Thread and Needle":381,"infinitespire:Joker Card":600,"Omamori":115,"infinitespire:CheckeredPen":491,"Frozen Egg 2":446,"Bromod:ArcaneMomentum":366,"sneckomod:BabySnecko":78,"MagicMushroom":716,"Bromod:ArcaneBarrier":740,"Turnip":767,"ReplayTheSpireMod:Lightbulb":617,"CeramicFish":720,"Vajra":370,"sneckomod:SneckoSoul":743,"HornCleat":372,"DollysMirror":292,"Toxic Egg 2":568,"vexMod:RetaliationKit":12,"Dota2Spire:HandOfMidas":767,"Happy Flower":274,"Dead Branch":644,"BookOfRevelations":506,"Oddly Smooth Stone":737,"infinitespire:Beetle Shell":782,"energizedSpire:OgreHead":644,"conspire:Boomerang":767,"Incubus":109,"War Paint":274,"Question Card":139,"Bromod:ArcaneConsequence":719,"Bottled Flame":305,"Replay:Baseball":661,"energizedSpire:NeverEndingSparkler":747,"Bronze Scales":411,"hubris:ToyBattleship":325,"ReplayTheSpireMod:TigerMarble":529,"Black Star":667,"Grinning Jar":131,"CatCart":207,"Meat on the Bone":350,"ReplayFunnel":446,"ReplayTheSpireMod:Ring of Exchange":346,"SacredBark":335,"conspire:SpecialSausage":403,"hubris:SlimyHat":171,"CloakClasp":720,"Incense Burner":767,"ClockworkSouvenir":72,"Bromod:ArcaneTrickery":349,"Mummified Hand":461,"Bromod:ArcaneTempo":374,"Tiny Chest":274,"GreatHeart":583,"Bromod:ArcaneGuardian":99,"hubris:DisguiseKit":373,"HowToJump":722,"vexMod:ConsolationPrize":274,"Orichalcum":573,"Anchor":274,"infinitespire:WardingShard":751,"Snack Pack":164,"SalivaCoin":274,"PureWater":375,"BlankCard":767,"hubris:Potato":274}]},"card_choices":[{"not_picked":[],"picked":"Bomb","floor":0},{"not_picked":["Halt","Replay:AtTheReady","FlyingSleeves"],"picked":"SKIP","floor":1},{"not_picked":["BattleHymn","Evaluate","DevaForm"],"picked":"SKIP","floor":1},{"not_picked":["WaveOfTheHand","EmptyFist","Swivel"],"picked":"SKIP","floor":4},{"not_picked":["Consecrate","ClearTheMind","Swivel"],"picked":"SKIP","floor":4},{"not_picked":["Consecrate","Bomb","Ragnarok"],"picked":"SKIP","floor":5},{"not_picked":["EmptyFist","EmptyMind","JustLucky"],"picked":"SKIP","floor":5},{"not_picked":["Replay:BluntJabs","LikeWater","FollowUp"],"picked":"SKIP","floor":7},{"not_picked":["FollowUp","EmptyBody","Wireheading"],"picked":"SKIP","floor":7},{"not_picked":["Halt","WindmillStrike","FlyingSleeves"],"picked":"SKIP","floor":8},{"not_picked":["Bomb","LikeWater","Prostrate"],"picked":"SKIP","floor":8},{"not_picked":["Alpha","BowlingBash","Brilliance"],"picked":"SKIP","floor":11}],"player_experience":682528,"relics_obtained":[{"floor":9,"key":"SalivaCoin"},{"floor":11,"key":"infinitespire:Beetle Shell"}],"event_choices":[],"is_beta":false,"boss_relics":[],"items_purged_floors":[0],"is_endless":false,"potions_floor_spawned":[4,5,7],"killed_by":"3 Sentries","ascension_level":4}}