{"host":"cu7v2bzxqo9zajt2","time":1609509259,"event":{"mods":["BaseMod","CapriCore","Hermit","HololiveMod","Koishi","Marisa£¨Ùöéë¡¡Øª×âÞÞ£©","Minty Spire (QoL Compilation)","Prisma Mod","Railgun Mod","StSLib","SuperFastMode","The Bug Knight","The Cursed","The Dragon Tamer","The Gatherer","The Immortal","The Runesmith","WarShipGirlsR/??á´Ò³R mod"],"gold_per_floor":[84,34,46,61,13,50,50,35,105,105,105,144,144,167,167,297,297,315,240,245,270,22,22,47,47,71,108,239,276,276,294,294,432,432,456,456,456,456,456,540,117,117,144,144,180,102,139,155,155,172],"floor_reached":51,"playtime":2880,"items_purged":["Hololive_RevenueBasedLive","Hololive_Strike","Hololive_HuntDinosaur"],"score":880,"play_id":"d997599a-8381-4389-8dac-340b8ce1577d","local_time":"20210101225419","is_ascension_mode":false,"campfire_choices":[{"data":"Hololive_CallYuzukiChoco","floor":7.0,"key":"SMITH"},{"data":"Hololive_CallTokinoSora","floor":10.0,"key":"SMITH"},{"data":"Hololive_CallUsadaPekora","floor":13.0,"key":"SMITH"},{"data":"Hololive_RevenueBasedLive","floor":15.0,"key":"SMITH"},{"data":"Hololive_CallHoshimachiSuisei","floor":23.0,"key":"SMITH"},{"data":"Hololive_CallTsunomakiWatame","floor":25.0,"key":"SMITH"},{"floor":32,"key":"RECALL"},{"data":"Mind Blast","floor":42,"key":"SMITH"},{"data":"Hololive_CallYukihanaLamy","floor":49,"key":"SMITH"}],"circlet_count":0,"master_deck":["Hololive_Strike+1","Hololive_Defend","Hololive_CallAiraniIofifteen","Hololive_CallOkamiMio","Hololive_CallTsunomakiWatame+1","Hololive_CallShiranuiFlare","Hololive_CallYuzukiChoco","Hololive_RevenueBasedLive","Hololive_CallHoshimachiSuisei+1","Hololive_RevenueBasedLive+1","Hololive_Breathe","Hololive_CallUsadaPekora+1","Hololive_CallTokinoSora+1","Hololive_StarCraft","Hololive_StrengthChampion","Hololive_Psychosis+1","Hololive_StrengthChampion","Hololive_CallYuzukiChoco+1","Hololive_MaximGun","Hololive_LuckPotion","Hololive_AWSL","Hololive_CallCivia","Hololive_LuckPotion","Hololive_CallYukihanaLamy+1","Hololive_LuckPotion","Hololive_CallKiryuuCoco","Hololive_Rebirth","Hololive_CallSakuraMiko+1","Madness","Madness","Mind Blast+1","Hololive_HuntDinosaur+1","Hololive_CallOmaruPolka+1","Hololive_CallOzoraSubaru+1","Hololive_CallAkiRosenthal+1","Hololive_CallShishiroBotan+1"],"relics":["Hololive_TheStar","Peace Pipe","Eternal Feather","Golden Idol","Bag of Marbles","Busted Crown","Boot","Whetstone","HornCleat","WingedGreaves","Meat on the Bone","Hololive_Finger","Frozen Egg 2","Hololive_LightStick","Bronze Scales"],"acts_visited":["TheBeyond"],"potions_floor_usage":[],"damage_taken":[{"damage":0.0,"enemies":"Jaw Worm","floor":1.0,"turns":5.0},{"damage":0.0,"enemies":"Small Slimes","floor":3.0,"turns":3.0},{"damage":0.0,"enemies":"2 Louse","floor":4.0,"turns":2.0},{"damage":11.0,"enemies":"3 Sentries","floor":6.0,"turns":10.0},{"damage":0.0,"enemies":"Exordium Thugs","floor":8.0,"turns":4.0},{"damage":0.0,"enemies":"Gremlin Nob","floor":12.0,"turns":3.0},{"damage":0.0,"enemies":"3 Louse","floor":14.0,"turns":3.0},{"damage":32.0,"enemies":"The Guardian","floor":16.0,"turns":8.0},{"damage":5.0,"enemies":"Spheric Guardian","floor":18.0,"turns":5.0},{"damage":2.0,"enemies":"2 Thieves","floor":20.0,"turns":5.0},{"damage":0.0,"enemies":"Shelled Parasite and Fungi","floor":21.0,"turns":4.0},{"damage":0.0,"enemies":"Snake Plant","floor":24.0,"turns":4.0},{"damage":0.0,"enemies":"Book of Stabbing","floor":27.0,"turns":6.0},{"damage":10.0,"enemies":"Colosseum Slavers","floor":28.0,"turns":5.0},{"damage":0.0,"enemies":"Colosseum Nobs","floor":28.0,"turns":4.0},{"damage":0,"enemies":"3 Cultists","floor":29,"turns":4},{"damage":0,"enemies":"Snecko","floor":31,"turns":4},{"damage":4,"enemies":"Champ","floor":33,"turns":9},{"damage":0,"enemies":"3 Shapes","floor":35,"turns":4},{"damage":0,"enemies":"HollowMod:StalkingDevout","floor":40,"turns":6},{"damage":0,"enemies":"3 Darklings","floor":45,"turns":3},{"damage":0,"enemies":"4 Shapes","floor":47,"turns":4},{"damage":3,"enemies":"Jaw Worm Horde","floor":48,"turns":4},{"damage":0,"enemies":"Donu and Deca","floor":50,"turns":8}],"seed_played":"8058504202001530952","potions_obtained":[{"floor":1.0,"key":"SpeedPotion"},{"floor":4.0,"key":"LiquidMemories"},{"floor":6.0,"key":"FearPotion"},{"floor":16.0,"key":"ColorlessPotion"},{"floor":27.0,"key":"FairyPotion"}],"is_trial":false,"path_per_floor":["M","?","M","M","$","E","R","M","T","R","?","E","R","M","R","B",null,"M","$","M","M","$","R","M","R","T","E","?","M","?","M","R","B",null,"M","?","?","?","?","E","$","R","T","$","M","$","M","M","R","B",null],"character_chosen":"Hololive_HololiveCharacter","items_purchased":["Hololive_StrengthChampion","Boot","Hololive_LightStick","Bronze Scales","Hololive_CallOzoraSubaru+1"],"campfire_rested":0,"item_purchase_floors":[5,22,41,41,46],"current_hp_per_floor":[35,35,35,35,35,24,24,24,24,35,27,27,35,35,35,3,35,31,31,30,31,31,38,39,39,39,40,32,33,33,34,44,41,45,46,40,40,40,40,41,41,47,47,47,48,48,49,47,50,51],"gold":172,"neow_bonus":"THREE_CARDS","is_daily":false,"chose_seed":false,"campfire_upgraded":8,"win_rate":0.0,"timestamp":1609509259,"path_taken":["M","?","?","M","$","E","R","M","T","R","?","E","R","M","R","BOSS","M","$","M","M","$","R","M","R","T","E","?","M","?","M","R","BOSS","M","?","?","?","?","E","$","R","T","?","M","$","M","?","R","BOSS"],"items_purchased_type":["Card","Relic","Relic","Relic","Card"],"build_version":"2020-12-22","purchased_purges":3,"victory":true,"max_hp_per_floor":[35,35,35,35,35,35,35,35,35,35,35,35,35,35,35,35,35,36,36,37,38,38,38,39,39,39,40,42,43,43,44,44,45,45,46,46,46,46,46,47,47,47,47,47,48,48,49,50,50,51],"card_choices":[{"not_picked":["Hololive_FlyingPonyTail","Hololive_Trident"],"picked":"Hololive_RevenueBasedLive","floor":0.0},{"not_picked":["Hololive_BringToTrial","Hololive_Drill","Hololive_CallShiranuiFlare"],"picked":"Hololive_CallHoshimachiSuisei","floor":1.0},{"not_picked":[],"picked":"Hololive_RevenueBasedLive","floor":2.0},{"not_picked":[],"picked":"Hololive_Breathe","floor":2.0},{"not_picked":[],"picked":"Hololive_CallUsadaPekora","floor":2.0},{"not_picked":[],"picked":"Hololive_RevenueBasedLive","floor":2.0},{"not_picked":[],"picked":"Hololive_CallTokinoSora","floor":2.0},{"not_picked":[],"picked":"Hololive_StarCraft","floor":2.0},{"not_picked":["Hololive_Drill","Hololive_OvertimeWork","Hololive_CallOkamiMio"],"picked":"Hololive_StrengthChampion","floor":3.0},{"not_picked":["Hololive_CallMinatoAqua","Hololive_LuckPotion","Hololive_Drill"],"picked":"Hololive_Psychosis","floor":4.0},{"not_picked":["Hololive_CallUsadaPekora","Hololive_CallOkamiMio","Hololive_Drill"],"picked":"Hololive_CallYuzukiChoco","floor":6.0},{"not_picked":["Hololive_CallShishiroBotan","Hololive_RevenueBasedLive","Hololive_Sequa","Hololive_OvertimeWork"],"picked":"SKIP","floor":8.0},{"not_picked":["Hololive_CallMinatoAqua","Hololive_CallSakuraMiko","Hololive_CallYukihanaLamy"],"picked":"Hololive_MaximGun","floor":12.0},{"not_picked":["Hololive_Breathe","Hololive_OvertimeWork","Hololive_Drill"],"picked":"Hololive_LuckPotion","floor":14.0},{"not_picked":["Hololive_DurableLive","Hololive_Recruit","Hololive_Rebirth"],"picked":"Hololive_AWSL","floor":16.0},{"not_picked":["Hololive_Drill","Hololive_RevenueBasedLive"],"picked":"SKIP","floor":18.0},{"not_picked":["Hololive_Yoholoon","Hololive_CallTokoyamiTowa+1"],"picked":"SKIP","floor":20.0},{"not_picked":["Hololive_Trident+1","Hololive_Sequa+1"],"picked":"SKIP","floor":21.0},{"not_picked":["Hololive_CocoNews"],"picked":"Hololive_CallCivia","floor":24.0},{"not_picked":["Hololive_OvertimeWork"],"picked":"Hololive_LuckPotion","floor":27.0},{"not_picked":["Hololive_Rebound"],"picked":"Hololive_CallYukihanaLamy","floor":28.0},{"not_picked":["Hololive_FlyingPonyTail"],"picked":"Hololive_LuckPotion","floor":29},{"not_picked":["Hololive_CocoNews","Hololive_ManjiGathering"],"picked":"SKIP","floor":31},{"not_picked":["Hololive_WolfAndLamb"],"picked":"Hololive_Rebirth","floor":33},{"not_picked":["Hololive_OvertimeWork+1"],"picked":"Hololive_CallSakuraMiko+1","floor":35},{"not_picked":["Discovery"],"picked":"Mind Blast","floor":38},{"not_picked":["Hololive_Psychosis"],"picked":"Hololive_HuntDinosaur+1","floor":40},{"not_picked":["Hololive_Psychosis"],"picked":"Hololive_CallOmaruPolka+1","floor":45},{"not_picked":["Hololive_CocoNews"],"picked":"Hololive_CallAkiRosenthal+1","floor":47},{"not_picked":["Hololive_FlyingPonyTail"],"picked":"Hololive_CallShishiroBotan+1","floor":48}],"player_experience":61944,"relics_obtained":[{"floor":6.0,"key":"Peace Pipe"},{"floor":9.0,"key":"Eternal Feather"},{"floor":12.0,"key":"Bag of Marbles"},{"floor":26.0,"key":"Whetstone"},{"floor":27.0,"key":"HornCleat"},{"floor":28.0,"key":"WingedGreaves"},{"floor":28.0,"key":"Meat on the Bone"},{"floor":40,"key":"Frozen Egg 2"}],"event_choices":[{"damage_healed":0.0,"max_hp_gain":0.0,"max_hp_loss":0.0,"gold_gain":0.0,"event_name":"Golden Idol","player_choice":"Take Damage","floor":11.0,"gold_loss":0.0,"damage_taken":8.0,"relics_obtained":["Golden Idol"]},{"damage_healed":0.0,"max_hp_gain":0.0,"max_hp_loss":0.0,"gold_gain":0.0,"event_name":"Colosseum","player_choice":"Fight","floor":28.0,"gold_loss":0.0,"damage_taken":0.0},{"damage_healed":0.0,"max_hp_gain":0.0,"max_hp_loss":0.0,"gold_gain":0.0,"event_name":"Colosseum","player_choice":"Fought Nobs","floor":28.0,"gold_loss":0.0,"damage_taken":0.0},{"damage_healed":0,"gold_gain":0,"player_choice":"Read","damage_taken":0,"max_hp_gain":0,"max_hp_loss":0,"event_name":"The Library","floor":30,"gold_loss":0,"cards_obtained":["Hololive_CallKiryuuCoco"]},{"damage_healed":0,"gold_gain":0,"player_choice":"Embrace Madness","damage_taken":6,"max_hp_gain":0,"max_hp_loss":0,"event_name":"Winding Halls","floor":36,"gold_loss":0,"cards_obtained":["Madness","Madness"]},{"cards_removed":["Hololive_Defend"],"damage_healed":0,"gold_gain":0,"player_choice":"Removed Skill","damage_taken":0,"max_hp_gain":0,"max_hp_loss":0,"event_name":"Falling","floor":37,"gold_loss":0},{"damage_healed":0,"gold_gain":0,"player_choice":"Memory 1","damage_taken":0,"max_hp_gain":0,"max_hp_loss":0,"event_name":"SensoryStone","floor":38,"gold_loss":0},{"damage_healed":0,"gold_gain":0,"player_choice":"Ignored","damage_taken":0,"max_hp_gain":0,"max_hp_loss":0,"event_name":"Tomb of Lord Red Mask","floor":39,"gold_loss":0}],"is_beta":false,"boss_relics":[{"not_picked":["Runic Dome","Fusion Hammer"],"picked":"Busted Crown"},{"not_picked":["Hololive_TopUpMoneyS","Calling Bell"],"picked":"Hololive_Finger"}],"items_purged_floors":[19,22,41],"is_endless":false,"potions_floor_spawned":[1,4,6,16,21,24,27,28,31,35,47],"ascension_level":0}}