{"host":"etr9f2q07ig588e0","time":1609496840,"event":{"mods":["BaseMod","Downfall","Googly Eyes","Hubris","Minty Spire (QoL Compilation)","Replay The Spire","StSLib","SuperFastMode"],"gold_per_floor":[109,109,164,164,20,20,46,61,85,85,38,38,13,31,31,131,131,131,131],"floor_reached":18,"playtime":735,"items_purged":[],"score":172,"play_id":"27355b61-f38b-48fb-be59-36bd16719eef","local_time":"20210101132720","is_ascension_mode":true,"campfire_choices":[{"data":"Eruption","floor":6,"key":"SMITH"},{"floor":10,"key":"REST"},{"data":"Indignation","floor":12,"key":"SMITH"},{"floor":15,"key":"DIG"}],"circlet_count":0,"master_deck":["Strike_P","Strike_P","Strike_P","Defend_P","Defend_P","Defend_P","Defend_P","Eruption+1","Vigilance","expansioncontent:PolyBeam+1","Tantrum","WindmillStrike+1","Indignation+1","CarveReality","EmptyBody","EmptyBody","Prostrate","CrushJoints","Protect","EmptyFist","Ragnarok"],"relics":["PureWater","Membership Card","hubris:PeanutButter","Blue Doll","Bag of Preparation","Ectoplasm"],"acts_visited":["Exordium","TheCity"],"potions_floor_usage":[],"damage_taken":[{"damage":6,"enemies":"2 Louse","floor":1,"turns":3},{"damage":5,"enemies":"Lagavulin","floor":7,"turns":4},{"damage":4,"enemies":"Small Slimes","floor":8,"turns":2},{"damage":9,"enemies":"Jaw Worm","floor":14,"turns":2},{"damage":29,"enemies":"The Guardian","floor":16,"turns":12},{"damage":77,"enemies":"Shell Parasite","floor":18,"turns":7}],"seed_played":"7387404514770020427","potions_obtained":[{"floor":14,"key":"Slimebound:ThreeZeroPotion"},{"floor":16,"key":"sneckomod:MuddlingPotion"}],"is_trial":false,"path_per_floor":["M","?","?","?","$","R","E","M","T","R","$","R","$","M","R","B",null,"M"],"character_chosen":"WATCHER","items_purchased":["Membership Card","EmptyBody","Prostrate","CrushJoints","Protect"],"campfire_rested":1,"item_purchase_floors":[5,11,11,11,13],"current_hp_per_floor":[66,66,66,66,66,66,61,57,57,72,72,72,72,63,63,34,72,0,0],"gold":131,"neow_bonus":"RANDOM_COLORLESS","is_daily":false,"chose_seed":false,"campfire_upgraded":2,"win_rate":0.0,"timestamp":1609496840,"path_taken":["M","?","?","?","$","R","E","M","T","R","?","R","$","M","R","BOSS","M"],"items_purchased_type":["Relic","Card","Card","Card","Card"],"build_version":"2020-12-22","purchased_purges":0,"victory":false,"max_hp_per_floor":[72,72,72,72,72,72,72,72,72,72,72,72,72,72,72,72,72,72,72],"card_choices":[{"not_picked":["Bandage Up","Jack Of All Trades"],"picked":"expansioncontent:PolyBeam","floor":0},{"not_picked":["MentalFortress","Worship"],"picked":"Tantrum","floor":1},{"not_picked":["Evaluate","Replay:AllIn"],"picked":"Indignation","floor":7},{"not_picked":["Evaluate","ThirdEye"],"picked":"CarveReality","floor":8},{"not_picked":["WaveOfTheHand","Halt"],"picked":"EmptyFist","floor":14},{"not_picked":["Brilliance","SpiritShield"],"picked":"Ragnarok","floor":16}],"player_experience":473836,"relics_obtained":[{"floor":7,"key":"hubris:PeanutButter"},{"floor":9,"key":"Blue Doll"},{"floor":15,"key":"Bag of Preparation"}],"event_choices":[{"damage_healed":0,"gold_gain":55,"player_choice":"Gained Gold","damage_taken":0,"max_hp_gain":0,"max_hp_loss":0,"event_name":"Golden Wing","floor":3,"gold_loss":0}],"is_beta":false,"boss_relics":[{"not_picked":["hubris:CrackedHourglass","Tiny House"],"picked":"Ectoplasm"}],"items_purged_floors":[],"is_endless":false,"potions_floor_spawned":[14,16],"killed_by":"Shell Parasite","ascension_level":2}}