{"host":"g1wmg2w41xhsnw8g","time":1609477277,"event":{"mods":["2.2 Compatiblity","Act Like it!","Aspiration","BaseMod","Better Altar","Better Match","Better Note","Better Sensory Stone","Better Skull","Better Third Choice","BetterRewards","Booster Modes","CapriCore","CatGirl Mod","Colored Map","Colored Powertips","Curses Come First","Defuse TimeMaze Blight","Displayed Cursed Tome","Evolution","Friendly Minions","GifTheSpireLib","Googly Eyes","Infinite Spire","Minty Spire (QoL Compilation)","Red Circlet Mod","Relic Sorter","SCP261 Mod","Shop Mod","Spicy Shops","StSLib","The Sage","Transform Curses","Wandering Minibosses","????"],"gold_per_floor":[114,130,130,80,95,95,108,108,108,108,133,133,143,153,42,143,143,153,167,167,167,167,167],"floor_reached":22,"playtime":1351,"items_purged":[],"score":247,"play_id":"f9caee96-6189-4dcc-8d1b-95f80efe3680","local_time":"20210101000117","daily_mods":["SealedDeck","Specialized","Heirloom","Elite Swarm"],"is_ascension_mode":true,"campfire_choices":[{"data":"DevaForm","floor":6,"key":"SMITH"},{"data":"Omniscience","floor":10,"key":"SMITH"},{"data":"ForeignInfluence","floor":12,"key":"SMITH"}],"circlet_count":0,"master_deck":["SashWhip","SashWhip","SashWhip","SashWhip","SashWhip","EmptyBody","Prostrate","FlyingSleeves","Consecrate","ClearTheMind","LikeWater+1","ForeignInfluence+1","Omniscience+1","DevaForm+1","DeceiveReality+1","Ragnarok","ClearTheMind+1","FlurryOfBlows","SpiritShield+1","SandsOfTime+1"],"relics":["PureWater","EVO:Axolotl","Torii","Toxic Egg 2","Bottled Flame","PreservedInsect","MerchantsRug","aspiration:SilentSkillbook","Happy Flower"],"acts_visited":["Exordium","TheCity"],"potions_floor_usage":[14,19],"damage_taken":[{"damage":1,"enemies":"Small Slimes","floor":1,"turns":3},{"damage":0,"enemies":"Jaw Worm","floor":2,"turns":3},{"damage":1,"enemies":"Cultist","floor":5,"turns":3},{"damage":14,"enemies":"Red Slaver","floor":7,"turns":3},{"damage":0,"enemies":"Lagavulin","floor":11,"turns":5},{"damage":9,"enemies":"Large Slime","floor":13,"turns":5},{"damage":7,"enemies":"2 Fungi Beasts","floor":14,"turns":2},{"damage":6,"enemies":"Hexaghost","floor":16,"turns":10},{"damage":54,"enemies":"Spheric Guardian","floor":18,"turns":6},{"damage":8,"enemies":"3 Byrds","floor":19,"turns":3},{"damage":14,"enemies":"3 Cultists","floor":22,"turns":3}],"seed_played":"-7925472485104459258","potions_obtained":[{"floor":1,"key":"SpeedPotion"},{"floor":5,"key":"SteroidPotion"},{"floor":13,"key":"AttackPotion"},{"floor":18,"key":"Explosive Potion"}],"is_trial":true,"path_per_floor":["M","M","?","?","M","R","M","$","T","R","E","R","M","M","R","B",null,"M","M","?","?","M"],"character_chosen":"WATCHER","items_purchased":["MerchantsRug"],"campfire_rested":0,"item_purchase_floors":[15],"current_hp_per_floor":[71,71,71,71,70,70,56,56,56,56,56,56,47,40,40,34,72,18,10,10,10,0,0],"gold":167,"neow_bonus":"","is_daily":false,"chose_seed":false,"campfire_upgraded":3,"win_rate":0.0,"timestamp":1609477277,"path_taken":["M","M","?","?","?","R","M","?","T","R","E","R","M","?","R","BOSS","M","M","?","?","?"],"items_purchased_type":["Relic"],"build_version":"2020-12-22","purchased_purges":0,"victory":false,"max_hp_per_floor":[72,72,72,72,72,72,72,72,72,72,72,72,72,72,72,72,72,72,72,72,72,72,72],"card_choices":[{"not_picked":["InnerPeace","BowlingBash","JustLucky"],"picked":"SKIP","floor":1},{"not_picked":["WreathOfFlame","CutThroughFate","ClearTheMind"],"picked":"SKIP","floor":2},{"not_picked":["FearNoEvil","Consecrate","EmptyMind+1"],"picked":"SKIP","floor":5},{"not_picked":["WheelKick","EmptyMind+1"],"picked":"DeceiveReality+1","floor":7},{"not_picked":["Vault+1","SpiritShield+1"],"picked":"Ragnarok","floor":11},{"not_picked":["Wallop","Meditate+1"],"picked":"ClearTheMind+1","floor":13},{"not_picked":["CrushJoints","Consecrate"],"picked":"FlurryOfBlows","floor":14},{"not_picked":["Omniscience+1","Blasphemy+1"],"picked":"SpiritShield+1","floor":16},{"not_picked":["WreathOfFlame+1","Blade Dance+1","Flying Knee+1"],"picked":"SandsOfTime+1","floor":18},{"not_picked":["Deflect+1","Distraction+1","WreathOfFlame+1","ClearTheMind+1"],"picked":"SKIP","floor":19}],"player_experience":972984,"relics_obtained":[{"floor":9,"key":"Bottled Flame"},{"floor":11,"key":"PreservedInsect"}],"event_choices":[{"cards_removed":["Injury"],"damage_healed":0,"gold_gain":0,"player_choice":"Card Removal","damage_taken":0,"max_hp_gain":0,"max_hp_loss":0,"event_name":"The Cleric","floor":4,"gold_loss":50},{"cards_removed":["Wireheading"],"damage_healed":0,"gold_gain":0,"player_choice":"Gave Card","damage_taken":0,"relics_obtained":["Happy Flower"],"max_hp_gain":0,"max_hp_loss":0,"event_name":"WeMeetAgain","floor":20,"gold_loss":0},{"damage_healed":0,"gold_gain":0,"player_choice":"Upgraded","damage_taken":0,"max_hp_gain":0,"max_hp_loss":0,"event_name":"Upgrade Shrine","floor":21,"gold_loss":0,"cards_upgraded":["LikeWater"]}],"is_beta":false,"boss_relics":[{"not_picked":["Runic Pyramid","aspiration:RitualDagger"],"picked":"aspiration:SilentSkillbook"}],"items_purged_floors":[],"is_endless":false,"potions_floor_spawned":[1,5,13,18],"killed_by":"3 Cultists","ascension_level":1}}