{"host":"359hz4210ybch7ku","time":1609540392,"event":{"mods":["BaseMod","Block Reminder","Colored Map","Colored Powertips","Highlight Path","Minty Spire (QoL Compilation)","Slay the Relics Exporter","StSLib"],"gold_per_floor":[367,367,379,398,15,15,42,42,42,42,42,56,75,101,113,224,236,258,284,313,33,49,49,84,95,120,120,120,66,66,77,77,173,173,212,248,248,296,296,296,356,356,356,356,356,418,103,103,103,103],"floor_reached":51,"playtime":6757,"items_purged":["Defend_P","Vigilance"],"score":1033,"play_id":"3468113f-d911-4933-88f3-0520a2f59c1a","local_time":"20210101143312","is_ascension_mode":false,"campfire_choices":[{"data":"Eruption","floor":6,"key":"SMITH"},{"data":"TalkToTheHand","floor":8,"key":"SMITH"},{"data":"1","floor":10,"key":"LIFT"},{"data":"2","floor":15,"key":"LIFT"},{"data":"Wallop","floor":23,"key":"SMITH"},{"data":"SashWhip","floor":28,"key":"SMITH"},{"floor":30,"key":"REST"},{"data":"Protect","floor":32,"key":"SMITH"},{"data":"LessonLearned","floor":40,"key":"SMITH"},{"floor":42,"key":"REST"},{"data":"3","floor":44,"key":"LIFT"},{"data":"DevaForm","floor":49,"key":"SMITH"}],"circlet_count":0,"master_deck":["Strike_P+1","Strike_P+1","Strike_P+1","Defend_P+1","Defend_P+1","Eruption+1","TalkToTheHand+1","Collect+1","InnerPeace","Wallop+1","Sanctity+1","InnerPeace","Prostrate+1","SashWhip+1","Swivel","Consecrate","LessonLearned+1","Swivel+1","Consecrate","LikeWater+1","Prostrate+1","Evaluate+1","Protect+1","Prostrate","Wish+1","Vengeance","Consecrate+1","Protect","DevaForm+1","Consecrate"],"relics":["PureWater","Tiny Chest","Girya","Unceasing Top","MawBank","Sozu","Calipers","Potion Belt","Dream Catcher","Busted Crown","Letter Opener","Damaru","Centennial Puzzle","Nunchaku"],"acts_visited":["TheCity","TheBeyond"],"potions_floor_usage":[14,16,16,33],"damage_taken":[{"damage":0,"enemies":"2 Louse","floor":1,"turns":3},{"damage":0,"enemies":"Cultist","floor":3,"turns":2},{"damage":1,"enemies":"Small Slimes","floor":4,"turns":3},{"damage":0,"enemies":"Lagavulin","floor":7,"turns":5},{"damage":0,"enemies":"Blue Slaver","floor":12,"turns":3},{"damage":0,"enemies":"3 Louse","floor":13,"turns":4},{"damage":3,"enemies":"Gremlin Nob","floor":14,"turns":4},{"damage":18,"enemies":"The Guardian","floor":16,"turns":11},{"damage":8,"enemies":"2 Thieves","floor":18,"turns":3},{"damage":0,"enemies":"Chosen","floor":19,"turns":3},{"damage":0,"enemies":"Centurion and Healer","floor":20,"turns":6},{"damage":5,"enemies":"Chosen and Byrds","floor":22,"turns":6},{"damage":0,"enemies":"Book of Stabbing","floor":24,"turns":5},{"damage":27,"enemies":"Cultist and Chosen","floor":25,"turns":6},{"damage":0,"enemies":"3 Cultists","floor":31,"turns":5},{"damage":0,"enemies":"Collector","floor":33,"turns":13},{"damage":21,"enemies":"3 Shapes","floor":35,"turns":4},{"damage":0,"enemies":"3 Darklings","floor":36,"turns":5},{"damage":0,"enemies":"Transient","floor":38,"turns":5},{"damage":23,"enemies":"Nemesis","floor":41,"turns":11},{"damage":6,"enemies":"Giant Head","floor":46,"turns":6},{"damage":32,"enemies":"Time Eater","floor":50,"turns":12}],"seed_played":"-2732880298330580686","potions_obtained":[{"floor":4,"key":"LiquidMemories"},{"floor":7,"key":"Dexterity Potion"},{"floor":12,"key":"FearPotion"},{"floor":13,"key":"CultistPotion"},{"floor":16,"key":"Energy Potion"}],"is_trial":false,"path_per_floor":["M","?","M","M","$","R","E","R","T","R","$","M","M","E","R","B",null,"M","M","M","$","M","R","E","M","T","?","R","$","R","M","R","B",null,"M","M","?","M","T","R","E","R","T","R","?","E","$","?","R","B",null],"character_chosen":"WATCHER","items_purchased":["Tiny Chest","Sanctity","InnerPeace","Calipers","Protect","DevaForm","Consecrate"],"campfire_rested":2,"item_purchase_floors":[5,5,5,21,29,47,47],"current_hp_per_floor":[51,51,51,50,50,50,50,50,50,50,50,50,50,47,47,29,72,64,64,64,64,59,59,59,32,32,32,32,32,53,53,53,53,72,51,51,51,51,51,51,28,48,48,48,48,42,42,42,42,10],"gold":103,"neow_bonus":"TWO_FIFTY_GOLD","is_daily":false,"chose_seed":false,"campfire_upgraded":7,"win_rate":0.0,"timestamp":1609540392,"path_taken":["M","?","M","M","$","R","E","R","T","R","$","M","M","E","R","BOSS","M","M","M","$","?","R","E","M","T","?","R","$","R","M","R","BOSS","M","M","?","M","?","R","E","R","T","R","?","E","$","?","R","BOSS"],"items_purchased_type":["Relic","Card","Card","Relic","Card","Card","Card"],"build_version":"2020-12-22","purchased_purges":2,"victory":true,"max_hp_per_floor":[72,72,72,72,72,72,72,72,72,72,72,72,72,72,72,72,72,72,72,72,72,72,72,72,72,72,72,72,72,72,72,72,72,72,72,72,68,68,68,68,68,68,68,68,68,68,68,68,68,68],"card_choices":[{"not_picked":["CutThroughFate","BowlingBash"],"picked":"TalkToTheHand","floor":1},{"not_picked":["SashWhip","WreathOfFlame"],"picked":"InnerPeace","floor":3},{"not_picked":["WheelKick","SashWhip"],"picked":"Wallop","floor":4},{"not_picked":["FollowUp","Scrawl"],"picked":"Prostrate","floor":7},{"not_picked":["CrushJoints","Halt"],"picked":"SashWhip","floor":12},{"not_picked":["EmptyBody","Meditate"],"picked":"Swivel","floor":13},{"not_picked":["BowlingBash","Halt"],"picked":"Consecrate","floor":14},{"not_picked":["Vault","Omniscience"],"picked":"LessonLearned","floor":16},{"not_picked":["PathToVictory","FlyingSleeves"],"picked":"Swivel+1","floor":18},{"not_picked":["SashWhip","ClearTheMind+1"],"picked":"Consecrate","floor":19},{"not_picked":["Study","Evaluate","Worship"],"picked":"SKIP","floor":20},{"not_picked":["CutThroughFate","EmptyBody+1"],"picked":"LikeWater","floor":22},{"not_picked":["Sanctity","Consecrate"],"picked":"Prostrate","floor":24},{"not_picked":["EmptyFist","Crescendo"],"picked":"Evaluate+1","floor":25},{"not_picked":["BattleHymn+1","ThirdEye"],"picked":"Prostrate","floor":31},{"not_picked":["LessonLearned","MasterReality"],"picked":"Wish","floor":33},{"not_picked":[],"picked":"Vengeance","floor":35},{"not_picked":["FlyingSleeves"],"picked":"SKIP","floor":36},{"not_picked":["CrushJoints"],"picked":"SKIP","floor":38},{"not_picked":[],"picked":"Consecrate+1","floor":41},{"not_picked":[],"picked":"Protect","floor":42},{"not_picked":["EmptyFist+1"],"picked":"SKIP","floor":46}],"player_experience":111505,"relics_obtained":[{"floor":7,"key":"Girya"},{"floor":9,"key":"Unceasing Top"},{"floor":14,"key":"MawBank"},{"floor":24,"key":"Potion Belt"},{"floor":26,"key":"Dream Catcher"},{"floor":39,"key":"Letter Opener"},{"floor":41,"key":"Damaru"},{"floor":43,"key":"Centennial Puzzle"},{"floor":46,"key":"Nunchaku"}],"event_choices":[{"damage_healed":0,"gold_gain":0,"cards_transformed":["Defend_P"],"player_choice":"Transformed","damage_taken":0,"max_hp_gain":0,"max_hp_loss":0,"event_name":"Transmorgrifier","floor":2,"gold_loss":0,"cards_obtained":["Collect"]},{"damage_healed":0,"gold_gain":0,"player_choice":"Simplicity","damage_taken":0,"max_hp_gain":0,"max_hp_loss":0,"event_name":"Back to Basics","floor":27,"gold_loss":0,"cards_upgraded":["Strike_P","Strike_P","Strike_P","Defend_P"]},{"damage_healed":0,"gold_gain":0,"player_choice":"Max HP","damage_taken":0,"max_hp_gain":0,"max_hp_loss":4,"event_name":"Winding Halls","floor":37,"gold_loss":0},{"damage_healed":0,"gold_gain":0,"player_choice":"Ignored","damage_taken":0,"max_hp_gain":0,"max_hp_loss":0,"event_name":"Tomb of Lord Red Mask","floor":45,"gold_loss":0},{"cards_removed":["Strike_P"],"damage_healed":0,"gold_gain":0,"player_choice":"Removed Attack","damage_taken":0,"max_hp_gain":0,"max_hp_loss":0,"event_name":"Falling","floor":48,"gold_loss":0}],"is_beta":false,"boss_relics":[{"not_picked":["Coffee Dripper","Fusion Hammer"],"picked":"Sozu"},{"not_picked":["SlaversCollar","Calling Bell"],"picked":"Busted Crown"}],"items_purged_floors":[5,47],"is_endless":false,"potions_floor_spawned":[4,7,12,13,16,19,24,38,46],"ascension_level":0}}