{"host":"5fasz840ryq7obdf","time":1609524837,"event":{"mods":["AchievementEnabler","BaseMod","Bestiary","Better Altar","Better Skull","Better Third Choice","BetterRewards","Block Reminder","Colored Powertips","Curses Come First","Highlight Path","Minty Spire (QoL Compilation)","Quick Restart","Relic Sorter","Relic Stats","Replay The Spire","Shop Mod","Spicy Shops","StSLib","SuperFastMode"],"gold_per_floor":[113,133,21,39,54,79,99,134,134,134,149,184,22,51,51,129,129,146,23,36,36,54,89,89,118,145,145,145,170,170,208,208,296,296,319,343,378,16,39,80,80,80,127,127,154,154,187,222,222,234,234],"floor_reached":50,"playtime":7431,"items_purged":["Parasite"],"score":1470,"play_id":"24d0b3bb-69b9-408a-b300-b691d4a9e668","local_time":"20210101181357","is_ascension_mode":true,"campfire_choices":[{"floor":10.0,"key":"REST"},{"data":"Fusion","floor":15.0,"key":"SMITH"},{"data":"Fission","floor":27.0,"key":"SMITH"},{"floor":30.0,"key":"REST"},{"data":"Shame","floor":32.0,"key":"PURGE"},{"data":"Machine Learning","floor":41,"key":"SMITH"},{"data":"Buffer","floor":46,"key":"SMITH"},{"floor":49,"key":"RECALL"}],"circlet_count":0,"master_deck":["AscendersBane","Strike_B","Strike_B","Strike_B","Defend_B","Defend_B","Defend_B","Zap","Dualcast","Replay:Bootleg Shield Generator","Turbo+1","Undo","Redo","Self Repair","Fusion+1","Compile Driver","Coolheaded","Skim","ReplaySolidLightProjector","Hologram+1","BasicCrystalCard","Hologram","Rebound","Buffer+1","BootSequence","Reinforced Body","Self Repair","Panic Button+1","Leap","Steam+1","Fission+1","Auto Shields","Coolheaded+1","Doom and Gloom","Hologram+1","Machine Learning+1","Sunder","Stack","Go for the Eyes","Genetic Algorithm","FTL+1","Go for the Eyes+1","Stack","Skim"],"relics":["Cracked Core","Lantern","Symbiotic Virus","HandDrill","Geode","ReplayTheSpireMod:TigerMarble","Mummified Hand","Ice Cream","Replay:Frozen Program","Peace Pipe","Velvet Choker","Turnip","InkBottle","DataDisk","Juzu Bracelet","Dream Catcher","CeramicFish","SlaversCollar","Membership Card","ReplayTheSpireMod:Shallot","Divine Protection","Replay:Bandana"],"acts_visited":["Exordium","TheCity","TheBeyond"],"potions_floor_usage":[37,37],"damage_taken":[{"damage":2.0,"enemies":"Small Slimes","floor":1.0,"turns":3.0},{"damage":0.0,"enemies":"Cultist","floor":2.0,"turns":4.0},{"damage":2.0,"enemies":"Jaw Worm","floor":4.0,"turns":3.0},{"damage":7.0,"enemies":"Lots of Slimes","floor":5.0,"turns":5.0},{"damage":12.0,"enemies":"Gremlin Nob","floor":6.0,"turns":2.0},{"damage":10.0,"enemies":"Blue Slaver","floor":7.0,"turns":3.0},{"damage":14.0,"enemies":"3 Sentries","floor":8.0,"turns":11.0},{"damage":0.0,"enemies":"Exordium Wildlife","floor":11.0,"turns":2.0},{"damage":5.0,"enemies":"Lagavulin","floor":12.0,"turns":4.0},{"damage":0.0,"enemies":"3 Sentries","floor":14.0,"turns":8.0},{"damage":10.0,"enemies":"Hexaghost","floor":16.0,"turns":6.0},{"damage":32.0,"enemies":"2 Thieves","floor":18.0,"turns":4.0},{"damage":3.0,"enemies":"Spheric Guardian","floor":20.0,"turns":5.0},{"damage":6.0,"enemies":"Shelled Parasite and Fungi","floor":22.0,"turns":5.0},{"damage":20.0,"enemies":"Slavers","floor":23.0,"turns":8.0},{"damage":18.0,"enemies":"Book of Stabbing","floor":25.0,"turns":6.0},{"damage":25.0,"enemies":"Slavers","floor":29.0,"turns":12.0},{"damage":11.0,"enemies":"Gremlin Leader","floor":31.0,"turns":9.0},{"damage":25.0,"enemies":"Champ","floor":33.0,"turns":14.0},{"damage":1.0,"enemies":"Orb Walker","floor":35.0,"turns":4.0},{"damage":21,"enemies":"3 Darklings","floor":36,"turns":6},{"damage":2,"enemies":"Writhing Mass","floor":37,"turns":4},{"damage":2,"enemies":"4 Shapes","floor":39,"turns":9},{"damage":6,"enemies":"R_Hoarder","floor":40,"turns":11},{"damage":0,"enemies":"Transient","floor":45,"turns":6},{"damage":0,"enemies":"Nemesis","floor":47,"turns":11},{"damage":0,"enemies":"Spire Growth","floor":48,"turns":6},{"damage":78,"enemies":"Replay:Hell Engine","floor":50,"turns":14}],"seed_played":"3028297834345292895","potions_obtained":[{"floor":1.0,"key":"Death Potion"},{"floor":5.0,"key":"PotionOfCapacity"},{"floor":7.0,"key":"Block Potion"},{"floor":11.0,"key":"AttackPotion"},{"floor":16.0,"key":"LiquidMemories"},{"floor":25.0,"key":"Dexterity Potion"},{"floor":31.0,"key":"Adrenaline Potion"},{"floor":33.0,"key":"AttackPotion"},{"floor":40,"key":"Swift Potion"},{"floor":47,"key":"Adrenaline Potion"}],"is_trial":false,"path_per_floor":["M","M","$","M","M","E","M","E","T","R","M","E","$","E","R","B",null,"M","$","M","?","M","E","?","E","T","R","?","E","R","E","R","B",null,"M","M","M","$","M","E","R","?","T","?","M","R","E","M","R","B"],"character_chosen":"DEFECT","items_purchased":["Lantern","Replay:Bootleg Shield Generator","Turbo+1","Undo","Symbiotic Virus","HandDrill","Fusion","Replay:Frozen Program","Reinforced Body","Self Repair","Membership Card","ReplayTheSpireMod:Shallot","Genetic Algorithm"],"campfire_rested":2,"item_purchase_floors":[0,0,0,0,0,0,3,13,19,19,38,38,38],"current_hp_per_floor":[30,30,30,35,35,23,20,13,13,34,41,43,43,50,50,47,65,33,33,44,44,52,39,39,35,35,35,35,24,45,48,48,37,63,71,64,69,68,68,68,68,68,68,68,68,68,68,68,68,0,0],"gold":234,"neow_bonus":"","is_daily":false,"chose_seed":false,"campfire_upgraded":4,"win_rate":0.0,"timestamp":1609524837,"path_taken":["M","M","$","M","M","E","M","E","T","R","M","E","$","E","R","BOSS","M","$","M","?","M","E","?","E","T","R","?","E","R","E","R","BOSS","M","M","M","$","M","E","R","?","T","?","M","R","E","M","R","BOSS"],"items_purchased_type":["Relic","Card","Card","Card","Relic","Relic","Card","Relic","Card","Card","Relic","Relic","Card"],"build_version":"2020-12-22","purchased_purges":1,"victory":false,"max_hp_per_floor":[71,71,71,71,71,71,71,71,71,71,71,71,71,71,71,71,71,71,71,71,71,71,71,71,71,71,71,71,71,71,71,71,71,71,71,71,71,68,68,68,68,68,68,68,68,68,68,68,68,68,68],"relic_stats":{"Peace Pipe":1,"Dream Catcher":1,"counters":[56,298],"Mummified Hand":[54],"CeramicFish":99,"Turnip":[20],"HandDrill":[42],"Juzu Bracelet":2,"obtain_stats":[{"Darkstone Periapt":30,"Ice Cream":0,"Divine Protection":40,"Lantern":0,"Torii":0,"Singing Bowl":0,"CeramicFish":31,"Runic Capacitor":0,"Juzu Bracelet":26,"Ancient Tea Set":14,"Sozu":17,"Emotion Chip":0,"Dream Catcher":29,"Replay:Bandana":47,"Replay:Frozen Program":0,"DollysMirror":31,"Mummified Hand":9,"Gambling Chip":6,"Tiny Chest":0,"Red Mask":20,"HandDrill":0,"Kunai":25,"Cracked Core":0,"InkBottle":23,"Happy Flower":19,"Oddly Smooth Stone":0,"Velvet Choker":17,"PreservedInsect":28,"Pen Nib":6,"Geode":6,"Cables":0,"Peace Pipe":14,"SlaversCollar":34,"DataDisk":25,"ReplayTheSpireMod:Shallot":38,"Shuriken":9,"Orrery":0,"Turnip":21,"ReplayTheSpireMod:TigerMarble":8,"Membership Card":38,"Symbiotic Virus":0,"TungstenRod":23,"Meat on the Bone":11},{"Darkstone Periapt":17,"Ice Cream":18,"Divine Protection":52,"Lantern":28,"Torii":0,"Singing Bowl":0,"CeramicFish":46,"Runic Capacitor":25,"Juzu Bracelet":44,"Ancient Tea Set":8,"Sozu":9,"Emotion Chip":0,"Dream Catcher":45,"Replay:Bandana":54,"Replay:Frozen Program":25,"DollysMirror":17,"Mummified Hand":35,"Gambling Chip":5,"Tiny Chest":18,"Red Mask":11,"HandDrill":25,"Kunai":14,"Cracked Core":0,"InkBottle":43,"Happy Flower":10,"Oddly Smooth Stone":0,"Velvet Choker":39,"PreservedInsect":16,"Pen Nib":23,"Geode":33,"Cables":0,"Peace Pipe":38,"SlaversCollar":47,"DataDisk":44,"ReplayTheSpireMod:Shallot":50,"Shuriken":6,"Orrery":0,"Turnip":41,"ReplayTheSpireMod:TigerMarble":35,"Membership Card":50,"Symbiotic Virus":28,"TungstenRod":13,"Meat on the Bone":7},{"Darkstone Periapt":66,"Ice Cream":76,"Divine Protection":261,"Lantern":113,"Torii":0,"Singing Bowl":0,"CeramicFish":213,"Runic Capacitor":103,"Juzu Bracelet":192,"Ancient Tea Set":24,"Sozu":31,"Emotion Chip":0,"Dream Catcher":204,"Replay:Bandana":278,"Replay:Frozen Program":103,"DollysMirror":66,"Mummified Hand":144,"Gambling Chip":15,"Tiny Chest":76,"Red Mask":36,"HandDrill":103,"Kunai":50,"Cracked Core":0,"InkBottle":186,"Happy Flower":35,"Oddly Smooth Stone":0,"Velvet Choker":164,"PreservedInsect":61,"Pen Nib":97,"Geode":130,"Cables":0,"Peace Pipe":158,"SlaversCollar":227,"DataDisk":192,"ReplayTheSpireMod:Shallot":241,"Shuriken":18,"Orrery":0,"Turnip":173,"ReplayTheSpireMod:TigerMarble":144,"Membership Card":241,"Symbiotic Virus":113,"TungstenRod":46,"Meat on the Bone":21}],"InkBottle":[46]},"card_choices":[{"not_picked":["Aggregate","Glacier"],"picked":"Redo","floor":1.0},{"not_picked":["Genetic Algorithm","Defragment"],"picked":"Self Repair","floor":2.0},{"not_picked":["Beam Cell","Cold Snap"],"picked":"Compile Driver","floor":4.0},{"not_picked":["Turbo","Sunder"],"picked":"Coolheaded","floor":5.0},{"not_picked":["Redo","Compile Driver"],"picked":"Skim","floor":6.0},{"not_picked":["Coolheaded","Steam Power"],"picked":"ReplaySolidLightProjector","floor":7.0},{"not_picked":["ReplayTheSpireMod:GoodbyeWorld","Fusion"],"picked":"Hologram","floor":8.0},{"not_picked":["Stack","Static Discharge"],"picked":"BasicCrystalCard","floor":11.0},{"not_picked":["Fission","ReplayGash"],"picked":"Hologram","floor":12.0},{"not_picked":["Glacier","Go for the Eyes"],"picked":"Rebound","floor":14.0},{"not_picked":["Meteor Strike","Hyperbeam"],"picked":"Buffer","floor":16.0},{"not_picked":["Leap","Cold Snap"],"picked":"BootSequence","floor":18.0},{"not_picked":["Gash+1","Streamline"],"picked":"Panic Button+1","floor":20.0},{"not_picked":["Gash","Barrage"],"picked":"Leap","floor":22.0},{"not_picked":["Sunder","Conserve Battery"],"picked":"Steam+1","floor":23.0},{"not_picked":["Coolheaded","Go for the Eyes"],"picked":"Fission","floor":25.0},{"not_picked":["ReplaySort","ReplayGash"],"picked":"Coolheaded+1","floor":29.0},{"not_picked":["BasicCrystalCard+1","Steam"],"picked":"Doom and Gloom","floor":30.0},{"not_picked":["Leap","Reprogram"],"picked":"Hologram+1","floor":31.0},{"not_picked":["Rainbow","Seek"],"picked":"Machine Learning","floor":33.0},{"not_picked":["Ball Lightning","Rip and Tear"],"picked":"Sunder","floor":35.0},{"not_picked":["Leap+1","Ball Lightning+1"],"picked":"Stack","floor":36},{"not_picked":["Rip and Tear+1","Rebound"],"picked":"Go for the Eyes","floor":37},{"not_picked":["BootSequence","Rebound+1"],"picked":"FTL+1","floor":39},{"not_picked":["Storm","ReplayTheSpireMod:Reroute Power+1"],"picked":"Go for the Eyes+1","floor":40},{"not_picked":["White Noise","Hello World"],"picked":"Stack","floor":45},{"not_picked":["ReplayTheSpireMod:Reroute Power","Fusion","Tempest"],"picked":"SKIP","floor":47},{"not_picked":["ReplayTheSpireMod:Omega Cannon","Leap+1"],"picked":"Skim","floor":48}],"player_experience":1335850,"relics_obtained":[{"floor":6.0,"key":"Geode"},{"floor":8.0,"key":"ReplayTheSpireMod:TigerMarble"},{"floor":9.0,"key":"Mummified Hand"},{"floor":12.0,"key":"Ice Cream"},{"floor":14.0,"key":"Peace Pipe"},{"floor":23.0,"key":"InkBottle"},{"floor":25.0,"key":"DataDisk"},{"floor":26.0,"key":"Juzu Bracelet"},{"floor":29.0,"key":"Dream Catcher"},{"floor":31.0,"key":"CeramicFish"},{"floor":40,"key":"Divine Protection"},{"floor":47,"key":"Replay:Bandana"}],"event_choices":[{"damage_healed":0.0,"max_hp_gain":0.0,"max_hp_loss":0.0,"gold_gain":0.0,"event_name":"Addict","player_choice":"Stole Relic","floor":21.0,"gold_loss":0.0,"damage_taken":0.0,"relics_obtained":["Turnip"],"cards_obtained":["Shame"]},{"damage_healed":0.0,"max_hp_gain":0.0,"max_hp_loss":0.0,"gold_gain":0.0,"event_name":"Upgrade Shrine","player_choice":"Upgraded","floor":24.0,"gold_loss":0.0,"damage_taken":0.0,"cards_upgraded":["Hologram"]},{"damage_healed":0.0,"max_hp_gain":0.0,"max_hp_loss":0.0,"gold_gain":0.0,"event_name":"The Library","player_choice":"Read","floor":28.0,"gold_loss":0.0,"damage_taken":0.0,"cards_obtained":["Auto Shields"]},{"cards_removed":["Strike_B"],"damage_healed":0,"gold_gain":0,"player_choice":"Purged","damage_taken":0,"max_hp_gain":0,"max_hp_loss":0,"event_name":"Purifier","floor":42,"gold_loss":0},{"cards_removed":["Defend_B"],"damage_healed":0,"gold_gain":0,"player_choice":"Removed Skill","damage_taken":0,"max_hp_gain":0,"max_hp_loss":0,"event_name":"Falling","floor":44,"gold_loss":0}],"is_beta":false,"boss_relics":[{"not_picked":["Painkiller Herb","Runic Pyramid"],"picked":"Velvet Choker"},{"not_picked":["Busted Crown","Ring of Chaos"],"picked":"SlaversCollar"}],"items_purged_floors":[38],"is_endless":false,"potions_floor_spawned":[1,5,7,11,16,25,31,33,35,40,47,48],"killed_by":"Replay:Hell Engine","ascension_level":20}}