{"host":"q5gyi9x7ayauaq2y","time":1609543766,"event":{"mods":["AchievementEnabler","BaseMod","BetterRewards","Colored Map","Colored Powertips","Downfall","GifTheSpireLib","Hero for Fun","Minty Spire (QoL Compilation)","Permanent Neow","Replay The Spire","StSLib","The Bug Knight","The Construct","The Cursed","The Hierophant"],"gold_per_floor":[99,117,134,134,150,168,168,200,50,150,60,71,71,71,85,85,85,85],"floor_reached":16,"playtime":1585,"items_purged":["hexamod:Strike"],"score":102,"play_id":"fb34fd16-fd92-47e1-b28a-18f2404669dc","local_time":"20210101232926","is_ascension_mode":false,"campfire_choices":[{"data":"hexamod:Float","floor":1,"key":"SMITH"},{"floor":9,"key":"REST"},{"floor":13,"key":"RECALL"}],"circlet_count":0,"master_deck":["hexamod:Strike","hexamod:Strike+1","hexamod:Strike+1","hexamod:Defend","hexamod:Defend","hexamod:Defend","hexamod:Sear","hexamod:Float+1","hexamod:Firestarter+1","hexamod:InspiringFlames","hexamod:PhantomCloak","hexamod:EmpoweredFlame","hexamod:StepThrough","hexamod:HauntingEcho","hexamod:FastForward"],"relics":["hexamod:SpiritBrand","Whetstone","downfall:HeartBlessingGreen","downfall:HeartBlessingBlue","Chameleon Ring"],"acts_visited":["Exordium"],"potions_floor_usage":[15],"damage_taken":[{"damage":0,"enemies":"Cultist","floor":2,"turns":3},{"damage":0,"enemies":"2 Louse","floor":3,"turns":3},{"damage":0,"enemies":"Jaw Worm","floor":5,"turns":3},{"damage":6,"enemies":"2 Fungi Beasts","floor":6,"turns":3},{"damage":58,"enemies":"3 Sentries","floor":8,"turns":15},{"damage":0,"enemies":"downfall:FleeingMerchant","floor":11,"turns":4},{"damage":7,"enemies":"Exordium Thugs","floor":12,"turns":3},{"damage":4,"enemies":"Large Slime","floor":15,"turns":5},{"damage":33,"enemies":"downfall:Defect","floor":16,"turns":5}],"seed_played":"1516964199179001979","potions_obtained":[{"floor":8,"key":"Strength Potion"},{"floor":12,"key":"SkillPotion"},{"floor":15,"key":"sneckomod:MuddlingPotion"}],"is_trial":false,"path_per_floor":["R","M","M","?","M","M","T","E","R","?","$","M","R","T","M","B"],"character_chosen":"THE_SPIRIT","items_purchased":[],"campfire_rested":1,"item_purchase_floors":[],"current_hp_per_floor":[70,70,70,70,70,64,64,6,40,40,40,33,33,33,29,0,0,0],"gold":85,"neow_bonus":"REMOVE_CARD","is_daily":false,"chose_seed":false,"campfire_upgraded":1,"win_rate":0.0,"timestamp":1609543766,"path_taken":["R","M","M","?","?","M","T","E","R","?","?","M","R","?","M","BOSS"],"items_purchased_type":[],"build_version":"2020-12-22","purchased_purges":1,"victory":false,"max_hp_per_floor":[70,70,70,70,70,70,70,70,80,80,80,80,80,80,80,80,80,80],"card_choices":[{"not_picked":["hexamod:ThermalTransfer","hexamod:HauntingEcho"],"picked":"hexamod:Firestarter","floor":2},{"not_picked":["hexamod:Hexaguard","hexamod:EtherealExpedition"],"picked":"hexamod:InspiringFlames","floor":3},{"not_picked":["hexamod:RainOfEmbers","hexamod:Hexaguard"],"picked":"hexamod:PhantomCloak","floor":5},{"not_picked":["hexamod:BurningTouch","hexamod:Again"],"picked":"hexamod:EmpoweredFlame","floor":6},{"not_picked":["hexamod:HauntingEcho","hexamod:FastForward"],"picked":"hexamod:StepThrough","floor":8},{"not_picked":["hexamod:Haunt","hexamod:GhostLash"],"picked":"hexamod:HauntingEcho","floor":11},{"not_picked":["hexamod:NightmareGuise","hexamod:Firestarter","hexamod:SpectralAdrenaline"],"picked":"SKIP","floor":12},{"not_picked":["hexamod:Hexaguard","hexamod:GhostShield"],"picked":"hexamod:FastForward","floor":15}],"player_experience":147333,"relics_obtained":[{"floor":8,"key":"Whetstone"},{"floor":14,"key":"Chameleon Ring"}],"event_choices":[{"damage_healed":0,"gold_gain":0,"player_choice":"Forge","damage_taken":0,"max_hp_gain":0,"max_hp_loss":0,"event_name":"Accursed Blacksmith","floor":4,"gold_loss":0,"cards_upgraded":["hexamod:Firestarter"]}],"is_beta":false,"boss_relics":[],"items_purged_floors":[11],"is_endless":false,"potions_floor_spawned":[8,12,15],"killed_by":"downfall:Defect","ascension_level":0}}