{"host":"axuns55dzq466eei","time":1609482418,"event":{"mods":["BaseMod","Colored Map","Keyboard Shortcuts","Minty Spire (QoL Compilation)","StSLib","SuperFastMode"],"gold_per_floor":[115,127,127,127,127,127,127,127,153,153,64,96,107,137,137,210,210,226,238,238,248,262,296,296,296,349,274,42,55,65,65,65,143,143,163,515,61,73,73,73,100,100,149,149,181,181,195,229,229,229,229],"floor_reached":52,"playtime":1430,"items_purged":["Strike_G"],"score":1878,"play_id":"f795212b-4090-4201-9bc7-a098ca7dbbd6","local_time":"20210101152658","is_ascension_mode":true,"campfire_choices":[{"data":"Dagger Throw","floor":6.0,"key":"SMITH"},{"data":"Eviscerate","floor":8.0,"key":"SMITH"},{"data":"Neutralize","floor":10.0,"key":"SMITH"},{"floor":15.0,"key":"REST"},{"floor":25.0,"key":"REST"},{"floor":32.0,"key":"REST"},{"data":"Crippling Poison","floor":40.0,"key":"SMITH"},{"data":"Leg Sweep","floor":42.0,"key":"SMITH"},{"floor":46.0,"key":"REST"},{"floor":49.0,"key":"REST"}],"circlet_count":0,"master_deck":["AscendersBane","Defend_G","Defend_G","Defend_G","Defend_G","Survivor","Neutralize+1","Eviscerate+1","Dagger Throw+1","Crippling Poison+1","Blade Dance+1","Phantasmal Killer","Adrenaline","Underhanded Strike+1","Predator+1","Crippling Poison+1","Bullet Time","Footwork+1","Night Terror","Leg Sweep+1","Terror+1"],"relics":["Ring of the Snake","Bronze Scales","Juzu Bracelet","Centennial Puzzle","Nunchaku","Snecko Eye","Turnip","War Paint","Empty Cage","Old Coin","Shuriken","Bag of Preparation","Pantograph","Whetstone","Strawberry","MealTicket"],"acts_visited":["Exordium","TheCity","TheBeyond"],"potions_floor_usage":[],"damage_taken":[{"damage":2.0,"enemies":"2 Louse","floor":1.0,"turns":3.0},{"damage":0.0,"enemies":"Small Slimes","floor":2.0,"turns":5.0},{"damage":17.0,"enemies":"Lagavulin","floor":12.0,"turns":4.0},{"damage":0.0,"enemies":"Cultist","floor":13.0,"turns":3.0},{"damage":28.0,"enemies":"3 Sentries","floor":14.0,"turns":8.0},{"damage":17.0,"enemies":"The Guardian","floor":16.0,"turns":14.0},{"damage":0.0,"enemies":"3 Byrds","floor":18.0,"turns":3.0},{"damage":8.0,"enemies":"Chosen","floor":19.0,"turns":5.0},{"damage":22.0,"enemies":"Shelled Parasite and Fungi","floor":21.0,"turns":5.0},{"damage":3.0,"enemies":"Snake Plant","floor":22.0,"turns":2.0},{"damage":15.0,"enemies":"Book of Stabbing","floor":23.0,"turns":4.0},{"damage":4.0,"enemies":"Cultist and Chosen","floor":29.0,"turns":3.0},{"damage":6.0,"enemies":"Centurion and Healer","floor":30.0,"turns":3.0},{"damage":30.0,"enemies":"Collector","floor":33.0,"turns":9.0},{"damage":0.0,"enemies":"3 Shapes","floor":35.0,"turns":2.0},{"damage":15.0,"enemies":"2 Orb Walkers","floor":36.0,"turns":3.0},{"damage":0.0,"enemies":"Orb Walker","floor":38.0,"turns":2.0},{"damage":5.0,"enemies":"Nemesis","floor":41.0,"turns":5.0},{"damage":32.0,"enemies":"Giant Head","floor":45.0,"turns":5.0},{"damage":12.0,"enemies":"Jaw Worm Horde","floor":47.0,"turns":4.0},{"damage":9.0,"enemies":"Reptomancer","floor":48.0,"turns":3.0},{"damage":55.0,"enemies":"Time Eater","floor":50.0,"turns":8.0},{"damage":31,"enemies":"Donu and Deca","floor":51,"turns":9}],"seed_played":"779388682354656479","potions_obtained":[{"floor":1.0,"key":"AttackPotion"},{"floor":2.0,"key":"GhostInAJar"},{"floor":18.0,"key":"SneckoOil"},{"floor":19.0,"key":"Energy Potion"},{"floor":23.0,"key":"Explosive Potion"},{"floor":24.0,"key":"DuplicationPotion"},{"floor":24.0,"key":"CunningPotion"},{"floor":33.0,"key":"DistilledChaos"},{"floor":36.0,"key":"Regen Potion"},{"floor":41.0,"key":"LiquidMemories"},{"floor":45.0,"key":"Energy Potion"}],"is_trial":false,"path_per_floor":["M","M","?","?","?","R","?","R","T","R","$","E","M","E","R","B",null,"M","M","?","M","M","E","?","R","T","?","$","M","M","?","R","B",null,"M","?","$","M","T","R","E","R","T","?","E","R","M","E","R","B","B",null],"character_chosen":"THE_SILENT","items_purchased":["Crippling Poison","Bullet Time","Shuriken","Bag of Preparation"],"campfire_rested":5,"item_purchase_floors":[11,28,37,37],"current_hp_per_floor":[57,57,31,31,31,31,53,53,53,53,53,36,36,8,27,10,52,52,44,44,22,19,4,4,23,23,23,23,19,13,13,32,2,50,50,35,35,35,35,35,44,44,44,44,19,40,28,19,40,10,4],"gold":229,"neow_bonus":"REMOVE_CARD","is_daily":false,"chose_seed":false,"campfire_upgraded":5,"win_rate":0.0,"timestamp":1609482418,"path_taken":["M","M","?","?","?","R","?","R","T","R","?","E","M","E","R","BOSS","M","M","?","M","M","E","?","R","T","?","$","M","M","?","R","BOSS","M","?","$","M","?","R","E","R","T","?","E","R","M","E","R","BOSS","BOSS"],"items_purchased_type":["Card","Card","Relic","Relic"],"build_version":"2020-12-22","purchased_purges":1,"victory":true,"max_hp_per_floor":[66,66,66,66,66,66,66,66,66,66,66,66,66,66,66,66,66,66,66,66,66,66,66,66,66,66,66,66,66,66,66,66,66,66,66,66,66,66,66,66,66,66,66,63,70,70,70,70,70,70,70],"card_choices":[{"not_picked":["Catalyst","Footwork"],"picked":"Eviscerate","floor":1.0},{"not_picked":["Dagger Spray","All Out Attack"],"picked":"Dagger Throw","floor":2.0},{"not_picked":["Caltrops","Quick Slash","Bouncing Flask"],"picked":"SKIP","floor":12.0},{"not_picked":["Deflect","Endless Agony"],"picked":"Blade Dance","floor":13.0},{"not_picked":["Dagger Throw","Sucker Punch"],"picked":"Phantasmal Killer","floor":14.0},{"not_picked":["Die Die Die","Corpse Explosion"],"picked":"Adrenaline","floor":16.0},{"not_picked":["Dodge and Roll","Flying Knee","Deadly Poison"],"picked":"SKIP","floor":18.0},{"not_picked":["PiercingWail","Flying Knee"],"picked":"Underhanded Strike","floor":19.0},{"not_picked":["Doppelganger","Dagger Throw+1"],"picked":"Predator+1","floor":21.0},{"not_picked":["Dagger Throw","Dodge and Roll"],"picked":"Crippling Poison","floor":22.0},{"not_picked":["Setup","Prepared","Sucker Punch"],"picked":"SKIP","floor":23.0},{"not_picked":["Outmaneuver","Quick Slash","Calculated Gamble+1"],"picked":"SKIP","floor":29.0},{"not_picked":["Bouncing Flask","Prepared"],"picked":"Footwork+1","floor":30.0},{"not_picked":["Corpse Explosion","Burst"],"picked":"Night Terror","floor":33.0},{"not_picked":["Footwork","Catalyst","Quick Slash"],"picked":"SKIP","floor":35.0},{"not_picked":["Blade Dance","Poisoned Stab","Backstab"],"picked":"SKIP","floor":38.0},{"not_picked":["Bane","Deflect"],"picked":"Leg Sweep","floor":41.0},{"not_picked":["Distraction","Backflip+1","Cloak And Dagger"],"picked":"SKIP","floor":45.0},{"not_picked":["Calculated Gamble","Poisoned Stab","Deadly Poison"],"picked":"SKIP","floor":47.0},{"not_picked":["Outmaneuver+1","Backstab+1"],"picked":"Terror+1","floor":48.0}],"player_experience":1047078,"relics_obtained":[{"floor":9.0,"key":"Juzu Bracelet"},{"floor":12.0,"key":"Centennial Puzzle"},{"floor":14.0,"key":"Nunchaku"},{"floor":23.0,"key":"Turnip"},{"floor":26.0,"key":"War Paint"},{"floor":36.0,"key":"Old Coin"},{"floor":41.0,"key":"Pantograph"},{"floor":43.0,"key":"Whetstone"},{"floor":45.0,"key":"Strawberry"},{"floor":48.0,"key":"MealTicket"}],"event_choices":[{"damage_healed":0.0,"max_hp_gain":0.0,"max_hp_loss":0.0,"gold_gain":0.0,"event_name":"Scrap Ooze","player_choice":"Success","floor":3.0,"gold_loss":0.0,"damage_taken":26.0,"relics_obtained":["Bronze Scales"]},{"damage_healed":0.0,"max_hp_gain":0.0,"max_hp_loss":0.0,"gold_gain":0.0,"event_name":"Liars Game","player_choice":"Ignored","floor":4.0,"gold_loss":0.0,"damage_taken":0.0},{"cards_removed":["Strike_G"],"damage_healed":0.0,"max_hp_gain":0.0,"max_hp_loss":0.0,"gold_gain":0.0,"event_name":"Living Wall","player_choice":"Forget","floor":5.0,"gold_loss":0.0,"damage_taken":0.0},{"damage_healed":22.0,"max_hp_gain":0.0,"max_hp_loss":0.0,"gold_gain":0.0,"event_name":"Big Fish","player_choice":"Banana","floor":7.0,"gold_loss":0.0,"damage_taken":0.0},{"damage_healed":0.0,"max_hp_gain":0.0,"max_hp_loss":0.0,"gold_gain":0.0,"event_name":"Ghosts","player_choice":"Ignored","floor":20.0,"gold_loss":0.0,"damage_taken":0.0},{"damage_healed":0.0,"max_hp_gain":0.0,"max_hp_loss":0.0,"gold_gain":0.0,"event_name":"Lab","player_choice":"Got Potions","floor":24.0,"gold_loss":0.0,"damage_taken":0.0},{"cards_removed":["Strike_G"],"damage_healed":0.0,"max_hp_gain":0.0,"max_hp_loss":0.0,"gold_gain":0.0,"event_name":"Beggar","player_choice":"Gave Gold","floor":27.0,"gold_loss":75.0,"damage_taken":0.0},{"damage_healed":0.0,"max_hp_gain":0.0,"max_hp_loss":0.0,"gold_gain":0.0,"event_name":"Mysterious Sphere","player_choice":"Fight","floor":36.0,"gold_loss":0.0,"damage_taken":0.0},{"damage_healed":0.0,"max_hp_gain":0.0,"max_hp_loss":3.0,"gold_gain":0.0,"event_name":"Winding Halls","player_choice":"Max HP","floor":44.0,"gold_loss":0.0,"damage_taken":0.0}],"is_beta":false,"boss_relics":[{"not_picked":["Fusion Hammer","Calling Bell"],"picked":"Snecko Eye"},{"not_picked":["Runic Dome","SlaversCollar"],"picked":"Empty Cage"}],"items_purged_floors":[28],"is_endless":false,"potions_floor_spawned":[1,2,18,19,23,29,33,36,41,45],"ascension_level":20}}