{"host":"758m3734uc3348yu","time":1609503626,"event":{"mods":["AchievementEnabler","BaseMod","Beaked The Cultist","BetterRewards","Clockwork Mod","Downfall","Hermit","Hubris","Infinite Spire","Minty Spire (QoL Compilation)","Replay The Spire","Spicy Shops","StSLib","The Cursed","The Gatherer","The Hierophant","The Marked"],"gold_per_floor":[116,131,142,142,142,158,158,158,187,206,206,281,299,167,183,199,199,199,199],"floor_reached":18,"playtime":1684,"items_purged":[],"score":116,"play_id":"4a26df98-d92d-47ba-9fbc-68898bb41d97","local_time":"20210101062026","is_ascension_mode":false,"campfire_choices":[{"data":"hermit:GoldenBullet","floor":8,"key":"SMITH"},{"floor":17,"key":"REST"}],"circlet_count":0,"master_deck":["hermit:Strike_Hermit","hermit:Strike_Hermit","hermit:Strike_Hermit","hermit:Strike_Hermit","hermit:Defend_Hermit","hermit:Defend_Hermit","hermit:Defend_Hermit","hermit:Defend_Hermit","hermit:Snapshot","hermit:Covet","hermit:EyeOfTheStorm","hermit:Gestalt","hermit:TakeCover","hermit:GoldenBullet+1","TheCursedMod:SpitefulStrike","TheCursedMod:BloodBarrier","hermit:FinalCanter","Injury","Pot Of Greed","Pot Of Greed","hierophant:MirrorShield","TheCursedMod:CursedShiv"],"relics":["hermit:Momento","NeowsBlessing","hubris:DisguiseKit","Ancient Tea Set","Ornamental Fan","PrismaticShard","Grinning Jar"],"acts_visited":["Exordium"],"potions_floor_usage":[13,18,18,18],"damage_taken":[{"damage":0,"enemies":"Jaw Worm","floor":1,"turns":1},{"damage":0,"enemies":"2 Louse","floor":2,"turns":1},{"damage":0,"enemies":"Small Slimes","floor":3,"turns":1},{"damage":15,"enemies":"Exordium Thugs","floor":6,"turns":8},{"damage":4,"enemies":"Replay:BlueRogue","floor":9,"turns":9},{"damage":7,"enemies":"Large Slime","floor":10,"turns":8},{"damage":4,"enemies":"3 Louse","floor":13,"turns":3},{"damage":0,"enemies":"Looter","floor":15,"turns":2},{"damage":0,"enemies":"2 Fungi Beasts","floor":16,"turns":2},{"damage":56,"enemies":"The Guardian","floor":18,"turns":18}],"seed_played":"-3080448474642875172","potions_obtained":[{"floor":2,"key":"hermit:Eclipse"},{"floor":10,"key":"Swift Potion"},{"floor":15,"key":"GamblersBrew"},{"floor":16,"key":"Languid Potion"}],"is_trial":false,"path_per_floor":["M","M","M","PTL","PTL","M","?","R","E","M","T","?","M","$","M","M","R","B"],"character_chosen":"HERMIT","items_purchased":["PrismaticShard","Grinning Jar"],"campfire_rested":1,"item_purchase_floors":[14,14],"current_hp_per_floor":[75,75,75,75,75,60,60,60,56,49,49,38,34,34,34,34,56,0,0],"gold":199,"neow_bonus":"THREE_ENEMY_KILL","is_daily":false,"chose_seed":false,"campfire_upgraded":1,"win_rate":0.0,"timestamp":1609503626,"path_taken":["M","M","M","PTL","PTL","M","?","R","E","M","T","?","M","?","?","M","R","BOSS"],"items_purchased_type":["Relic","Relic"],"build_version":"2020-12-22","purchased_purges":0,"victory":false,"max_hp_per_floor":[75,75,75,75,75,75,75,75,75,75,75,75,75,75,75,75,75,75,75],"card_choices":[{"not_picked":["hermit:SprayPray","hermit:TrackingShot"],"picked":"hermit:EyeOfTheStorm","floor":1},{"not_picked":["hermit:Glare","hermit:Quickdraw"],"picked":"hermit:Gestalt","floor":2},{"not_picked":["hermit:ItchyTrigger","hermit:Snipe"],"picked":"hermit:TakeCover","floor":3},{"not_picked":["hermit:NoHoldsBarred","hermit:Desperado"],"picked":"hermit:GoldenBullet","floor":6},{"not_picked":["hermit:FlashPowder","hermit:LowProfile","hermit:Combo"],"picked":"TheCursedMod:SpitefulStrike","floor":9},{"not_picked":["hermit:Glare","hermit:Desperado","hermit:DeadMansHand"],"picked":"TheCursedMod:BloodBarrier","floor":10},{"not_picked":["hermit:Desperado","hermit:HighCaliber","TheCursedMod:TacticalStrike"],"picked":"hermit:FinalCanter","floor":13},{"not_picked":["Redo","hierophant:RepressedViolence","TheCursedMod:CircleOfAmplification"],"picked":"hierophant:MirrorShield","floor":15},{"not_picked":["Perfected Strike","theMarked:Polarize","Clockwork:Roundhouse"],"picked":"TheCursedMod:CursedShiv","floor":16}],"player_experience":201544,"relics_obtained":[{"floor":9,"key":"Ancient Tea Set"},{"floor":11,"key":"Ornamental Fan"}],"event_choices":[{"damage_healed":0,"gold_gain":75,"player_choice":"Gather Gold","damage_taken":11,"max_hp_gain":0,"max_hp_loss":0,"event_name":"World of Goop","floor":12,"gold_loss":0}],"is_beta":false,"boss_relics":[],"items_purged_floors":[],"is_endless":false,"potions_floor_spawned":[2,10,15,16],"killed_by":"The Guardian","ascension_level":0}}