{"host":"g01l53quoe6lrer0","time":1609535594,"event":{"mods":["2.2 Compatiblity","BaseMod","Colored Map","Highlight Path","Keyboard Shortcuts","Minty Spire (QoL Compilation)","Permanent Neow","Quick Restart","StSLib","everything is the same but u backflip on backflip"],"gold_per_floor":[112,112,128,143,160,190,190,207,207,236,249,284,300,315,315,410,410,427,342,354,84,94,94,127,127,127,127,127],"floor_reached":27,"playtime":1051,"items_purged":["Strike_R"],"score":347,"play_id":"218b8691-7437-4b6c-9b2c-0c3b02922a09","local_time":"20210102061314","is_ascension_mode":true,"campfire_choices":[{"data":"Immolate","floor":7.0,"key":"SMITH"},{"data":"Entrench","floor":15.0,"key":"SMITH"},{"data":"Barricade","floor":23.0,"key":"SMITH"}],"circlet_count":0,"master_deck":["Strike_R","Strike_R","Strike_R","Defend_R","Defend_R","Defend_R","Defend_R","Bash","Immolate+1","Twin Strike","Offering","Dual Wield","Evolve","Feed","Warcry","Entrench+1","Battle Trance","Body Slam","Barricade+1","Body Slam+1","Intimidate","Panache","Seeing Red","Bloodletting"],"relics":["Burning Blood","Bag of Marbles","Matryoshka","Question Card","Pear","Sozu","Nunchaku","Unceasing Top","Juzu Bracelet","Kunai"],"acts_visited":["Exordium","TheCity"],"potions_floor_usage":[],"damage_taken":[{"damage":6.0,"enemies":"Jaw Worm","floor":1.0,"turns":3.0},{"damage":0.0,"enemies":"Cultist","floor":3.0,"turns":2.0},{"damage":1.0,"enemies":"2 Louse","floor":4.0,"turns":3.0},{"damage":5.0,"enemies":"Exordium Wildlife","floor":5.0,"turns":3.0},{"damage":24.0,"enemies":"Lagavulin","floor":6.0,"turns":7.0},{"damage":6.0,"enemies":"2 Fungi Beasts","floor":8.0,"turns":3.0},{"damage":0.0,"enemies":"3 Sentries","floor":10.0,"turns":3.0},{"damage":0.0,"enemies":"Looter","floor":11.0,"turns":1.0},{"damage":0.0,"enemies":"Gremlin Nob","floor":12.0,"turns":2.0},{"damage":7.0,"enemies":"Large Slime","floor":13.0,"turns":3.0},{"damage":6.0,"enemies":"3 Louse","floor":14.0,"turns":3.0},{"damage":68.0,"enemies":"Hexaghost","floor":16.0,"turns":9.0},{"damage":6.0,"enemies":"Chosen","floor":18.0,"turns":4.0},{"damage":38.0,"enemies":"3 Byrds","floor":20.0,"turns":6.0},{"damage":26.0,"enemies":"Snecko","floor":22.0,"turns":4.0},{"damage":51.0,"enemies":"Slavers","floor":24.0,"turns":3.0},{"damage":6,"enemies":"Gremlin Leader","floor":27,"turns":4}],"seed_played":"5614232709088498616","potions_obtained":[{"floor":4.0,"key":"Energy Potion"},{"floor":5.0,"key":"Explosive Potion"},{"floor":6.0,"key":"BloodPotion"},{"floor":12.0,"key":"Explosive Potion"}],"is_trial":false,"path_per_floor":["M","?","M","M","M","E","R","M","T","E","M","E","M","M","R","B",null,"M","?","M","$","M","R","E","?","T","E"],"character_chosen":"IRONCLAD","items_purchased":["Panache"],"campfire_rested":0,"item_purchase_floors":[21],"current_hp_per_floor":[56,56,62,67,68,50,50,50,50,56,62,78,77,80,80,18,93,93,93,61,61,41,41,17,17,17,11,11],"gold":127,"neow_bonus":"THREE_RARE_CARDS","is_daily":false,"chose_seed":false,"campfire_upgraded":3,"win_rate":0.0,"timestamp":1609535594,"path_taken":["M","?","?","M","M","E","R","M","T","E","?","E","M","M","R","BOSS","M","?","M","$","M","R","E","?","T","E"],"items_purchased_type":["Card"],"build_version":"2020-12-22","purchased_purges":1,"victory":false,"max_hp_per_floor":[80,80,80,80,80,80,80,80,80,80,80,90,90,93,93,93,93,93,93,93,93,93,93,96,96,96,96,96],"card_choices":[{"not_picked":["Demon Form","Brutality"],"picked":"Immolate","floor":0.0},{"not_picked":["Blood for Blood","Anger"],"picked":"Twin Strike","floor":1.0},{"not_picked":["Iron Wave","Spot Weakness"],"picked":"Offering","floor":3.0},{"not_picked":["Anger","Wild Strike"],"picked":"Dual Wield","floor":4.0},{"not_picked":["Armaments","Iron Wave"],"picked":"Evolve","floor":5.0},{"not_picked":["Cleave","Juggernaut","Twin Strike"],"picked":"SKIP","floor":6.0},{"not_picked":["Cleave","Juggernaut","Twin Strike"],"picked":"SKIP","floor":6.0},{"not_picked":["Clothesline","Body Slam","Cleave"],"picked":"SKIP","floor":8.0},{"not_picked":["Pommel Strike","Carnage"],"picked":"Feed","floor":10.0},{"not_picked":["Havoc","Body Slam","Clothesline"],"picked":"Warcry","floor":11.0},{"not_picked":["Flex","Havoc","Rage"],"picked":"Entrench","floor":12.0},{"not_picked":["Flex","Intimidate","Heavy Blade"],"picked":"Battle Trance","floor":13.0},{"not_picked":["Second Wind","Headbutt","Sword Boomerang"],"picked":"Body Slam","floor":14.0},{"not_picked":["Corruption","Demon Form","Juggernaut"],"picked":"Barricade","floor":16.0},{"not_picked":["Anger","Warcry","Seeing Red"],"picked":"Body Slam+1","floor":18.0},{"not_picked":["Wild Strike","Perfected Strike","Pommel Strike"],"picked":"Intimidate","floor":20.0},{"not_picked":["Body Slam","Combust+1","Clash"],"picked":"Seeing Red","floor":22.0},{"not_picked":["Pommel Strike+1","Rage+1","Blood for Blood"],"picked":"Bloodletting","floor":24.0}],"player_experience":1702,"relics_obtained":[{"floor":6.0,"key":"Bag of Marbles"},{"floor":9.0,"key":"Matryoshka"},{"floor":10.0,"key":"Question Card"},{"floor":12.0,"key":"Pear"},{"floor":24.0,"key":"Unceasing Top"},{"floor":26.0,"key":"Juzu Bracelet"},{"floor":26.0,"key":"Kunai"}],"event_choices":[{"cards_removed":["Strike_R"],"damage_healed":0.0,"max_hp_gain":0.0,"max_hp_loss":0.0,"gold_gain":0.0,"event_name":"Purifier","player_choice":"Purged","floor":2.0,"gold_loss":0.0,"damage_taken":0.0},{"damage_healed":0.0,"max_hp_gain":0.0,"max_hp_loss":0.0,"gold_gain":0.0,"event_name":"Addict","player_choice":"Obtained Relic","floor":19.0,"gold_loss":85.0,"damage_taken":0.0,"relics_obtained":["Nunchaku"]},{"damage_healed":0.0,"max_hp_gain":0.0,"max_hp_loss":0.0,"gold_gain":0.0,"event_name":"Cursed Tome","player_choice":"Ignored","floor":25.0,"gold_loss":0.0,"damage_taken":0.0}],"is_beta":false,"boss_relics":[{"not_picked":["Tiny House","Runic Pyramid"],"picked":"Sozu"}],"items_purged_floors":[21],"is_endless":false,"potions_floor_spawned":[4,5,6,12,24],"killed_by":"Gremlin Leader","ascension_level":1}}