{"host":"7yxt37kap0q16lk4","time":1609507283,"event":{"mods":["2.2 Compatiblity","Act Like it!","BaseMod","Better Third Choice","Better-Laid Plans","Colored Map","Custom Start","Highlight Path","Keyboard Shortcuts","Minty Spire (QoL Compilation)","Quick Restart","Rare Cards Sparkle","Relic Stats","Shop Mod","Slay the Relics Exporter","StSLib","SuperFastMode"],"gold_per_floor":[113,113,124,0,16,16,16],"floor_reached":6,"playtime":111,"items_purged":[],"score":72,"play_id":"55d0ba24-23a5-46a9-8fa8-386b0336523c","local_time":"20210101222123","is_ascension_mode":true,"campfire_choices":[],"circlet_count":0,"master_deck":["AscendersBane","Strike_R","Strike_R","Strike_R","Strike_R","Strike_R","Defend_R","Defend_R","Defend_R","Defend_R","Bash","Feel No Pain","Decay","Shrug It Off","Evolve+1","Shrug It Off"],"relics":["Burning Blood","Anchor","Frozen Egg 2","Smiling Mask"],"acts_visited":["Exordium"],"potions_floor_usage":[],"damage_taken":[{"damage":3.0,"enemies":"2 Louse","floor":1.0,"turns":3.0},{"damage":17.0,"enemies":"Cultist","floor":3.0,"turns":4.0},{"damage":24.0,"enemies":"Small Slimes","floor":5.0,"turns":5.0},{"damage":0,"enemies":"Lagavulin","floor":6,"turns":1}],"seed_played":"-8910625714935929989","potions_obtained":[],"is_trial":false,"path_per_floor":["M","?","M","$","M","E"],"character_chosen":"IRONCLAD","items_purchased":["Frozen Egg 2","Evolve+1"],"campfire_rested":0,"item_purchase_floors":[4,4],"current_hp_per_floor":[71,71,60,60,42,42,42],"gold":16,"neow_bonus":"RANDOM_COMMON_RELIC","is_daily":false,"chose_seed":false,"campfire_upgraded":0,"win_rate":0.0,"timestamp":1609507283,"path_taken":["M","?","?","$","M","E"],"items_purchased_type":["Relic","Card"],"build_version":"2020-12-22","purchased_purges":0,"victory":false,"max_hp_per_floor":[75,75,75,75,75,75,75],"relic_stats":{"counters":[4,13],"Smiling Mask":0,"obtain_stats":[{"Anchor":0,"Frozen Egg 2":4,"Smiling Mask":4,"Burning Blood":0},{"Anchor":0,"Frozen Egg 2":2,"Smiling Mask":2,"Burning Blood":0},{"Anchor":0,"Frozen Egg 2":7,"Smiling Mask":7,"Burning Blood":0}],"Burning Blood":18},"card_choices":[{"not_picked":["Wild Strike","Warcry"],"picked":"Feel No Pain","floor":1.0},{"not_picked":["Anger","Flex"],"picked":"Shrug It Off","floor":3.0},{"not_picked":["Armaments","Iron Wave"],"picked":"Shrug It Off","floor":5.0}],"player_experience":1035932,"relics_obtained":[],"event_choices":[{"damage_healed":0.0,"max_hp_gain":0.0,"max_hp_loss":0.0,"gold_gain":0.0,"event_name":"Wheel of Change","player_choice":"Cursed","floor":2.0,"gold_loss":0.0,"damage_taken":0.0,"cards_obtained":["Decay"]}],"is_beta":false,"boss_relics":[],"items_purged_floors":[],"is_endless":false,"potions_floor_spawned":[],"killed_by":"Lagavulin","ascension_level":20}}