{"host":"hjkuipvvowcpo8la","time":1609465852,"event":{"mods":["AchievementEnabler","BaseMod","Block Reminder","CapriCore","Colored Map","Colored Powertips","Highlight Path","Minty Spire (QoL Compilation)","Permanent Neow","Quick Restart","Rare Cards Sparkle","StSLib"],"gold_per_floor":[119,132,132,142,142,175,175,203,280,295,295,295,321,333,345,454,466,496,481,493,505,13,43,43,343,343,374,374,388,388,402,402,504,504,523,536,536,555,573,607,205,205,228,228,260,260,260,274,274,274,274,274,47,80,80],"floor_reached":56,"playtime":3220,"items_purged":["Bite","Dagger Spray"],"score":1410,"play_id":"002db0e8-89d7-428b-9244-a1b81f8d5b46","local_time":"20210101025052","is_ascension_mode":true,"campfire_choices":[{"floor":7.0,"key":"DIG"},{"floor":11.0,"key":"REST"},{"floor":15.0,"key":"DIG"},{"floor":25.0,"key":"DIG"},{"floor":30.0,"key":"DIG"},{"data":"Envenom","floor":32.0,"key":"SMITH"},{"floor":42,"key":"RECALL"},{"floor":44,"key":"DIG"},{"data":"Adrenaline","floor":46,"key":"SMITH"},{"floor":49,"key":"DIG"},{"data":"Catalyst","floor":52,"key":"SMITH"}],"circlet_count":0,"master_deck":["Defend_G","Defend_G","Defend_G","Survivor+1","Neutralize","Quick Slash+1","PiercingWail","Deflect","Noxious Fumes","Envenom+1","Backflip","Deadly Poison","Catalyst+1","Wraith Form v2+1","Backflip","Footwork+1","Bite","Bite+1","Bite","Bite","Leg Sweep","Well Laid Plans+1","Skewer+1","PiercingWail","Cloak And Dagger+1","Sucker Punch+1","Adrenaline+1","Escape Plan","Backflip+1","Noxious Fumes+1","Dash","After Image+1","Cloak And Dagger+1","Noxious Fumes+1"],"relics":["SacredBark","Shovel","Tiny Chest","Dream Catcher","Meat on the Bone","MawBank","Frozen Egg 2","Coffee Dripper","Gambling Chip","Incense Burner","Old Coin","Bottled Tornado","Ancient Tea Set","Letter Opener","Black Star","Sundial","Bronze Scales","Bag of Preparation","Sling","Juzu Bracelet","StoneCalendar","Vajra","Bottled Lightning","Ninja Scroll","Bag of Marbles","Shuriken","Whetstone"],"acts_visited":["Exordium","TheCity","TheBeyond","TheEnding"],"potions_floor_usage":[50,55],"damage_taken":[{"damage":0.0,"enemies":"Jaw Worm","floor":1.0,"turns":6.0},{"damage":0.0,"enemies":"Small Slimes","floor":2.0,"turns":4.0},{"damage":0.0,"enemies":"2 Louse","floor":4.0,"turns":2.0},{"damage":23.0,"enemies":"Gremlin Nob","floor":6.0,"turns":6.0},{"damage":13.0,"enemies":"Lagavulin","floor":8.0,"turns":8.0},{"damage":0.0,"enemies":"Red Slaver","floor":10.0,"turns":4.0},{"damage":17.0,"enemies":"3 Sentries","floor":13.0,"turns":8.0},{"damage":46.0,"enemies":"Slime Boss","floor":16.0,"turns":12.0},{"damage":0.0,"enemies":"3 Byrds","floor":18.0,"turns":4.0},{"damage":12.0,"enemies":"2 Thieves","floor":19.0,"turns":5.0},{"damage":24.0,"enemies":"Slavers","floor":23.0,"turns":8.0},{"damage":6.0,"enemies":"Gremlin Leader","floor":27.0,"turns":9.0},{"damage":0.0,"enemies":"3 Cultists","floor":29.0,"turns":6.0},{"damage":6.0,"enemies":"Snecko","floor":31.0,"turns":6.0},{"damage":9.0,"enemies":"Automaton","floor":33.0,"turns":11.0},{"damage":0.0,"enemies":"3 Shapes","floor":35.0,"turns":5.0},{"damage":6.0,"enemies":"3 Darklings","floor":36.0,"turns":4.0},{"damage":2.0,"enemies":"Writhing Mass","floor":38.0,"turns":7.0},{"damage":13.0,"enemies":"Jaw Worm Horde","floor":39.0,"turns":6.0},{"damage":4,"enemies":"Reptomancer","floor":40,"turns":7},{"damage":11,"enemies":"Giant Head","floor":45,"turns":7},{"damage":5,"enemies":"Spire Growth","floor":48,"turns":5},{"damage":12,"enemies":"Awakened One","floor":50,"turns":15},{"damage":0,"enemies":"Shield and Spear","floor":54,"turns":6},{"damage":9,"enemies":"The Heart","floor":55,"turns":9}],"seed_played":"-7474990329111577078","potions_obtained":[{"floor":2.0,"key":"Block Potion"},{"floor":6.0,"key":"AttackPotion"},{"floor":13.0,"key":"LiquidBronze"},{"floor":14.0,"key":"Fruit Juice"},{"floor":14.0,"key":"ColorlessPotion"},{"floor":14.0,"key":"LiquidMemories"},{"floor":18.0,"key":"SkillPotion"},{"floor":19.0,"key":"DuplicationPotion"},{"floor":29.0,"key":"CunningPotion"},{"floor":39.0,"key":"SteroidPotion"},{"floor":54,"key":"Block Potion"}],"is_trial":false,"path_per_floor":["M","M","?","M","?","E","R","E","T","M","R","?","E","?","R","B",null,"M","M","?","T","$","E","?","R","T","E","?","M","R","M","R","B",null,"M","M","T","M","M","E","$","R","T","R","E","R","?","M","R","B",null,"R","$","E","B",null],"character_chosen":"THE_SILENT","items_purchased":["Gambling Chip","Leg Sweep","Poisoned Stab","Noxious Fumes+1","Dash","Sling","Bag of Marbles","LiquidMemories"],"campfire_rested":1,"item_purchase_floors":[22,22,22,41,41,41,53,53],"current_hp_per_floor":[70,70,63,63,49,26,26,13,13,25,46,51,46,56,56,22,85,85,73,59,59,59,39,39,39,39,49,30,38,38,44,44,45,59,59,59,59,59,52,54,54,54,54,54,58,58,58,59,59,59,59,59,59,59,50],"gold":80,"neow_bonus":"BOSS_RELIC","is_daily":false,"chose_seed":false,"campfire_upgraded":3,"win_rate":0.0,"timestamp":1609465852,"path_taken":["M","M","?","M","?","E","R","E","T","M","R","?","E","?","R","BOSS","M","M","?","?","$","E","?","R","T","E","?","M","R","M","R","BOSS","M","?","?","M","M","E","$","R","T","R","E","R","?","M","R","BOSS","R","$","E","BOSS"],"items_purchased_type":["Relic","Card","Card","Card","Card","Relic","Relic","Potion"],"build_version":"2020-12-22","purchased_purges":2,"victory":true,"max_hp_per_floor":[70,70,70,70,70,70,70,70,70,70,70,75,75,85,85,85,85,85,85,59,59,59,59,59,59,59,59,59,59,59,59,59,59,59,59,59,59,59,59,59,59,59,59,59,59,59,59,59,59,59,59,59,59,59,59],"card_choices":[{"not_picked":["Bane","Infinite Blades"],"picked":"Quick Slash","floor":1.0},{"not_picked":["Dodge and Roll","Blade Dance"],"picked":"PiercingWail","floor":2.0},{"not_picked":["Slice","Escape Plan"],"picked":"Deflect","floor":4.0},{"not_picked":["Predator","Distraction"],"picked":"Noxious Fumes","floor":6.0},{"not_picked":["Underhanded Strike","Blur"],"picked":"Envenom","floor":8.0},{"not_picked":["Dagger Spray","Deflect"],"picked":"Backflip","floor":10.0},{"not_picked":["Bane","Catalyst"],"picked":"Deadly Poison","floor":11.0},{"not_picked":["PiercingWail","Predator"],"picked":"Catalyst","floor":13.0},{"not_picked":["After Image+1","Glass Knife"],"picked":"Wraith Form v2+1","floor":16.0},{"not_picked":["Outmaneuver+1","Dagger Throw"],"picked":"Backflip","floor":18.0},{"not_picked":["Dagger Spray","Bouncing Flask"],"picked":"Footwork+1","floor":19.0},{"not_picked":["Terror","Eviscerate+1"],"picked":"Well Laid Plans+1","floor":23.0},{"not_picked":["Blur+1","Skewer"],"picked":"PiercingWail","floor":27.0},{"not_picked":["Acrobatics+1","Quick Slash+1"],"picked":"Cloak And Dagger+1","floor":29.0},{"not_picked":["Predator","Slice"],"picked":"Sucker Punch+1","floor":31.0},{"not_picked":["A Thousand Cuts+1","Malaise"],"picked":"Adrenaline","floor":33.0},{"not_picked":["Acrobatics","Finisher"],"picked":"Escape Plan","floor":35.0},{"not_picked":["Outmaneuver+1","Masterful Stab"],"picked":"Backflip+1","floor":36.0},{"not_picked":["Slice","Distraction+1","Bouncing Flask"],"picked":"SKIP","floor":38.0},{"not_picked":["Masterful Stab","Acrobatics+1","Flying Knee+1"],"picked":"SKIP","floor":39.0},{"not_picked":["Sucker Punch+1","Bane","Setup"],"picked":"SKIP","floor":40},{"not_picked":["Flechettes","Backstab+1"],"picked":"After Image+1","floor":45},{"not_picked":["Outmaneuver","Terror"],"picked":"Cloak And Dagger+1","floor":48},{"not_picked":["Choke","Acrobatics"],"picked":"Noxious Fumes+1","floor":54}],"player_experience":258447,"relics_obtained":[{"floor":6.0,"key":"Shovel"},{"floor":7.0,"key":"Tiny Chest"},{"floor":8.0,"key":"Dream Catcher"},{"floor":9.0,"key":"Meat on the Bone"},{"floor":13.0,"key":"MawBank"},{"floor":15.0,"key":"Frozen Egg 2"},{"floor":23.0,"key":"Incense Burner"},{"floor":25.0,"key":"Old Coin"},{"floor":26.0,"key":"Bottled Tornado"},{"floor":27.0,"key":"Ancient Tea Set"},{"floor":30.0,"key":"Letter Opener"},{"floor":37.0,"key":"Sundial"},{"floor":40,"key":"Bronze Scales"},{"floor":40,"key":"Bag of Preparation"},{"floor":43,"key":"Juzu Bracelet"},{"floor":44,"key":"StoneCalendar"},{"floor":45,"key":"Vajra"},{"floor":45,"key":"Bottled Lightning"},{"floor":49,"key":"Ninja Scroll"},{"floor":54,"key":"Shuriken"},{"floor":54,"key":"Whetstone"}],"event_choices":[{"cards_removed":["Strike_G"],"damage_healed":0.0,"max_hp_gain":0.0,"max_hp_loss":0.0,"gold_gain":0.0,"event_name":"Golden Wing","player_choice":"Card Removal","floor":3.0,"gold_loss":0.0,"damage_taken":7.0},{"damage_healed":0.0,"max_hp_gain":0.0,"max_hp_loss":0.0,"gold_gain":0.0,"event_name":"Shining Light","player_choice":"Entered Light","floor":5.0,"gold_loss":0.0,"damage_taken":14.0,"cards_upgraded":["Quick Slash","Survivor"]},{"damage_healed":0.0,"max_hp_gain":5.0,"max_hp_loss":0.0,"gold_gain":0.0,"event_name":"Big Fish","player_choice":"Donut","floor":12.0,"gold_loss":0.0,"damage_taken":0.0},{"damage_healed":0.0,"max_hp_gain":0.0,"max_hp_loss":0.0,"gold_gain":0.0,"event_name":"Lab","player_choice":"Got Potions","floor":14.0,"gold_loss":0.0,"damage_taken":0.0},{"damage_healed":0.0,"max_hp_gain":0.0,"max_hp_loss":26.0,"gold_gain":0.0,"event_name":"Vampires","player_choice":"Became a vampire","floor":20.0,"gold_loss":0.0,"damage_taken":0.0,"cards_obtained":["Bite","Bite","Bite","Bite","Bite"]},{"damage_healed":0.0,"max_hp_gain":0.0,"max_hp_loss":0.0,"gold_gain":0.0,"cards_transformed":["Defend_G","Defend_G"],"event_name":"Drug Dealer","player_choice":"Became Test Subject","floor":24.0,"gold_loss":0.0,"damage_taken":0.0,"cards_obtained":["Skewer","Dagger Spray"]},{"damage_healed":0.0,"max_hp_gain":0.0,"max_hp_loss":0.0,"gold_gain":0.0,"event_name":"Knowing Skull","player_choice":"POTION POTION ","floor":28.0,"potions_obtained":["SpeedPotion","Energy Potion"],"gold_loss":0.0,"damage_taken":19.0,"cards_obtained":[]},{"cards_removed":["Poisoned Stab"],"damage_healed":0,"gold_gain":0,"player_choice":"Removed Attack","damage_taken":0,"max_hp_gain":0,"max_hp_loss":0,"event_name":"Falling","floor":47,"gold_loss":0}],"is_beta":false,"boss_relics":[{"not_picked":["Busted Crown","Tiny House"],"picked":"Coffee Dripper"},{"not_picked":["Runic Dome","Velvet Choker"],"picked":"Black Star"}],"items_purged_floors":[22,41],"is_endless":false,"potions_floor_spawned":[2,6,13,18,19,29,33,35,39,45,54],"ascension_level":1}}