{"host":"2lrkmsuh7nz013qb","time":1609506599,"event":{"mods":["BaseMod","Colored Map","DeckTracker","Minty Spire (QoL Compilation)","SuperFastMode","everything is the same but u backflip on backflip"],"gold_per_floor":[117,132,146,146,164,196,196,196,196,208,208,242,260,294,294,395,395,414,434,444,0,13,13,27,37,60,160,179,179,189,205,205,306,306,318,337,337,355,372,372,391,391,391,290,306,163,163,181,181,181],"floor_reached":51,"playtime":1919,"items_purged":["Shame","Strike_B"],"score":1181,"play_id":"5ece79f7-3013-4c9a-8cd6-ea43b88f2461","local_time":"20210101220959","is_ascension_mode":true,"campfire_choices":[{"data":"Biased Cognition","floor":8,"key":"SMITH"},{"floor":15,"key":"REST"},{"data":"Coolheaded","floor":23,"key":"SMITH"},{"data":"Hologram","floor":29,"key":"SMITH"},{"data":"Capacitor","floor":32,"key":"SMITH"},{"data":"Heatsinks","floor":40,"key":"SMITH"},{"data":"Echo Form","floor":42,"key":"SMITH"},{"data":"Seek","floor":49,"key":"SMITH"}],"circlet_count":0,"master_deck":["AscendersBane","Strike_B","Strike_B","Defend_B","Defend_B","Defend_B","Defend_B","Zap","Dualcast","Beam Cell+1","Cold Snap","Rebound","FTL","Biased Cognition+1","Capacitor+1","Rainbow","Compile Driver","Electrodynamics","Electrodynamics","Self Repair","Chill","Conserve Battery+1","Coolheaded+1","Coolheaded+1","Hologram+1","Reboot","Chill","Chaos+1","Turbo+1","Hologram+1","Stack+1","Coolheaded+1","Heatsinks+1","Core Surge","Glacier+1","Turbo+1","Echo Form+1","Seek+1","Defragment","Blizzard+1"],"relics":["Cracked Core","Orichalcum","Anchor","Singing Bowl","Du-Vu Doll","Pear","Black Star","Membership Card","Prayer Wheel","Question Card","DataDisk","Unceasing Top","Symbiotic Virus","Cursed Key","Mercury Hourglass","InkBottle","OrangePellets"],"acts_visited":["Exordium","TheCity","TheBeyond"],"potions_floor_usage":[14,14,27,33,33,50],"damage_taken":[{"damage":4,"enemies":"Small Slimes","floor":1,"turns":3},{"damage":0,"enemies":"Cultist","floor":2,"turns":3},{"damage":9,"enemies":"Jaw Worm","floor":3,"turns":3},{"damage":17,"enemies":"3 Louse","floor":5,"turns":3},{"damage":20,"enemies":"Gremlin Nob","floor":6,"turns":4},{"damage":0,"enemies":"Blue Slaver","floor":10,"turns":2},{"damage":11,"enemies":"3 Sentries","floor":12,"turns":7},{"damage":0,"enemies":"Red Slaver","floor":13,"turns":3},{"damage":3,"enemies":"Gremlin Nob","floor":14,"turns":3},{"damage":30,"enemies":"Slime Boss","floor":16,"turns":5},{"damage":0,"enemies":"3 Byrds","floor":18,"turns":3},{"damage":6,"enemies":"Chosen","floor":19,"turns":4},{"damage":0,"enemies":"Snecko","floor":20,"turns":3},{"damage":0,"enemies":"3 Cultists","floor":22,"turns":3},{"damage":16,"enemies":"Snake Plant","floor":24,"turns":6},{"damage":0,"enemies":"Chosen and Byrds","floor":25,"turns":4},{"damage":1,"enemies":"Colosseum Slavers","floor":27,"turns":4},{"damage":0,"enemies":"Colosseum Nobs","floor":27,"turns":3},{"damage":5,"enemies":"Snecko","floor":28,"turns":3},{"damage":0,"enemies":"3 Cultists","floor":30,"turns":3},{"damage":5,"enemies":"Centurion and Healer","floor":31,"turns":5},{"damage":0,"enemies":"Automaton","floor":33,"turns":9},{"damage":0,"enemies":"Orb Walker","floor":35,"turns":4},{"damage":0,"enemies":"3 Shapes","floor":36,"turns":3},{"damage":1,"enemies":"Spire Growth","floor":38,"turns":5},{"damage":18,"enemies":"Maw","floor":39,"turns":7},{"damage":5,"enemies":"Writhing Mass","floor":41,"turns":6},{"damage":45,"enemies":"Transient","floor":45,"turns":5},{"damage":15,"enemies":"4 Shapes","floor":48,"turns":2},{"damage":8,"enemies":"Time Eater","floor":50,"turns":14}],"seed_played":"-5159978613481610287","potions_obtained":[{"floor":5,"key":"SpeedPotion"},{"floor":6,"key":"Swift Potion"},{"floor":10,"key":"FearPotion"},{"floor":14,"key":"Swift Potion"},{"floor":18,"key":"DuplicationPotion"},{"floor":19,"key":"Ancient Potion"},{"floor":28,"key":"BlessingOfTheForge"},{"floor":33,"key":"SpeedPotion"},{"floor":35,"key":"CultistPotion"}],"is_trial":false,"path_per_floor":["M","M","M","?","M","E","?","R","T","M","?","E","M","E","R","B",null,"M","M","M","$","M","R","M","M","T","?","M","R","M","M","R","B",null,"M","M","?","M","M","R","M","R","T","$","M","$","?","M","R","B",null],"character_chosen":"DEFECT","items_purchased":["Membership Card","Prayer Wheel","Question Card","Coolheaded","Seek","PowerPotion","Defragment","OrangePellets"],"campfire_rested":1,"item_purchase_floors":[21,21,21,21,44,44,46,46],"current_hp_per_floor":[64,64,55,55,38,18,18,18,18,18,18,7,7,14,39,9,66,66,60,60,60,67,67,58,69,69,75,70,70,77,81,81,88,90,93,97,97,99,92,92,96,96,96,96,62,62,62,49,49,48],"gold":181,"neow_bonus":"RANDOM_COMMON_RELIC","is_daily":false,"chose_seed":false,"campfire_upgraded":7,"win_rate":0.0,"timestamp":1609506599,"path_taken":["M","M","M","?","?","E","?","R","T","M","?","E","M","E","R","BOSS","M","M","M","$","M","R","M","M","T","?","M","R","M","M","R","BOSS","M","M","?","M","M","R","?","R","T","$","M","$","?","M","R","BOSS"],"items_purchased_type":["Relic","Relic","Relic","Card","Card","Potion","Card","Relic"],"build_version":"2020-12-22","purchased_purges":2,"victory":true,"max_hp_per_floor":[75,75,75,75,75,75,75,75,75,75,75,75,75,85,85,85,85,85,85,85,85,85,85,85,89,89,89,89,89,89,91,91,91,91,93,97,97,99,103,103,105,105,105,105,109,109,109,111,111,111],"card_choices":[{"not_picked":["Coolheaded","Leap"],"picked":"Beam Cell","floor":1},{"not_picked":["Stack","Darkness","Blizzard"],"picked":"SKIP","floor":2},{"not_picked":["Blizzard","Go for the Eyes"],"picked":"Cold Snap","floor":3},{"not_picked":["Leap","Beam Cell"],"picked":"Rebound","floor":5},{"not_picked":["Fusion","Barrage"],"picked":"FTL","floor":6},{"not_picked":["Stack","FTL"],"picked":"Capacitor","floor":10},{"not_picked":["Gash","Redo"],"picked":"Rainbow","floor":12},{"not_picked":["Go for the Eyes","Genetic Algorithm"],"picked":"Compile Driver","floor":13},{"not_picked":["Rebound","Streamline"],"picked":"Electrodynamics","floor":14},{"not_picked":["Buffer","Meteor Strike"],"picked":"Electrodynamics","floor":16},{"not_picked":["BootSequence","Lockon"],"picked":"Self Repair","floor":18},{"not_picked":["Barrage","Streamline"],"picked":"Chill","floor":19},{"not_picked":["Fusion","Leap"],"picked":"Conserve Battery+1","floor":20},{"not_picked":["Gash+1","Turbo","Aggregate"],"picked":"Coolheaded+1","floor":22},{"not_picked":["Redo","Sweeping Beam","Aggregate"],"picked":"Hologram+1","floor":22},{"not_picked":["Coolheaded","Melter","Hologram"],"picked":"Reboot","floor":24},{"not_picked":["Compile Driver","Gash","Beam Cell+1"],"picked":"Chill","floor":24},{"not_picked":["Lockon","Rebound","Stack+1","Conserve Battery"],"picked":"Singing Bowl","floor":25},{"not_picked":["Beam Cell","Chill","Cold Snap+1","Redo"],"picked":"Singing Bowl","floor":25},{"not_picked":["Coolheaded","Beam Cell+1","Melter"],"picked":"Chaos+1","floor":27},{"not_picked":["White Noise","Beam Cell","Stack"],"picked":"Turbo+1","floor":28},{"not_picked":["Rainbow","Turbo","Static Discharge"],"picked":"Hologram","floor":28},{"not_picked":["Aggregate+1","Darkness","Beam Cell"],"picked":"Stack+1","floor":30},{"not_picked":["Conserve Battery","Go for the Eyes","Reprogram"],"picked":"Coolheaded+1","floor":30},{"not_picked":["Cold Snap+1","Ball Lightning","Beam Cell"],"picked":"Heatsinks","floor":31},{"not_picked":["Gash","Redo","Barrage","Hologram"],"picked":"Singing Bowl","floor":31},{"not_picked":["Electrodynamics","Reboot","Creative AI"],"picked":"Core Surge","floor":33},{"not_picked":["Rebound+1","Redo+1","Beam Cell"],"picked":"Glacier+1","floor":35},{"not_picked":["Static Discharge+1","Scrape+1","Sweeping Beam","Undo"],"picked":"Singing Bowl","floor":35},{"not_picked":["Hello World+1","Rebound","Streamline","Skim+1"],"picked":"Singing Bowl","floor":36},{"not_picked":["Conserve Battery","Skim+1","Scrape+1","Darkness"],"picked":"Singing Bowl","floor":36},{"not_picked":["Leap","Cold Snap+1","Doom and Gloom+1"],"picked":"Turbo+1","floor":38},{"not_picked":["Self Repair+1","Sweeping Beam","Redo+1","Static Discharge"],"picked":"Singing Bowl","floor":38},{"not_picked":["Leap","White Noise","Hologram","Turbo+1"],"picked":"Singing Bowl","floor":39},{"not_picked":["Melter+1","Go for the Eyes+1","Barrage+1","Darkness"],"picked":"Singing Bowl","floor":39},{"not_picked":["Compile Driver+1","Consume","Sweeping Beam+1"],"picked":"Echo Form","floor":41},{"not_picked":["Genetic Algorithm","Sweeping Beam+1","Tempest","Leap"],"picked":"Singing Bowl","floor":41},{"not_picked":["Steam","Tempest","Go for the Eyes","Hello World+1"],"picked":"Singing Bowl","floor":45},{"not_picked":["Streamline","Aggregate","Sweeping Beam","Undo+1"],"picked":"Singing Bowl","floor":45},{"not_picked":["Double Energy","Lockon+1","Barrage+1"],"picked":"Blizzard+1","floor":48},{"not_picked":["Go for the Eyes","White Noise","Turbo","Static Discharge+1"],"picked":"Singing Bowl","floor":48}],"player_experience":723031,"relics_obtained":[{"floor":6,"key":"Anchor"},{"floor":9,"key":"Singing Bowl"},{"floor":12,"key":"Du-Vu Doll"},{"floor":14,"key":"Pear"},{"floor":26,"key":"DataDisk"},{"floor":27,"key":"Unceasing Top"},{"floor":27,"key":"Symbiotic Virus"},{"floor":43,"key":"InkBottle"}],"event_choices":[{"damage_healed":0,"gold_gain":0,"player_choice":"Forge","damage_taken":0,"max_hp_gain":0,"max_hp_loss":0,"event_name":"Accursed Blacksmith","floor":4,"gold_loss":0,"cards_upgraded":["Beam Cell"]},{"damage_healed":0,"gold_gain":0,"cards_transformed":["Strike_B"],"player_choice":"Change","damage_taken":0,"max_hp_gain":0,"max_hp_loss":0,"event_name":"Living Wall","floor":7,"gold_loss":0,"cards_obtained":["Biased Cognition"]},{"damage_healed":0,"gold_gain":0,"player_choice":"Ignored","damage_taken":0,"max_hp_gain":0,"max_hp_loss":0,"event_name":"Liars Game","floor":11,"gold_loss":0},{"damage_healed":0,"gold_gain":0,"player_choice":"Fight","damage_taken":0,"max_hp_gain":0,"max_hp_loss":0,"event_name":"Colosseum","floor":27,"gold_loss":0},{"damage_healed":0,"gold_gain":0,"player_choice":"Fought Nobs","damage_taken":0,"max_hp_gain":0,"max_hp_loss":0,"event_name":"Colosseum","floor":27,"gold_loss":0},{"damage_healed":0,"gold_gain":0,"player_choice":"Gave Potion","damage_taken":0,"relics_obtained":["Mercury Hourglass"],"max_hp_gain":0,"max_hp_loss":0,"event_name":"WeMeetAgain","floor":37,"gold_loss":0},{"damage_healed":0,"gold_gain":0,"player_choice":"Ignored","damage_taken":0,"max_hp_gain":0,"max_hp_loss":0,"event_name":"SecretPortal","floor":47,"gold_loss":0}],"is_beta":false,"boss_relics":[{"not_picked":["Calling Bell","FrozenCore"],"picked":"Black Star"},{"not_picked":["Snecko Eye","Velvet Choker"],"picked":"Cursed Key"}],"items_purged_floors":[44,46],"is_endless":false,"potions_floor_spawned":[5,6,10,14,18,19,24,27,28,33,35,45,48],"ascension_level":10}}