{"host":"q1ejl7hv5l3527la","time":1609541836,"event":{"mods":["Aspiration","Bard","BaseMod","Better Third Choice","Colored Powertips","Downfall","Energized Spire","Hermit","Highlight Path","Hubris","Infinite Spire","Minty Spire (QoL Compilation)","Replay The Spire","Shop Mod","StSLib","The Bladedancer","The Cursed","The Forsaken","The Juggle","The Jungle","The Runesmith"],"gold_per_floor":[113,150,168,179,179,179,204,204,274,51,76,36,69,82,82,183,183,195,105,105,105,8,8,36,36,36,52,68,78,95,108,108,206,206,221,171,190,190,305,305,305,321,347,367,380,380,400,412,412,412],"floor_reached":51,"playtime":6721,"items_purged":[],"score":739,"play_id":"5d940263-931e-4c6d-9803-8904cacb4d6a","local_time":"20210101165716","is_ascension_mode":false,"campfire_choices":[{"data":"blademaster:Safeguard","floor":6.0,"key":"SMITH"},{"floor":8.0,"key":"REST"},{"floor":15.0,"key":"DIG"},{"floor":23,"key":"REST"},{"data":"blademaster:AspectOfLightning","floor":25,"key":"SMITH"},{"floor":32,"key":"REST"},{"floor":40,"key":"REST"},{"floor":46,"key":"REST"},{"floor":49,"key":"REST"}],"circlet_count":0,"master_deck":["blademaster:Strike","blademaster:Strike","blademaster:Strike","blademaster:Strike","blademaster:Defend","blademaster:Defend","blademaster:Defend","blademaster:Defend","blademaster:RagingBlow","blademaster:HighVoltage","blademaster:KiBarrier","blademaster:WindSlash+1","blademaster:LeechingStrike","blademaster:Safeguard+1","blademaster:AspectOfLightning+1","blademaster:SlyStabs+1","blademaster:Stability","blademaster:DragonStrike","blademaster:BloodyBlow+1","blademaster:CombatPrep","blademaster:Slice+1","blademaster:Cut","blademaster:CullingStrike","blademaster:FuryOfTheElements","blademaster:Overcharge","blademaster:CombatPrep","blademaster:AwakeningDefend","blademaster:AwakeningStrike","hubris:DuctTapeCard","blademaster:AncestralHealing+1","blademaster:Safeguard","blademaster:Thrust","blademaster:SlyStabs+1","blademaster:Flash","blademaster:DaggerAndCloak","blademaster:FlockOfBlades","blademaster:Breeze+1","blademaster:ThunderSlash+1","blademaster:Havoc","expansioncontent:Flail","Replay:Fractal Strike","blademaster:Sharpen+1","Parasite","blademaster:FuryOfTheElements","blademaster:Cut","blademaster:Stability","blademaster:Discharge+1"],"relics":["blademaster:DancersAmulet","infinitespire:Satchel","ReplayTheSpireMod:Shallot","Ancient Tea Set","Gremlin Food","Whetstone","aspiration:SecretTechniqueScroll","theJungle:ParSnip","Shuriken","hubris:DuctTape","aspiration:SeaSaltIceCream","aspiration:Nostalgia","Cracked Core","Black Star","hubris:Towel","Mercury Hourglass","BargainBundle","Simple Rune"],"acts_visited":["Exordium","Exordium","TheBeyond"],"potions_floor_usage":[33,33,35,37,50],"damage_taken":[{"damage":1.0,"enemies":"Cultist","floor":1.0,"turns":4.0},{"damage":0.0,"enemies":"Jaw Worm","floor":3.0,"turns":4.0},{"damage":0.0,"enemies":"2 Louse","floor":4.0,"turns":2.0},{"damage":18.0,"enemies":"Gremlin Nob","floor":7.0,"turns":4.0},{"damage":12.0,"enemies":"Lagavulin","floor":11.0,"turns":6.0},{"damage":14.0,"enemies":"Gremlin Nob","floor":13.0,"turns":4.0},{"damage":0.0,"enemies":"Red Slaver","floor":14.0,"turns":3.0},{"damage":25.0,"enemies":"Fading Forest","floor":16.0,"turns":11.0},{"damage":26,"enemies":"theJungle:Flameango_and_Byrd","floor":18,"turns":6},{"damage":4,"enemies":"theJungle:Cassacara","floor":24,"turns":4},{"damage":0,"enemies":"theJungle:MUSHROOMGANG","floor":27,"turns":3},{"damage":4,"enemies":"theJungle:JungleHuntersEncounter","floor":28,"turns":6},{"damage":5,"enemies":"theJungle:2_Flameangoes","floor":29,"turns":4},{"damage":22,"enemies":"theJungle:2_Snecko_Cultists","floor":30,"turns":4},{"damage":25,"enemies":"theJungle:JungleHuntersEncounter","floor":31,"turns":5},{"damage":0,"enemies":"theJungle:FunGuy","floor":33,"turns":5},{"damage":24,"enemies":"3 Darklings","floor":35,"turns":5},{"damage":0,"enemies":"Orb Walker","floor":37,"turns":3},{"damage":27,"enemies":"4 Shapes","floor":42,"turns":2},{"damage":12,"enemies":"Writhing Mass","floor":44,"turns":6},{"damage":16,"enemies":"Spire Growth","floor":45,"turns":3},{"damage":15,"enemies":"3 Darklings","floor":47,"turns":3},{"damage":35,"enemies":"Maw","floor":48,"turns":6},{"damage":31,"enemies":"Donu and Deca","floor":50,"turns":5}],"seed_played":"-6935559737968683336","potions_obtained":[{"floor":1.0,"key":"GamblersBrew"},{"floor":2.0,"key":"hexamod:EctoCoolerPotion"},{"floor":2.0,"key":"Energy Potion"},{"floor":2.0,"key":"Elixir"},{"floor":7.0,"key":"Explosive Potion"},{"floor":28,"key":"Adrenaline Potion"},{"floor":35,"key":"Energy Potion"},{"floor":39,"key":"FairyPotion"},{"floor":45,"key":"AttackPotion"},{"floor":48,"key":"hexamod:EctoCoolerPotion"}],"is_trial":false,"path_per_floor":["M","?","M","M","?","R","E","R","T","$","E","$","E","M","R","B",null,"M","?","AVR","?","$","R","E","R","T","M","M","M","M","M","R","B",null,"M","$","M","?","?","R","AVR","M","T","M","M","R","M","M","R","B",null],"character_chosen":"THE_BLADEMASTER","items_purchased":["blademaster:SlyStabs","blademaster:Stability","blademaster:DragonStrike","blademaster:BloodyBlow","blademaster:CombatPrep","blademaster:AirSlash","blademaster:AwakeningDefend","blademaster:AwakeningStrike","blademaster:ThunderSlash"],"campfire_rested":6,"item_purchase_floors":[10,10,10,10,10,12,22,22,36],"current_hp_per_floor":[81,81,81,82,82,82,64,82,82,82,76,76,68,74,74,65,82,62,62,62,62,62,82,82,82,82,82,82,82,69,53,77,82,82,64,64,73,73,73,82,82,61,61,55,45,69,60,31,55,30],"gold":412,"neow_bonus":"TEN_PERCENT_HP_BONUS","is_daily":false,"chose_seed":false,"campfire_upgraded":2,"win_rate":0.0,"timestamp":1609541836,"path_taken":["M","?","M","M","?","R","E","R","T","$","E","$","E","?","R","BOSS","M","?","AVR","?","$","R","E","R","T","M","?","M","M","M","R","BOSS","M","$","M","?","?","R","AVR","M","T","M","M","R","?","M","R","BOSS"],"items_purchased_type":["Card","Card","Card","Card","Card","Card","Card","Card","Card"],"build_version":"2020-12-22","purchased_purges":0,"victory":true,"max_hp_per_floor":[82,82,82,82,82,82,82,82,82,82,82,82,82,82,82,82,82,82,82,82,82,82,82,82,82,82,82,82,82,82,82,82,82,82,82,82,82,82,82,82,82,82,82,82,82,82,82,82,82,82],"card_choices":[{"not_picked":["blademaster:Sunder","blademaster:ParryingStrike"],"picked":"blademaster:KiBarrier","floor":1.0},{"not_picked":["blademaster:Frontflip","blademaster:AirSlash"],"picked":"blademaster:WindSlash","floor":2.0},{"not_picked":["blademaster:OneTrickPony","blademaster:Thrust"],"picked":"blademaster:LeechingStrike","floor":3.0},{"not_picked":["blademaster:DaggerAndCloak","blademaster:BladeMastery"],"picked":"blademaster:Safeguard","floor":4.0},{"not_picked":["blademaster:CloudOfSteel","blademaster:Safeguard"],"picked":"blademaster:AspectOfLightning","floor":7.0},{"not_picked":["blademaster:AspectOfWind","blademaster:OneTrickPony"],"picked":"blademaster:Slice","floor":11.0},{"not_picked":["blademaster:EyeOfTheTornado","blademaster:ParryingStrike"],"picked":"blademaster:Cut","floor":13.0},{"not_picked":["blademaster:BloodyBlow","blademaster:Momentum"],"picked":"blademaster:CullingStrike","floor":14.0},{"not_picked":["blademaster:Blindside","blademaster:FlockOfBlades"],"picked":"blademaster:FuryOfTheElements","floor":16.0},{"not_picked":["blademaster:DancingEdge","blademaster:Frenzy"],"picked":"blademaster:Overcharge","floor":18},{"not_picked":["blademaster:AwakeningDefend","blademaster:Stability"],"picked":"blademaster:AncestralHealing+1","floor":24},{"not_picked":["blademaster:CullingStrike","blademaster:Gust"],"picked":"blademaster:Safeguard","floor":27},{"not_picked":["blademaster:AncestralHealing","blademaster:CombatPrep+1"],"picked":"blademaster:Thrust","floor":28},{"not_picked":["blademaster:Sharpen","blademaster:ChargingUp"],"picked":"blademaster:SlyStabs+1","floor":29},{"not_picked":["blademaster:Quickness","blademaster:Frontflip"],"picked":"blademaster:Flash","floor":30},{"not_picked":["blademaster:BloodyBlow+1","blademaster:AspectOfWind"],"picked":"blademaster:DaggerAndCloak","floor":31},{"not_picked":["blademaster:UnrelentingWind","blademaster:HighVoltage"],"picked":"blademaster:FlockOfBlades","floor":33},{"not_picked":["blademaster:Quickstep","blademaster:AspectOfLightning"],"picked":"blademaster:Breeze+1","floor":35},{"not_picked":["blademaster:Slice+1","blademaster:DragonStrike"],"picked":"blademaster:Havoc","floor":37},{"not_picked":["Replay:SS_fish_2","Replay:SS_forest_5"],"picked":"expansioncontent:Flail","floor":39},{"not_picked":["blademaster:AwakeningStrike","blademaster:AspectOfLightning+1"],"picked":"blademaster:Sharpen+1","floor":42},{"not_picked":["blademaster:DaggerAndCloak","blademaster:Breeze"],"picked":"blademaster:FuryOfTheElements","floor":44},{"not_picked":["blademaster:Rupture+1","blademaster:IcyWind"],"picked":"blademaster:Cut","floor":45},{"not_picked":["blademaster:Vortex+1","blademaster:AirSlash"],"picked":"blademaster:Stability","floor":47},{"not_picked":["blademaster:Flurry+1","blademaster:Meditate"],"picked":"blademaster:Discharge+1","floor":48}],"player_experience":47745,"relics_obtained":[{"floor":7.0,"key":"infinitespire:Satchel"},{"floor":7.0,"key":"blademaster:StanceHealPerk"},{"floor":9.0,"key":"ReplayTheSpireMod:Shallot"},{"floor":11.0,"key":"Ancient Tea Set"},{"floor":11.0,"key":"blademaster:FinisherDrawCardPerk"},{"floor":13.0,"key":"Gremlin Food"},{"floor":13.0,"key":"blademaster:WindChargePerk"},{"floor":15.0,"key":"Whetstone"},{"floor":24,"key":"hubris:DuctTape"},{"floor":24,"key":"blademaster:LightningChargePerk"},{"floor":26,"key":"aspiration:SeaSaltIceCream"},{"floor":39,"key":"Mercury Hourglass"},{"floor":43,"key":"Simple Rune"}],"event_choices":[{"damage_healed":0.0,"max_hp_gain":0.0,"max_hp_loss":0.0,"gold_gain":0.0,"event_name":"NoteForYourself","player_choice":"Ignored","floor":5.0,"gold_loss":0.0,"damage_taken":0.0},{"damage_healed":0,"gold_gain":0,"player_choice":"1 cards matched","damage_taken":0,"max_hp_gain":0,"max_hp_loss":0,"event_name":"Match and Keep!","floor":21,"gold_loss":0,"cards_obtained":["blademaster:CombatPrep"]},{"damage_healed":0,"gold_gain":0,"player_choice":"Random: Red","damage_taken":0,"max_hp_gain":0,"max_hp_loss":0,"event_name":"betterThird:BetterPortal","floor":39,"gold_loss":0}],"is_beta":false,"boss_relics":[{"not_picked":["Replay:Wanted Poster","Runic Pyramid"],"picked":"aspiration:SecretTechniqueScroll"},{"not_picked":["aspiration:DefectSkillbook","aspiration:IroncladSkillbook"],"picked":"Black Star"}],"items_purged_floors":[],"is_endless":false,"potions_floor_spawned":[1,4,7,11,14,18,28,31,35,45,48],"ascension_level":0}}