{"host":"v1m5rkjj38qutr02","time":1609509094,"event":{"mods":["Act Like it!","BaseMod","Conspire","Gensokyo","GungeonMod","Hallownest","Minty Spire (QoL Compilation)","Replay The Spire","StSLib","The Bug Knight","Youmu£®ªÍ∆«—˝√Œ£©"],"gold_per_floor":[116,116,3,15,15,47,47,47,47,47,47,62,62,96,96],"floor_reached":14,"playtime":185,"items_purged":[],"score":169,"play_id":"1f3227c3-81af-4eb5-ac59-14d89f67a1cf","local_time":"20210101215134","is_ascension_mode":true,"campfire_choices":[{"data":"Creative AI","floor":8,"key":"SMITH"},{"data":"Hello World","floor":13,"key":"SMITH"}],"circlet_count":0,"master_deck":["Strike_B","Strike_B","Strike_B","Strike_B","Defend_B","Defend_B","Defend_B","Defend_B","Zap+1","Dualcast","Creative AI+1","Impatience","Hello World+1","Capacitor","Multi-Cast+1","Double Energy"],"relics":["Cracked Core","NeowsBlessing","conspire:InfiniteJournal","Solar Panel","Gambling Chip"],"acts_visited":["Exordium"],"potions_floor_usage":[],"damage_taken":[{"damage":0.0,"enemies":"Cultist","floor":1.0,"turns":1.0},{"damage":0,"enemies":"Jaw Worm","floor":4,"turns":1},{"damage":0,"enemies":"3 Sentries","floor":6,"turns":1},{"damage":2,"enemies":"2 Louse","floor":12,"turns":2},{"damage":64,"enemies":"Gremlin Nob","floor":14,"turns":5}],"seed_played":"7765600060021480530","potions_obtained":[{"floor":14,"key":"Languid Potion"}],"is_trial":false,"path_per_floor":["M","?","$","M","$","E","?","R","T","?","?","M","R","E"],"character_chosen":"DEFECT","items_purchased":["Double Energy","Hello World"],"campfire_rested":0,"item_purchase_floors":[3,3],"current_hp_per_floor":[68,68,68,68,68,68,68,68,68,68,68,68,68,6,6],"gold":96,"neow_bonus":"THREE_ENEMY_KILL","is_daily":false,"chose_seed":false,"campfire_upgraded":2,"win_rate":0.0,"timestamp":1609509094,"path_taken":["M","?","$","?","?","E","?","R","T","?","?","?","R","E"],"items_purchased_type":["Card","Card"],"build_version":"2020-12-22","purchased_purges":0,"victory":false,"max_hp_per_floor":[75,75,75,75,75,75,75,75,75,75,75,75,75,75,75],"card_choices":[{"not_picked":["Panic Button","Gash","Compile Driver"],"picked":"SKIP","floor":1.0},{"not_picked":["Steam","conspire:SharedLibrary","FTL"],"picked":"SKIP","floor":4},{"not_picked":["Panic Button","Time Bomb"],"picked":"Capacitor","floor":6},{"not_picked":["Sweeping Beam","Rebound"],"picked":"Double Energy","floor":12}],"player_experience":393945,"relics_obtained":[{"floor":6,"key":"conspire:InfiniteJournal"},{"floor":9,"key":"Solar Panel"},{"floor":14,"key":"Gambling Chip"}],"event_choices":[{"damage_healed":0,"gold_gain":0,"player_choice":"2 cards matched","damage_taken":0,"max_hp_gain":0,"max_hp_loss":0,"event_name":"Match and Keep!","floor":2,"gold_loss":0,"cards_obtained":["Creative AI","Impatience"]},{"damage_healed":0,"gold_gain":0,"player_choice":"Leave","damage_taken":0,"max_hp_gain":0,"max_hp_loss":0,"event_name":"conspire:Investor","floor":7,"gold_loss":0}],"is_beta":false,"boss_relics":[],"items_purged_floors":[],"is_endless":false,"potions_floor_spawned":[14],"killed_by":"Gremlin Nob","ascension_level":8}}