{"host":"k4et7hlhlqy8fuoz","time":1609511383,"event":{"mods":["2.2 Compatiblity","AchievementEnabler","BaseMod","Colored Map","DeckTracker","Highlight Path","Minty Spire (QoL Compilation)","Random Character Button","Rare Cards Sparkle"],"gold_per_floor":[114,20,35,50,50,50,80,95,95,270,300,300,330,4,4,104,104,119,148,48,48,63,63,93,93,93,93,108,123,50,65,65,65,65],"floor_reached":33,"playtime":2265,"items_purged":["Doubt"],"score":308,"play_id":"36719a0d-7989-4800-9c9e-77b980442cc7","local_time":"20210101152943","daily_mods":["Shiny","ControlledChaos","Elite Swarm"],"is_ascension_mode":false,"campfire_choices":[{"floor":6,"key":"REST"},{"floor":12,"key":"REST"},{"floor":15,"key":"REST"},{"floor":23,"key":"REST"},{"floor":27,"key":"REST"},{"floor":32,"key":"REST"}],"circlet_count":0,"master_deck":["Venomology","Corpse Explosion","Malaise","Phantasmal Killer","Die Die Die","Adrenaline","Envenom","Doppelganger","Burst","Tools of the Trade","Unload","After Image","Bullet Time","Storm of Steel","Glass Knife","A Thousand Cuts","Grand Finale","Underhanded Strike","Swift Strike","Slice","Bane","Storm of Steel","Underhanded Strike","Quick Slash","Adrenaline","Phantasmal Killer","Riddle With Holes","Blind","Bane","After Image","Blade Dance","Crippling Poison","Bane+1","Quick Slash","PiercingWail","Burst","Deflect+1","Dash","Venomology","Blade Dance+1","Poisoned Stab+1","Leg Sweep","Deadly Poison","Underhanded Strike","Quick Slash+1","Acrobatics+1"],"relics":["Ring of the Snake","Frozen Eye","Prayer Wheel","PreservedInsect","Orichalcum","Snake Skull","Regal Pillow","Red Mask","Strawberry","Singing Bowl"],"acts_visited":["Exordium","TheCity"],"potions_floor_usage":[4,8,16,29,31,33,33,33],"damage_taken":[{"damage":6,"enemies":"Cultist","floor":1,"turns":3},{"damage":8,"enemies":"Small Slimes","floor":3,"turns":3},{"damage":5,"enemies":"2 Louse","floor":4,"turns":3},{"damage":42,"enemies":"3 Sentries","floor":7,"turns":5},{"damage":14,"enemies":"Blue Slaver","floor":8,"turns":3},{"damage":18,"enemies":"Lagavulin","floor":11,"turns":3},{"damage":8,"enemies":"Gremlin Nob","floor":13,"turns":3},{"damage":32,"enemies":"Hexaghost","floor":16,"turns":8},{"damage":0,"enemies":"Chosen","floor":18,"turns":3},{"damage":54,"enemies":"Masked Bandits","floor":19,"turns":4},{"damage":13,"enemies":"3 Byrds","floor":22,"turns":4},{"damage":30,"enemies":"Gremlin Leader","floor":24,"turns":6},{"damage":15,"enemies":"Centurion and Healer","floor":28,"turns":6},{"damage":14,"enemies":"3 Cultists","floor":29,"turns":5},{"damage":14,"enemies":"Snake Plant","floor":31,"turns":5},{"damage":64,"enemies":"Automaton","floor":33,"turns":6}],"seed_played":"-2495295926900846280","potions_obtained":[{"floor":1,"key":"GamblersBrew"},{"floor":13,"key":"SneckoOil"},{"floor":16,"key":"SteroidPotion"},{"floor":31,"key":"GamblersBrew"}],"is_trial":false,"path_per_floor":["M","$","M","M","?","R","E","M","T","?","E","R","E","$","R","B",null,"M","?","$","?","M","R","E","?","T","R","M","M","$","M","R","B"],"character_chosen":"THE_SILENT","items_purchased":["Swift Strike","Regal Pillow","Riddle With Holes","Blind","Bane","Quick Slash","Deadly Poison","Underhanded Strike"],"campfire_rested":6,"item_purchase_floors":[2,14,14,14,14,20,30,30],"current_hp_per_floor":[64,64,56,51,56,75,33,19,19,19,1,23,15,15,52,20,75,75,21,21,21,8,45,22,22,22,61,46,32,32,18,57,0,0],"gold":65,"neow_bonus":"","is_daily":true,"chose_seed":false,"campfire_upgraded":0,"win_rate":0.0,"timestamp":1609511383,"path_taken":["M","$","M","?","?","R","E","M","T","?","E","R","E","$","R","BOSS","M","?","$","?","M","R","E","?","T","R","M","M","$","M","R","BOSS"],"items_purchased_type":["Card","Relic","Card","Card","Card","Card","Card","Card"],"build_version":"2020-12-22","purchased_purges":1,"victory":false,"max_hp_per_floor":[70,70,70,70,75,75,75,75,75,75,75,75,75,75,75,75,75,75,75,75,75,75,75,82,82,82,82,82,82,82,82,82,82,82],"card_choices":[{"not_picked":["Setup","Dagger Spray"],"picked":"Underhanded Strike","floor":1},{"not_picked":["Escape Plan","Poisoned Stab"],"picked":"Slice","floor":3},{"not_picked":["Backflip","Flying Knee"],"picked":"Bane","floor":4},{"not_picked":["Burst","Doppelganger"],"picked":"Storm of Steel","floor":7},{"not_picked":["Backflip","Dodge and Roll"],"picked":"Underhanded Strike","floor":8},{"not_picked":["Dagger Spray","Tactician"],"picked":"Quick Slash","floor":8},{"not_picked":["Tools of the Trade","Envenom"],"picked":"Adrenaline","floor":11},{"not_picked":["Doppelganger","Venomology"],"picked":"Phantasmal Killer","floor":13},{"not_picked":["Venomology","Phantasmal Killer"],"picked":"After Image","floor":16},{"not_picked":["Expertise","Reflex"],"picked":"Blade Dance","floor":18},{"not_picked":["Slice","Bane"],"picked":"Crippling Poison","floor":18},{"not_picked":["Quick Slash","Blade Dance"],"picked":"Bane+1","floor":19},{"not_picked":["Backflip","Prepared"],"picked":"Deflect+1","floor":22},{"not_picked":["Caltrops","Backflip"],"picked":"Dash","floor":22},{"not_picked":["Malaise","Grand Finale"],"picked":"Venomology","floor":24},{"not_picked":["Deflect","Dash+1"],"picked":"Blade Dance+1","floor":28},{"not_picked":["PiercingWail","Cloak And Dagger"],"picked":"Poisoned Stab+1","floor":28},{"not_picked":["Outmaneuver","Prepared+1"],"picked":"Leg Sweep","floor":29},{"not_picked":["Bane","Backstab","Skewer+1"],"picked":"SKIP","floor":29},{"not_picked":["Blade Dance","Underhanded Strike"],"picked":"Quick Slash+1","floor":31},{"not_picked":["Skewer","Night Terror"],"picked":"Acrobatics+1","floor":31}],"player_experience":51046,"relics_obtained":[{"floor":7,"key":"Prayer Wheel"},{"floor":9,"key":"PreservedInsect"},{"floor":11,"key":"Orichalcum"},{"floor":13,"key":"Snake Skull"},{"floor":19,"key":"Red Mask"},{"floor":24,"key":"Strawberry"},{"floor":26,"key":"Singing Bowl"}],"event_choices":[{"damage_healed":0,"gold_gain":0,"player_choice":"Donut","damage_taken":0,"max_hp_gain":5,"max_hp_loss":0,"event_name":"Big Fish","floor":5,"gold_loss":0},{"damage_healed":0,"gold_gain":175,"player_choice":"AGREE","damage_taken":0,"max_hp_gain":0,"max_hp_loss":0,"event_name":"Liars Game","floor":10,"gold_loss":0,"cards_obtained":["Doubt"]},{"damage_healed":0,"gold_gain":0,"player_choice":"Fought Bandits","damage_taken":0,"max_hp_gain":0,"max_hp_loss":0,"event_name":"Masked Bandits","floor":19,"gold_loss":0},{"damage_healed":0,"gold_gain":0,"cards_transformed":["Night Terror","Wraith Form v2"],"player_choice":"Became Test Subject","damage_taken":0,"max_hp_gain":0,"max_hp_loss":0,"event_name":"Drug Dealer","floor":21,"gold_loss":0,"cards_obtained":["PiercingWail","Burst"]},{"damage_healed":0,"gold_gain":0,"player_choice":"Bought 0 Potions","damage_taken":0,"max_hp_gain":0,"max_hp_loss":0,"event_name":"The Woman in Blue","floor":25,"gold_loss":0}],"is_beta":false,"boss_relics":[{"not_picked":["Snecko Eye","Velvet Choker","Coffee Dripper"]}],"items_purged_floors":[20],"is_endless":false,"potions_floor_spawned":[1,13,16,19,22,31],"killed_by":"Automaton","ascension_level":0}}