{"host":"7yxt37kap0q16lk4","time":1609507118,"event":{"mods":["2.2 Compatiblity","Act Like it!","BaseMod","Better Third Choice","Better-Laid Plans","Colored Map","Custom Start","Highlight Path","Keyboard Shortcuts","Minty Spire (QoL Compilation)","Quick Restart","Rare Cards Sparkle","Relic Stats","Shop Mod","Slay the Relics Exporter","StSLib","SuperFastMode"],"gold_per_floor":[110,110,130,144,144,144,162,192,192,192,222,222,222,7,7,83,83,101,101,101,116,135,135,164,114,168,118,118,135,166,184,184,184,184],"floor_reached":33,"playtime":465,"items_purged":["Strike_R","Perfected Strike+1","Strike_R+1"],"score":636,"play_id":"b91f4a4a-dbe0-4c12-b249-6adc43bc1f40","local_time":"20210101221838","is_ascension_mode":true,"campfire_choices":[{"data":"Cleave","floor":6.0,"key":"SMITH"},{"data":"Immolate","floor":10.0,"key":"SMITH"},{"data":"Spot Weakness","floor":13.0,"key":"SMITH"},{"data":"Sword Boomerang","floor":15.0,"key":"SMITH"},{"data":"Battle Trance","floor":32,"key":"SMITH"}],"circlet_count":0,"master_deck":["AscendersBane","Strike_R+1","Strike_R+1","Defend_R+1","Defend_R+1","Defend_R+1","Defend_R+1","Bash","Cleave+1","Spot Weakness+1","Sword Boomerang+1","Immolate+1","Immolate+1","Thunderclap+1","Shrug It Off+1","Battle Trance+1","Shrug It Off"],"relics":["Burning Blood","Dream Catcher","Anchor","Akabeko","Blue Candle","Smiling Mask","Lantern","Velvet Choker","Question Card","Red Skull","Blood Vial"],"acts_visited":["Exordium","TheCity"],"potions_floor_usage":[16,33],"damage_taken":[{"damage":19.0,"enemies":"Jaw Worm","floor":1.0,"turns":4.0},{"damage":12.0,"enemies":"Cultist","floor":3.0,"turns":4.0},{"damage":10.0,"enemies":"Small Slimes","floor":4.0,"turns":3.0},{"damage":0.0,"enemies":"2 Fungi Beasts","floor":7.0,"turns":2.0},{"damage":8.0,"enemies":"Gremlin Nob","floor":8.0,"turns":3.0},{"damage":5.0,"enemies":"3 Sentries","floor":11.0,"turns":3.0},{"damage":40,"enemies":"Hexaghost","floor":16,"turns":5},{"damage":11,"enemies":"Spheric Guardian","floor":18,"turns":3},{"damage":0,"enemies":"Chosen","floor":21,"turns":2},{"damage":19,"enemies":"Shelled Parasite and Fungi","floor":22,"turns":3},{"damage":0,"enemies":"Slavers","floor":24,"turns":2},{"damage":0,"enemies":"Chosen and Byrds","floor":29,"turns":4},{"damage":33,"enemies":"Gremlin Leader","floor":30,"turns":4},{"damage":0,"enemies":"Snecko","floor":31,"turns":2},{"damage":77,"enemies":"Automaton","floor":33,"turns":6}],"seed_played":"-8964594599356849747","potions_obtained":[{"floor":3.0,"key":"DistilledChaos"},{"floor":4.0,"key":"BlessingOfTheForge"},{"floor":8.0,"key":"FearPotion"},{"floor":16,"key":"Dexterity Potion"},{"floor":24,"key":"Energy Potion"}],"is_trial":false,"path_per_floor":["M","?","M","M","?","R","M","E","T","R","E","?","R","$","R","B",null,"M","?","?","M","M","?","E","$","T","$","?","M","E","M","R","B"],"character_chosen":"IRONCLAD","items_purchased":["Lantern"],"campfire_rested":0,"item_purchase_floors":[14],"current_hp_per_floor":[55,44,58,54,54,54,60,58,58,58,59,52,52,52,52,18,61,56,56,56,62,49,49,55,55,55,55,55,61,34,42,42,0,0],"gold":184,"neow_bonus":"RANDOM_COMMON_RELIC","is_daily":false,"chose_seed":false,"campfire_upgraded":5,"win_rate":0.0,"timestamp":1609507118,"path_taken":["M","?","M","?","?","R","M","E","T","R","E","?","R","$","R","BOSS","M","?","?","M","?","?","E","$","T","$","?","M","E","M","R","BOSS"],"items_purchased_type":["Relic"],"build_version":"2020-12-22","purchased_purges":3,"victory":false,"max_hp_per_floor":[75,75,75,75,75,75,75,75,75,75,75,75,75,75,75,75,75,75,75,75,75,75,75,75,75,75,75,75,75,75,75,75,75,75],"relic_stats":{"Blood Vial":4,"Dream Catcher":0,"counters":[15,50],"Blue Candle":[0],"Smiling Mask":150,"Question Card":3,"obtain_stats":[{"Blood Vial":30,"Dream Catcher":0,"Anchor":8,"Lantern":14,"Blue Candle":11,"Velvet Choker":17,"Smiling Mask":13,"Question Card":24,"Burning Blood":0,"Akabeko":9,"Red Skull":26},{"Blood Vial":13,"Dream Catcher":0,"Anchor":5,"Lantern":6,"Blue Candle":6,"Velvet Choker":7,"Smiling Mask":6,"Question Card":11,"Burning Blood":0,"Akabeko":5,"Red Skull":11},{"Blood Vial":42,"Dream Catcher":0,"Anchor":16,"Lantern":19,"Blue Candle":19,"Velvet Choker":24,"Smiling Mask":19,"Question Card":34,"Burning Blood":0,"Akabeko":16,"Red Skull":34}],"Burning Blood":84},"card_choices":[{"not_picked":["Clothesline","Searing Blow"],"picked":"Cleave","floor":1.0},{"not_picked":["Body Slam","Infernal Blade"],"picked":"Perfected Strike","floor":3.0},{"not_picked":["Blood for Blood","Flame Barrier"],"picked":"Spot Weakness","floor":4.0},{"not_picked":["True Grit","Flex"],"picked":"Sword Boomerang","floor":7.0},{"not_picked":["Headbutt","Reckless Charge"],"picked":"Immolate","floor":8.0},{"not_picked":["Feel No Pain","Rupture","Combust"],"picked":"SKIP","floor":11.0},{"not_picked":["Feed","Impervious"],"picked":"Immolate","floor":16},{"not_picked":["Pommel Strike","Rage","Headbutt"],"picked":"SKIP","floor":18},{"not_picked":["Thunderclap+1","Pommel Strike","Carnage"],"picked":"SKIP","floor":21},{"not_picked":["Pommel Strike","Carnage"],"picked":"Thunderclap+1","floor":21},{"not_picked":["Wild Strike","Dual Wield"],"picked":"Shrug It Off+1","floor":22},{"not_picked":["Iron Wave","Feel No Pain","Flame Barrier"],"picked":"SKIP","floor":24},{"not_picked":["Body Slam","Twin Strike","Sword Boomerang","Cleave"],"picked":"SKIP","floor":29},{"not_picked":["Impervious","Infernal Blade","Metallicize+1"],"picked":"Battle Trance","floor":30},{"not_picked":["Body Slam","Whirlwind","Perfected Strike+1"],"picked":"Shrug It Off","floor":31}],"player_experience":1035467,"relics_obtained":[{"floor":8.0,"key":"Anchor"},{"floor":9.0,"key":"Akabeko"},{"floor":11.0,"key":"Blue Candle"},{"floor":24,"key":"Question Card"},{"floor":26,"key":"Red Skull"},{"floor":30,"key":"Blood Vial"}],"event_choices":[{"damage_healed":0.0,"max_hp_gain":0.0,"max_hp_loss":0.0,"gold_gain":0.0,"event_name":"Wheel of Change","player_choice":"Damaged","floor":2.0,"gold_loss":0.0,"damage_taken":11.0},{"damage_healed":0.0,"max_hp_gain":0.0,"max_hp_loss":0.0,"gold_gain":0.0,"event_name":"Living Wall","player_choice":"Grow","floor":5.0,"gold_loss":0.0,"damage_taken":0.0,"cards_upgraded":["Perfected Strike"]},{"cards_removed":["Strike_R"],"damage_healed":0.0,"max_hp_gain":0.0,"max_hp_loss":0.0,"gold_gain":0.0,"event_name":"Golden Wing","player_choice":"Card Removal","floor":12.0,"gold_loss":0.0,"damage_taken":7.0},{"damage_healed":0,"gold_gain":0,"player_choice":"Simplicity","damage_taken":0,"max_hp_gain":0,"max_hp_loss":7,"event_name":"betterThird:BetterWriting","floor":19,"gold_loss":0},{"damage_healed":0,"gold_gain":0,"player_choice":"Ignored","damage_taken":0,"max_hp_gain":0,"max_hp_loss":0,"event_name":"Ghosts","floor":20,"gold_loss":0},{"damage_healed":0,"gold_gain":0,"player_choice":"Ignored","damage_taken":0,"max_hp_gain":0,"max_hp_loss":0,"event_name":"The Mausoleum","floor":23,"gold_loss":0},{"damage_healed":0,"gold_gain":0,"player_choice":"Forge","damage_taken":0,"max_hp_gain":0,"max_hp_loss":0,"event_name":"Accursed Blacksmith","floor":28,"gold_loss":0,"cards_upgraded":["Immolate"]}],"is_beta":false,"boss_relics":[{"not_picked":["Runic Pyramid","SlaversCollar"],"picked":"Velvet Choker"}],"items_purged_floors":[14,25,27],"is_endless":false,"potions_floor_spawned":[3,4,8,16,22,24,30],"killed_by":"Automaton","ascension_level":20}}