{"host":"kev6uqotw4tlyx8l","time":1609500872,"event":{"mods":["Act Like it!","Aspiration","BaseMod","Colored Powertips","Dota2Spire","Downfall","Hallownest","Infinite Spire","Marisa????????","Minty Spire (QoL Compilation)","Quick Restart","Remilia??????","Replay The Spire","StSLib","The Cursed","The Marked","The Mystic","The Servant 0.9.4"],"gold_per_floor":[117,117,117,143,143,143,76,76,76,96,96,106,125,136,136,234,234,248,258,275,275,275,64,64,74,125,144,144,144],"floor_reached":28,"playtime":698,"items_purged":["Regret"],"score":218,"play_id":"97ef2ccf-e9ae-4885-9f74-e68ed4795ae7","local_time":"20210101183432","is_ascension_mode":true,"campfire_choices":[{"data":"Dualcast","floor":6,"key":"SMITH"},{"data":"Storm","floor":8,"key":"SMITH"},{"floor":15,"key":"REST"}],"circlet_count":0,"master_deck":["Strike_B","Strike_B","Strike_B","Strike_B","Defend_B","Defend_B","Defend_B","Defend_B","Zap+1","Dualcast+1","Storm+1","Loop","Hologram","FIFO Queue","Buffer","Sunder","Electrodynamics","Barrage","Auto Shields","FIFO Queue","Necronomicurse","Redo","BootSequence","Hologram"],"relics":["Cracked Core","ReplayTheSpireMod:TigerMarble","Dota2Spire:ArcaneBoots","Replay:Baseball","ReplayTheSpireMod:Ring of Addiction","White Beast Statue","Toy Ornithopter","Anchor","Odd Mushroom","Dota2Spire:OrchidMalevolence","SacredBark","Necronomicon","Medical Kit","Medical Kit","Dota2Spire:Vanguard"],"acts_visited":["Exordium","TheCity"],"potions_floor_usage":[16],"damage_taken":[{"damage":6,"enemies":"Jaw Worm","floor":1,"turns":2},{"damage":18,"enemies":"The Mushroom Lair","floor":10,"turns":4},{"damage":0,"enemies":"2 Louse","floor":12,"turns":1},{"damage":10,"enemies":"Small Slimes","floor":13,"turns":3},{"damage":0,"enemies":"Looter","floor":14,"turns":2},{"damage":36,"enemies":"Hexaghost","floor":16,"turns":8},{"damage":10,"enemies":"Shell Parasite","floor":18,"turns":3},{"damage":3,"enemies":"3 Byrds","floor":19,"turns":3},{"damage":13,"enemies":"Cultist and Chosen","floor":20,"turns":5},{"damage":7,"enemies":"Snecko","floor":25,"turns":4},{"damage":5,"enemies":"Centurion and Healer","floor":27,"turns":4},{"damage":17,"enemies":"Sentry and Sphere","floor":28,"turns":4}],"seed_played":"8225708276681436556","potions_obtained":[{"floor":5,"key":"Energy Potion"},{"floor":5,"key":"EssenceOfSteel"},{"floor":5,"key":"Block Potion"},{"floor":13,"key":"Dota2Spire:HealingSalve"},{"floor":16,"key":"Ancient Potion"},{"floor":19,"key":"champ:CounterPotion"}],"is_trial":false,"path_per_floor":["M","?","?","T","?","R","$","R","T","?","T","M","M","M","R","B",null,"M","M","M","?","AVR","$","?","M","T","M","M"],"character_chosen":"DEFECT","items_purchased":["Loop","Medical Kit","Redo"],"campfire_rested":1,"item_purchase_floors":[7,23,23],"current_hp_per_floor":[69,69,69,69,69,69,69,69,69,51,51,51,41,41,61,39,69,59,56,43,27,27,27,27,20,20,15,0,0],"gold":144,"neow_bonus":"RANDOM_EVENT","is_daily":false,"chose_seed":false,"campfire_upgraded":2,"win_rate":0.0,"timestamp":1609500872,"path_taken":["M","?","?","?","?","R","?","R","T","?","?","?","M","M","R","BOSS","M","M","?","?","AVR","?","?","M","T","M","M"],"items_purchased_type":["Card","Relic","Card"],"build_version":"2020-12-22","purchased_purges":1,"victory":false,"max_hp_per_floor":[75,75,75,75,75,75,75,75,73,73,73,71,71,71,69,69,69,69,69,67,67,67,65,65,65,63,63,63,63],"card_choices":[{"not_picked":["Streamline","Barrage"],"picked":"Storm","floor":1},{"not_picked":["Panic Button","Compile Driver"],"picked":"Hologram","floor":10},{"not_picked":["Conserve Battery","ReplayTheSpireMod:System Scan"],"picked":"FIFO Queue","floor":12},{"not_picked":["Go for the Eyes","ReplaySolidLightProjector"],"picked":"Buffer","floor":13},{"not_picked":["Beam Cell","FIFO Queue"],"picked":"Sunder","floor":14},{"not_picked":["Thunder Strike","Mirror Shield"],"picked":"Electrodynamics","floor":16},{"not_picked":["Stack+1","ReplayTheSpireMod:Reroute Power"],"picked":"Barrage","floor":18},{"not_picked":["Turbo","ReplaySort"],"picked":"Auto Shields","floor":19},{"not_picked":["Auto Shields","Beam Cell"],"picked":"FIFO Queue","floor":20},{"not_picked":["Beam Cell","Glacier"],"picked":"BootSequence","floor":25},{"not_picked":["Gash","Beam Cell"],"picked":"Hologram","floor":27}],"player_experience":58541,"relics_obtained":[{"floor":3,"key":"Dota2Spire:ArcaneBoots"},{"floor":4,"key":"Replay:Baseball"},{"floor":5,"key":"ReplayTheSpireMod:Ring of Addiction"},{"floor":5,"key":"White Beast Statue"},{"floor":5,"key":"Toy Ornithopter"},{"floor":9,"key":"Anchor"},{"floor":10,"key":"Odd Mushroom"},{"floor":11,"key":"Dota2Spire:OrchidMalevolence"},{"floor":21,"key":"Necronomicon"},{"floor":26,"key":"Dota2Spire:Vanguard"}],"event_choices":[{"damage_healed":0,"gold_gain":0,"player_choice":"Grow","damage_taken":0,"max_hp_gain":0,"max_hp_loss":0,"event_name":"Living Wall","floor":0,"gold_loss":0,"cards_upgraded":["Zap"]},{"damage_healed":0,"gold_gain":0,"player_choice":"Box","damage_taken":0,"relics_obtained":["ReplayTheSpireMod:TigerMarble"],"max_hp_gain":0,"max_hp_loss":0,"event_name":"Big Fish","floor":2,"gold_loss":0,"cards_obtained":["Regret"]},{"damage_healed":0,"gold_gain":0,"player_choice":"Fought Mushrooms","damage_taken":0,"max_hp_gain":0,"max_hp_loss":0,"event_name":"Mushrooms","floor":10,"gold_loss":0},{"damage_healed":0,"gold_gain":0,"player_choice":"Obtained Book","damage_taken":16,"max_hp_gain":0,"max_hp_loss":0,"event_name":"Cursed Tome","floor":21,"gold_loss":0},{"damage_healed":0,"gold_gain":0,"player_choice":"Ignored","damage_taken":0,"max_hp_gain":0,"max_hp_loss":0,"event_name":"N\u0027loth","floor":24,"gold_loss":0}],"is_beta":false,"boss_relics":[{"not_picked":["Coffee Dripper","aspiration:RunicSpoon"],"picked":"SacredBark"}],"items_purged_floors":[22],"is_endless":false,"potions_floor_spawned":[10,12,13,14,16,18,19,20,25,27],"killed_by":"Sentry and Sphere","ascension_level":1}}