{"host":"agflykcedf93aoo8","time":1609510779,"event":{"mods":["BaseMod","Hermit","Minty Spire (QoL Compilation)","StSLib","Td1madao Mod","The Bug Knight","The Cursed","The Gatherer","The Hierophant","The Runesmith"],"gold_per_floor":[16,16,26,43,318,336,27,44,44,44,63,93,93,109,109,210,210,226,239,15,88,52,66,83,118,118,118,138,153,153,172,172,172,172],"floor_reached":33,"playtime":7237,"items_purged":["Regret"],"score":273,"play_id":"85a70f59-3bab-45ba-8ac4-c5fcf1188994","local_time":"20210101231939","is_ascension_mode":false,"campfire_choices":[{"data":"TheCursedMod:CleanUpWorkshop","floor":10,"key":"SMITH"},{"data":"TheCursedMod:SpitefulPlan","floor":13,"key":"SMITH"},{"floor":15,"key":"REST"},{"data":"TheCursedMod:CollectTribute","floor":27,"key":"SMITH"},{"floor":32,"key":"REST"}],"circlet_count":0,"master_deck":["TheCursedMod:Strike_TheCursed","TheCursedMod:Strike_TheCursed","TheCursedMod:Strike_TheCursed","TheCursedMod:Strike_TheCursed","TheCursedMod:Defend_TheCursed","TheCursedMod:Defend_TheCursed","TheCursedMod:Defend_TheCursed","TheCursedMod:Defend_TheCursed","TheCursedMod:CursedWand","TheCursedMod:CleanUpWorkshop+1","TheCursedMod:Dregs","TheCursedMod:PrepareRite","TheCursedMod:CircleOfCorruption","TheCursedMod:SpitefulPlan+1","TheCursedMod:CollectTribute+1","TheCursedMod:SpitefulStrike","TheCursedMod:FleshFromBone","TheCursedMod:Hemoplague","TheCursedMod:CursedBlade+1","TheCursedMod:CursedSpellbook"],"relics":["TheCursedMod:BlackMagic101","Lizard Tail","Du-Vu Doll","Mummified Hand","TheCursedMod:Tack","Busted Crown","Runesmith:AutoHammer","Darkstone Periapt","Gremlin Horn","Turnip","Enchiridion"],"acts_visited":["Exordium","TheCity"],"potions_floor_usage":[12,16,16,18,23,28,28],"damage_taken":[{"damage":5,"enemies":"Jaw Worm","floor":1,"turns":4},{"damage":4,"enemies":"Cultist","floor":3,"turns":4},{"damage":1,"enemies":"2 Louse","floor":4,"turns":3},{"damage":3,"enemies":"Red Slaver","floor":6,"turns":3},{"damage":9,"enemies":"Lots of Slimes","floor":8,"turns":4},{"damage":7,"enemies":"Exordium Thugs","floor":11,"turns":4},{"damage":21,"enemies":"Gremlin Nob","floor":12,"turns":4},{"damage":1,"enemies":"Exordium Wildlife","floor":14,"turns":5},{"damage":34,"enemies":"Hexaghost","floor":16,"turns":9},{"damage":11,"enemies":"Shell Parasite","floor":18,"turns":5},{"damage":0,"enemies":"Chosen","floor":19,"turns":3},{"damage":31,"enemies":"Centurion and Healer","floor":23,"turns":8},{"damage":9,"enemies":"Chosen and Byrds","floor":24,"turns":5},{"damage":7,"enemies":"Book of Stabbing","floor":25,"turns":4},{"damage":7,"enemies":"Snecko","floor":28,"turns":3},{"damage":1,"enemies":"3 Cultists","floor":29,"turns":4},{"damage":16,"enemies":"Centurion and Healer","floor":31,"turns":3},{"damage":24,"enemies":"Collector","floor":33,"turns":7}],"seed_played":"6839646152763224883","potions_obtained":[{"floor":4,"key":"SteroidPotion"},{"floor":6,"key":"LiquidBronze"},{"floor":14,"key":"Regen Potion"},{"floor":16,"key":"Fruit Juice"},{"floor":19,"key":"Regen Potion"},{"floor":23,"key":"SteroidPotion"},{"floor":25,"key":"Swift Potion"},{"floor":29,"key":"Fire Potion"}],"is_trial":false,"path_per_floor":["M","?","M","M","?","M","$","M","T","R","M","E","R","M","R","B",null,"M","M","$","T","$","M","M","E","T","R","M","M","?","M","R","B"],"character_chosen":"THE_CURSED","items_purchased":["Du-Vu Doll","Runesmith:AutoHammer","TheCursedMod:Hemoplague"],"campfire_rested":2,"item_purchase_floors":[7,20,22],"current_hp_per_floor":[70,70,66,65,65,62,62,53,53,53,46,25,25,24,46,27,75,69,69,69,69,69,52,43,36,36,36,29,28,12,36,60,36,36],"gold":172,"neow_bonus":"ONE_RARE_RELIC","is_daily":false,"chose_seed":false,"campfire_upgraded":3,"win_rate":0.0,"timestamp":1609510779,"path_taken":["M","?","M","?","?","M","$","M","T","R","?","E","R","M","R","BOSS","M","?","$","?","?","M","M","E","T","R","M","?","?","M","R","BOSS"],"items_purchased_type":["Relic","Relic","Card"],"build_version":"2020-12-22","purchased_purges":1,"victory":false,"max_hp_per_floor":[75,75,75,75,75,75,75,75,75,75,75,75,75,75,75,75,75,80,80,80,80,80,80,80,80,80,80,80,80,80,80,80,80,80],"card_choices":[{"not_picked":["TheCursedMod:RavingStaff","TheCursedMod:Stretching","TheCursedMod:Torture"],"picked":"SKIP","floor":1},{"not_picked":["TheCursedMod:Stretching","TheCursedMod:DoubleShield"],"picked":"TheCursedMod:PrepareRite","floor":3},{"not_picked":["TheCursedMod:RavingStaff","TheCursedMod:CircleOfFlame"],"picked":"TheCursedMod:CircleOfCorruption","floor":4},{"not_picked":["TheCursedMod:SmokeScreen","TheCursedMod:Torture","TheCursedMod:ManaBullet"],"picked":"SKIP","floor":6},{"not_picked":["TheCursedMod:SpitefulStrike","TheCursedMod:CursedMace","TheCursedMod:RavingStaff"],"picked":"SKIP","floor":8},{"not_picked":["TheCursedMod:Stigma","TheCursedMod:Wield"],"picked":"TheCursedMod:SpitefulPlan","floor":11},{"not_picked":["TheCursedMod:ReleasedKnowledge","TheCursedMod:Wield","TheCursedMod:Obscuration"],"picked":"SKIP","floor":12},{"not_picked":["TheCursedMod:ReleasedKnowledge","TheCursedMod:CircleOfWindfury","TheCursedMod:CursedArmor"],"picked":"SKIP","floor":14},{"not_picked":["TheCursedMod:NeowsMight","TheCursedMod:ForbiddenAlchemy"],"picked":"TheCursedMod:CollectTribute","floor":16},{"not_picked":[],"picked":"TheCursedMod:SpitefulStrike","floor":18},{"not_picked":[],"picked":"TheCursedMod:FleshFromBone","floor":19},{"not_picked":[],"picked":"TheCursedMod:CursedBlade+1","floor":23},{"not_picked":[],"picked":"TheCursedMod:CursedSpellbook","floor":24},{"not_picked":["TheCursedMod:SpitefulStrike"],"picked":"SKIP","floor":25},{"not_picked":["TheCursedMod:CircleOfFocus+1"],"picked":"SKIP","floor":28},{"not_picked":["TheCursedMod:HellsGateOpen"],"picked":"SKIP","floor":29},{"not_picked":["TheCursedMod:Wield"],"picked":"SKIP","floor":31}],"player_experience":352857,"relics_obtained":[{"floor":9,"key":"Mummified Hand"},{"floor":12,"key":"TheCursedMod:Tack"},{"floor":21,"key":"Darkstone Periapt"},{"floor":25,"key":"Gremlin Horn"},{"floor":26,"key":"Turnip"},{"floor":30,"key":"Enchiridion"}],"event_choices":[{"damage_healed":0,"gold_gain":0,"player_choice":"Ignored","damage_taken":0,"max_hp_gain":0,"max_hp_loss":0,"event_name":"WeMeetAgain","floor":2,"gold_loss":0},{"damage_healed":0,"gold_gain":275,"player_choice":"Desecrate","damage_taken":0,"max_hp_gain":0,"max_hp_loss":0,"event_name":"Golden Shrine","floor":5,"gold_loss":0,"cards_obtained":["Regret"]},{"damage_healed":0,"gold_gain":0,"player_choice":"Obtained Book","damage_taken":16,"max_hp_gain":0,"max_hp_loss":0,"event_name":"Cursed Tome","floor":30,"gold_loss":0}],"is_beta":false,"boss_relics":[{"not_picked":["Astrolabe","TheCursedMod:BlackMagicAdvanced"],"picked":"Busted Crown"}],"items_purged_floors":[20],"is_endless":false,"potions_floor_spawned":[4,6,14,16,19,23,25,29],"killed_by":"Collector","ascension_level":0}}