{"host":"1eo5f82aifdzd7pr","time":1609511979,"event":{"mods":["AchievementEnabler","BaseMod","Colored Map","Colored Powertips","DeckTracker","Marisa????????","Minty Spire (QoL Compilation)","StSLib","SuperFastMode"],"gold_per_floor":[116,132,132,149,167,199,199,224,224,224,29,29,40,57,57,130,180,195,210,224,224,235,235,235],"floor_reached":23,"playtime":1507,"items_purged":["Strike_B"],"score":390,"play_id":"e7648be6-3364-44f1-8792-66b352717fc2","local_time":"20210101163939","is_ascension_mode":true,"campfire_choices":[{"data":"Loop","floor":7.0,"key":"SMITH"},{"data":"White Noise","floor":10.0,"key":"SMITH"},{"data":"Loop","floor":12.0,"key":"SMITH"},{"data":"Force Field","floor":15.0,"key":"SMITH"}],"circlet_count":0,"master_deck":["AscendersBane","Strike_B","Strike_B","Defend_B","Defend_B","Defend_B","Defend_B","Zap+1","Dualcast","White Noise+1","Force Field+1","Loop+1","Loop+1","Cold Snap","Self Repair","Conserve Battery+1","Seek","Glacier","Undo"],"relics":["Cracked Core","Eternal Feather","Vajra","Cables","Membership Card","Tiny House"],"acts_visited":["Exordium","TheCity"],"potions_floor_usage":[20,22],"damage_taken":[{"damage":0.0,"enemies":"Small Slimes","floor":1.0,"turns":3.0},{"damage":0.0,"enemies":"Cultist","floor":2.0,"turns":3.0},{"damage":7.0,"enemies":"Jaw Worm","floor":4.0,"turns":3.0},{"damage":2.0,"enemies":"2 Fungi Beasts","floor":5.0,"turns":5.0},{"damage":15.0,"enemies":"Lagavulin","floor":6.0,"turns":7.0},{"damage":33.0,"enemies":"3 Sentries","floor":8.0,"turns":8.0},{"damage":0.0,"enemies":"Large Slime","floor":13.0,"turns":4.0},{"damage":8.0,"enemies":"Exordium Wildlife","floor":14.0,"turns":4.0},{"damage":16.0,"enemies":"Slime Boss","floor":16.0,"turns":10.0},{"damage":6.0,"enemies":"2 Thieves","floor":18.0,"turns":2.0},{"damage":21.0,"enemies":"3 Byrds","floor":19.0,"turns":3.0},{"damage":8,"enemies":"Centurion and Healer","floor":20,"turns":14},{"damage":62,"enemies":"Cultist and Chosen","floor":22,"turns":7},{"damage":63,"enemies":"Gremlin Leader","floor":23,"turns":3}],"seed_played":"6942884293037865006","potions_obtained":[{"floor":1.0,"key":"Regen Potion"},{"floor":2.0,"key":"LiquidMemories"},{"floor":16.0,"key":"PowerPotion"},{"floor":17.0,"key":"CultistPotion"},{"floor":18.0,"key":"LiquidBronze"},{"floor":19.0,"key":"FairyPotion"},{"floor":20,"key":"AttackPotion"}],"is_trial":false,"path_per_floor":["M","M","?","M","M","E","R","E","T","R","$","R","M","M","R","B",null,"M","M","M","?","M","E"],"character_chosen":"DEFECT","items_purchased":["Membership Card"],"campfire_rested":0,"item_purchase_floors":[11],"current_hp_per_floor":[64,64,64,57,55,40,46,28,28,37,37,43,43,42,51,42,69,70,56,55,55,29,0,0],"gold":235,"neow_bonus":"UPGRADE_CARD","is_daily":false,"chose_seed":false,"campfire_upgraded":4,"win_rate":0.0,"timestamp":1609511979,"path_taken":["M","M","?","M","M","E","R","E","T","R","$","R","M","M","R","BOSS","M","M","M","?","M","E"],"items_purchased_type":["Relic"],"build_version":"2020-12-22","purchased_purges":1,"victory":false,"max_hp_per_floor":[71,71,71,71,71,71,71,71,71,71,71,71,71,71,71,71,76,76,76,76,76,76,76,76],"card_choices":[{"not_picked":["FTL","Redo"],"picked":"White Noise","floor":1.0},{"not_picked":["Recycle","Self Repair"],"picked":"Force Field","floor":2.0},{"not_picked":["Turbo","Redo"],"picked":"Loop","floor":4.0},{"not_picked":["Aggregate","Force Field","Rip and Tear"],"picked":"SKIP","floor":5.0},{"not_picked":["Hologram","Storm"],"picked":"Loop","floor":6.0},{"not_picked":["Redo","Core Surge"],"picked":"Cold Snap","floor":8.0},{"not_picked":["Steam","Redo"],"picked":"Self Repair","floor":13.0},{"not_picked":["BootSequence","Turbo"],"picked":"Conserve Battery","floor":14.0},{"not_picked":["Creative AI","Amplify"],"picked":"Seek","floor":16.0},{"not_picked":["Sweeping Beam","Go for the Eyes"],"picked":"Glacier","floor":18.0},{"not_picked":["Storm","Leap"],"picked":"Undo","floor":19.0},{"not_picked":["Redo","Conserve Battery","Hello World"],"picked":"SKIP","floor":20},{"not_picked":["Barrage","Reinforced Body","Heatsinks"],"picked":"SKIP","floor":22}],"player_experience":742738,"relics_obtained":[{"floor":6.0,"key":"Eternal Feather"},{"floor":8.0,"key":"Vajra"},{"floor":9.0,"key":"Cables"}],"event_choices":[{"cards_removed":["Strike_B"],"damage_healed":0.0,"max_hp_gain":0.0,"max_hp_loss":0.0,"gold_gain":0.0,"event_name":"Bonfire Elementals","player_choice":"Offered Basic","floor":3.0,"gold_loss":0.0,"damage_taken":0.0},{"damage_healed":0,"gold_gain":0,"player_choice":"Ignored","damage_taken":0,"max_hp_gain":0,"max_hp_loss":0,"event_name":"N\u0027loth","floor":21,"gold_loss":0}],"is_beta":false,"boss_relics":[{"not_picked":["Snecko Eye","Runic Dome"],"picked":"Tiny House"}],"items_purged_floors":[11],"is_endless":false,"potions_floor_spawned":[1,2,4,16,18,19,20],"killed_by":"Gremlin Leader","ascension_level":18}}