{"host":"hwrdjx5eod2cxh09","time":1609514106,"event":{"mods":["AchievementEnabler","BaseMod","Bestiary","Minty Spire (QoL Compilation)","Relic Stats"],"gold_per_floor":[116,116,126,137,150,184,202,219,246,246,256,256,271,289,289,390,390,403,478,79,91,111,139,39,39,92,111,136,149,167,178,178,178,178],"floor_reached":33,"playtime":2188,"items_purged":["Strike_B","Strike_B"],"score":297,"play_id":"fe6af6d8-956d-44bb-b44e-bc15d93d46a8","local_time":"20210102001506","is_ascension_mode":false,"campfire_choices":[{"floor":10,"key":"REST"},{"data":"Coolheaded","floor":15,"key":"SMITH"},{"data":"Turbo","floor":25,"key":"SMITH"},{"floor":32,"key":"REST"}],"circlet_count":0,"master_deck":["Defend_B","Defend_B","Defend_B","Defend_B","Zap","Dualcast+1","Beam Cell","Sweeping Beam","Darkness","Go for the Eyes","Coolheaded+1","Turbo+1","Seek","Steam","Good Instincts","Sunder","Skim+1","Coolheaded","Redo","FTL+1","Chill","Skim"],"relics":["Cracked Core","NeowsBlessing","Orichalcum","Regal Pillow","Empty Cage","Bronze Scales","Gremlin Horn","Strawberry"],"acts_visited":["Exordium","TheCity"],"potions_floor_usage":[6,13,16,22,33,33],"damage_taken":[{"damage":0,"enemies":"Small Slimes","floor":1,"turns":1},{"damage":0,"enemies":"Cultist","floor":3,"turns":1},{"damage":0,"enemies":"2 Louse","floor":4,"turns":1},{"damage":9,"enemies":"Blue Slaver","floor":5,"turns":3},{"damage":42,"enemies":"3 Sentries","floor":6,"turns":10},{"damage":0,"enemies":"3 Louse","floor":7,"turns":3},{"damage":8,"enemies":"2 Fungi Beasts","floor":8,"turns":3},{"damage":10,"enemies":"Exordium Wildlife","floor":11,"turns":4},{"damage":1,"enemies":"3 Louse","floor":13,"turns":4},{"damage":2,"enemies":"Looter","floor":14,"turns":3},{"damage":24,"enemies":"The Guardian","floor":16,"turns":13},{"damage":8,"enemies":"Shell Parasite","floor":18,"turns":7},{"damage":0,"enemies":"3 Byrds","floor":21,"turns":3},{"damage":2,"enemies":"Cultist and Chosen","floor":22,"turns":6},{"damage":12,"enemies":"Book of Stabbing","floor":23,"turns":5},{"damage":5,"enemies":"Snecko","floor":27,"turns":5},{"damage":33,"enemies":"Slavers","floor":28,"turns":5},{"damage":0,"enemies":"Chosen and Byrds","floor":29,"turns":6},{"damage":2,"enemies":"Snake Plant","floor":30,"turns":4},{"damage":3,"enemies":"Snecko","floor":31,"turns":4},{"damage":81,"enemies":"Collector","floor":33,"turns":15}],"seed_played":"2898213262775661397","potions_obtained":[{"floor":3,"key":"Strength Potion"},{"floor":5,"key":"Weak Potion"},{"floor":13,"key":"Fruit Juice"},{"floor":14,"key":"Swift Potion"},{"floor":18,"key":"PotionOfCapacity"},{"floor":21,"key":"DuplicationPotion"},{"floor":28,"key":"DuplicationPotion"}],"is_trial":false,"path_per_floor":["M","?","M","M","M","E","M","M","T","R","M","?","M","M","R","B",null,"M","?","$","M","M","E","$","R","T","M","E","M","M","M","R","B"],"character_chosen":"DEFECT","items_purchased":["Good Instincts","Sunder","Bronze Scales"],"campfire_rested":2,"item_purchase_floors":[20,20,20],"current_hp_per_floor":[75,75,75,75,66,24,24,16,16,53,43,43,47,45,45,21,80,72,64,64,64,62,50,50,50,50,45,19,19,17,14,55,0,0],"gold":178,"neow_bonus":"THREE_ENEMY_KILL","is_daily":false,"chose_seed":false,"campfire_upgraded":2,"win_rate":0.0,"timestamp":1609514106,"path_taken":["M","?","M","M","M","E","M","M","T","R","M","?","M","M","R","BOSS","M","?","$","M","M","E","$","R","T","M","E","M","M","?","R","BOSS"],"items_purchased_type":["Card","Card","Relic"],"build_version":"2020-12-22","purchased_purges":2,"victory":false,"max_hp_per_floor":[75,75,75,75,75,75,75,75,75,75,75,75,80,80,80,80,80,80,80,80,80,80,80,80,80,80,80,87,87,87,87,87,87,87],"relic_stats":{"Regal Pillow":30,"Gremlin Horn":[7,7],"counters":[21,106],"Bronze Scales":[222],"Orichalcum":[126],"obtain_stats":[{"Regal Pillow":9,"NeowsBlessing":0,"Gremlin Horn":23,"Bronze Scales":20,"Strawberry":28,"Orichalcum":6,"Cracked Core":0,"Empty Cage":17},{"Regal Pillow":7,"NeowsBlessing":0,"Gremlin Horn":15,"Bronze Scales":12,"Strawberry":17,"Orichalcum":5,"Cracked Core":0,"Empty Cage":11},{"Regal Pillow":22,"NeowsBlessing":0,"Gremlin Horn":67,"Bronze Scales":53,"Strawberry":77,"Orichalcum":16,"Cracked Core":0,"Empty Cage":46}]},"card_choices":[{"not_picked":["Lockon","Heatsinks"],"picked":"Beam Cell","floor":1},{"not_picked":["Compile Driver","Coolheaded"],"picked":"Sweeping Beam","floor":3},{"not_picked":["Static Discharge","Redo"],"picked":"Darkness","floor":4},{"not_picked":["Redo","Rainbow"],"picked":"Go for the Eyes","floor":5},{"not_picked":["Reprogram","Melter"],"picked":"Coolheaded","floor":6},{"not_picked":["Streamline","Recycle","Cold Snap"],"picked":"SKIP","floor":7},{"not_picked":["Compile Driver","Ball Lightning","Rebound"],"picked":"SKIP","floor":8},{"not_picked":["Sweeping Beam","Redo"],"picked":"Turbo","floor":11},{"not_picked":["Go for the Eyes","Storm","Tempest"],"picked":"SKIP","floor":13},{"not_picked":["Force Field","Storm","Gash"],"picked":"SKIP","floor":14},{"not_picked":["Meteor Strike","Biased Cognition"],"picked":"Seek","floor":16},{"not_picked":["Fusion","Stack+1"],"picked":"Steam","floor":18},{"not_picked":["Redo","Cold Snap"],"picked":"Skim+1","floor":21},{"not_picked":["Turbo+1","Steam Power","White Noise"],"picked":"SKIP","floor":22},{"not_picked":["Turbo+1","Steam Power","White Noise"],"picked":"SKIP","floor":22},{"not_picked":["Aggregate","Sunder"],"picked":"Coolheaded","floor":23},{"not_picked":["Undo","White Noise"],"picked":"Redo","floor":27},{"not_picked":["Coolheaded","Storm+1"],"picked":"FTL+1","floor":28},{"not_picked":["Darkness+1","Ball Lightning"],"picked":"Chill","floor":29},{"not_picked":["Steam","Multi-Cast"],"picked":"Skim","floor":30},{"not_picked":["Heatsinks","Chill","Redo"],"picked":"SKIP","floor":31}],"player_experience":148997,"relics_obtained":[{"floor":6,"key":"Orichalcum"},{"floor":9,"key":"Regal Pillow"},{"floor":23,"key":"Gremlin Horn"},{"floor":28,"key":"Strawberry"}],"event_choices":[{"damage_healed":0,"gold_gain":0,"player_choice":"Grow","damage_taken":0,"max_hp_gain":0,"max_hp_loss":0,"event_name":"Living Wall","floor":2,"gold_loss":0,"cards_upgraded":["Dualcast"]},{"damage_healed":0,"gold_gain":0,"player_choice":"Ignored","damage_taken":0,"max_hp_gain":0,"max_hp_loss":0,"event_name":"Liars Game","floor":12,"gold_loss":0},{"damage_healed":0,"gold_gain":75,"player_choice":"Touch","damage_taken":8,"max_hp_gain":0,"max_hp_loss":0,"event_name":"FaceTrader","floor":19,"gold_loss":0}],"is_beta":false,"boss_relics":[{"not_picked":["Fusion Hammer","Snecko Eye"],"picked":"Empty Cage"}],"items_purged_floors":[20,24],"is_endless":false,"potions_floor_spawned":[3,5,13,14,18,21,28],"killed_by":"Collector","ascension_level":0}}