{"host":"45elk2x1nmxetvky","time":1609467668,"event":{"mods":["BaseMod","Downfall","Minty Spire (QoL Compilation)","StSLib"],"gold_per_floor":[99,99,99,99,99,99,148,160,610,610,410,441,541,559,570,570,570],"floor_reached":16,"playtime":437,"items_purged":[],"score":276,"play_id":"2662a56d-9220-4e99-9578-eca6a366f042","local_time":"20210101022108","is_ascension_mode":true,"campfire_choices":[{"floor":1,"key":"RECALL"},{"data":"bronze:RecursiveStrike","floor":6,"key":"SMITH"},{"data":"bronze:BitShift","floor":11,"key":"SMITH"}],"circlet_count":0,"master_deck":["bronze:Strike","bronze:Strike","bronze:Defend","bronze:Defend","bronze:Defend","bronze:Defend","bronze:Replicate","bronze:Goto","bronze:CutThrough","bronze:BitShift+1","bronze:Optimize","bronze:RecursiveStrike+1","downfall:Icky","downfall:Icky","downfall:Icky","bronze:WhirlingStrike","Regret","Doubt","downfall:Icky","Doubt","bronze:Break","bronze:Philosophize"],"relics":["bronze:BronzeCore","downfall:HeartsMalice","downfall:HeartBlessingBlue","downfall:HeartBlessingRed","Omamori","Darkstone Periapt"],"acts_visited":["Exordium"],"potions_floor_usage":[],"damage_taken":[{"damage":0,"enemies":"Small Slimes","floor":2,"turns":1},{"damage":0,"enemies":"Cultist","floor":4,"turns":1},{"damage":0,"enemies":"Jaw Worm","floor":5,"turns":1},{"damage":1,"enemies":"2 Fungi Beasts","floor":8,"turns":3},{"damage":33,"enemies":"Gremlin Nob","floor":12,"turns":5},{"damage":26,"enemies":"3 Louse","floor":14,"turns":3},{"damage":14,"enemies":"Gremlin Gang","floor":15,"turns":2},{"damage":17,"enemies":"downfall:Watcher","floor":16,"turns":3}],"seed_played":"-7280818181298892580","potions_obtained":[{"floor":8,"key":"BlessingOfTheForge"},{"floor":12,"key":"bronze:FreeFunctionsPotion"},{"floor":14,"key":"bronze:FreeFunctionsPotion"}],"is_trial":false,"path_per_floor":["R","M","?","M","M","R","T","M","?","?","R","E","?","M","M","B"],"character_chosen":"THE_AUTOMATON","items_purchased":[],"campfire_rested":0,"item_purchase_floors":[],"current_hp_per_floor":[70,70,70,70,70,70,70,69,69,69,79,46,75,49,35,18,18],"gold":570,"neow_bonus":"THREE_ENEMY_KILL","is_daily":false,"chose_seed":false,"campfire_upgraded":2,"win_rate":0.0,"timestamp":1609467668,"path_taken":["R","M","?","M","M","R","T","?","?","?","R","E","?","M","M","BOSS"],"items_purchased_type":[],"build_version":"2020-12-22","purchased_purges":0,"victory":false,"max_hp_per_floor":[70,70,70,70,70,70,70,70,70,70,80,80,109,109,109,109,109],"card_choices":[{"not_picked":["bronze:Deprecate","bronze:FineTuning"],"picked":"bronze:CutThrough","floor":2},{"not_picked":["bronze:Fortify","bronze:CutThrough"],"picked":"bronze:Optimize","floor":4},{"not_picked":["bronze:Deprecate","bronze:CutThrough"],"picked":"bronze:RecursiveStrike","floor":5},{"not_picked":["bronze:Deprecate","bronze:Turbo","bronze:ForLoop"],"picked":"SKIP","floor":8},{"not_picked":["bronze:Overheat","bronze:ForceShield"],"picked":"bronze:WhirlingStrike","floor":12},{"not_picked":["bronze:Branch","bronze:Overload"],"picked":"bronze:Philosophize","floor":14},{"not_picked":["bronze:BugBarrage","bronze:MaxOutput","bronze:Branch"],"picked":"SKIP","floor":15}],"player_experience":372582,"relics_obtained":[{"floor":12,"key":"Omamori"}],"event_choices":[],"is_beta":false,"boss_relics":[],"items_purged_floors":[],"is_endless":false,"potions_floor_spawned":[8,12,14],"killed_by":"downfall:Watcher","ascension_level":1}}