{"host":"zxkjcgzis4pm3za5","time":1609483071,"event":{"mods":["AchievementEnabler","BaseMod","Colored Map","Colored Powertips","Minty Spire (QoL Compilation)","Quick Restart","RNG Fix","Random Character Button","StSLib"],"gold_per_floor":[114,74,94,94,108,108,141,141,141,141,173,173,98,134,134,134,134],"floor_reached":16,"playtime":652,"items_purged":["Strike_G"],"score":170,"play_id":"7efc72f5-3b2b-4257-8a61-3b96080524b5","local_time":"20210101120751","is_ascension_mode":true,"campfire_choices":[{"data":"Noxious Fumes","floor":6,"key":"SMITH"},{"data":"Wraith Form v2","floor":8,"key":"SMITH"},{"data":"Doppelganger","floor":10,"key":"SMITH"},{"data":"Leg Sweep","floor":15,"key":"SMITH"}],"circlet_count":0,"master_deck":["AscendersBane","Strike_G","Strike_G","Strike_G","Strike_G","Defend_G+1","Defend_G","Defend_G+1","Defend_G","Defend_G","Survivor","Neutralize","Sucker Punch","Infinite Blades","Noxious Fumes+1","Doppelganger+1","Wraith Form v2+1","Bane","Leg Sweep+1"],"relics":["Ring of the Snake","War Paint","Art of War","Question Card","Tiny Chest","Golden Idol","Odd Mushroom"],"acts_visited":["Exordium"],"potions_floor_usage":[7,16],"damage_taken":[{"damage":0,"enemies":"2 Louse","floor":1,"turns":4},{"damage":0,"enemies":"Small Slimes","floor":3,"turns":4},{"damage":13,"enemies":"Jaw Worm","floor":5,"turns":4},{"damage":11,"enemies":"3 Sentries","floor":7,"turns":7},{"damage":12,"enemies":"Lagavulin","floor":11,"turns":9},{"damage":17,"enemies":"The Mushroom Lair","floor":14,"turns":5},{"damage":21,"enemies":"Slime Boss","floor":16,"turns":7}],"seed_played":"3647172561951882905","potions_obtained":[{"floor":1,"key":"Swift Potion"},{"floor":11,"key":"CunningPotion"},{"floor":14,"key":"GamblersBrew"}],"is_trial":false,"path_per_floor":["M","$","M","?","M","R","E","R","T","R","E","?","$","?","R","B"],"character_chosen":"THE_SILENT","items_purchased":["Infinite Blades"],"campfire_rested":0,"item_purchase_floors":[2],"current_hp_per_floor":[63,63,63,68,55,55,44,44,44,44,32,32,32,15,15,0,0],"gold":134,"neow_bonus":"RANDOM_COMMON_RELIC","is_daily":false,"chose_seed":false,"campfire_upgraded":4,"win_rate":0.0,"timestamp":1609483071,"path_taken":["M","?","M","?","M","R","E","R","T","R","E","?","$","?","R","BOSS"],"items_purchased_type":["Card"],"build_version":"2020-12-22","purchased_purges":1,"victory":false,"max_hp_per_floor":[70,70,70,75,75,75,75,75,75,75,75,69,69,69,69,69,69],"card_choices":[{"not_picked":["Backstab","Dodge and Roll"],"picked":"Sucker Punch","floor":1},{"not_picked":["Acrobatics","Prepared"],"picked":"Noxious Fumes","floor":3},{"not_picked":["Dodge and Roll","Quick Slash"],"picked":"Doppelganger","floor":5},{"not_picked":["Deflect","Backflip"],"picked":"Wraith Form v2","floor":7},{"not_picked":["Quick Slash","Dagger Spray","Well Laid Plans"],"picked":"Bane","floor":11},{"not_picked":["Deflect","Poisoned Stab","Bane"],"picked":"Leg Sweep","floor":14}],"player_experience":172940,"relics_obtained":[{"floor":7,"key":"Art of War"},{"floor":9,"key":"Question Card"},{"floor":11,"key":"Tiny Chest"},{"floor":14,"key":"Odd Mushroom"}],"event_choices":[{"damage_healed":0,"gold_gain":0,"player_choice":"Donut","damage_taken":0,"max_hp_gain":5,"max_hp_loss":0,"event_name":"Big Fish","floor":4,"gold_loss":0},{"damage_healed":0,"gold_gain":0,"player_choice":"Lose Max HP","damage_taken":0,"relics_obtained":["Golden Idol"],"max_hp_gain":0,"max_hp_loss":6,"event_name":"Golden Idol","floor":12,"gold_loss":0},{"damage_healed":0,"gold_gain":0,"player_choice":"Fought Mushrooms","damage_taken":0,"max_hp_gain":0,"max_hp_loss":0,"event_name":"Mushrooms","floor":14,"gold_loss":0}],"is_beta":false,"boss_relics":[],"items_purged_floors":[13],"is_endless":false,"potions_floor_spawned":[1,11,14],"killed_by":"Slime Boss","ascension_level":12}}