{"host":"sav7uxregyirlf69","time":1609464344,"event":{"mods":["AchievementEnabler","BaseMod","Colored Map","DeckTracker","Keyboard Shortcuts","Minty Spire (QoL Compilation)","READ ME - Guardian Mod","StSLib","SuperFastMode"],"gold_per_floor":[113,113,113,113,38,38,56,91,91,109,126,145,165,176,176,253,253,271,95,95,107,107,107],"floor_reached":22,"playtime":354,"items_purged":["Defend_G","Strike_G"],"score":426,"play_id":"fc6ec8a7-a5de-4ac8-bd22-013ac8456c68","local_time":"20210101102544","is_ascension_mode":true,"campfire_choices":[{"data":"Deadly Poison","floor":6.0,"key":"SMITH"},{"data":"Catalyst","floor":15.0,"key":"SMITH"}],"circlet_count":0,"master_deck":["AscendersBane","Strike_G","Strike_G","Defend_G+1","Defend_G","Defend_G","Defend_G+1","Survivor","Neutralize","Deadly Poison+1","Reflex","Bouncing Flask","Concentrate","Acrobatics","Catalyst+1","Corpse Explosion","Grand Finale","Well Laid Plans"],"relics":["Ring of the Snake","NeowsBlessing","Gremlin Horn","Mercury Hourglass","Black Star"],"acts_visited":["Exordium","TheCity"],"potions_floor_usage":[],"damage_taken":[{"damage":0.0,"enemies":"Small Slimes","floor":1.0,"turns":1.0},{"damage":0.0,"enemies":"Jaw Worm","floor":7.0,"turns":1.0},{"damage":0.0,"enemies":"Lagavulin","floor":8.0,"turns":1.0},{"damage":0.0,"enemies":"2 Louse","floor":10.0,"turns":2.0},{"damage":0.0,"enemies":"Lots of Slimes","floor":11.0,"turns":3.0},{"damage":0.0,"enemies":"3 Louse","floor":12.0,"turns":3.0},{"damage":9.0,"enemies":"Exordium Thugs","floor":13.0,"turns":3.0},{"damage":5.0,"enemies":"Exordium Wildlife","floor":14.0,"turns":5.0},{"damage":5,"enemies":"The Guardian","floor":16,"turns":6},{"damage":4,"enemies":"Chosen","floor":18,"turns":3},{"damage":32,"enemies":"2 Thieves","floor":21,"turns":4},{"damage":19,"enemies":"Snake Plant","floor":22,"turns":2}],"seed_played":"8545459409138044534","potions_obtained":[{"floor":1.0,"key":"Fire Potion"},{"floor":8.0,"key":"LiquidBronze"},{"floor":14.0,"key":"LiquidBronze"},{"floor":18,"key":"FearPotion"}],"is_trial":false,"path_per_floor":["M","?","?","?","$","R","M","E","T","M","M","M","M","M","R","B",null,"M","$","?","M","M"],"character_chosen":"THE_SILENT","items_purchased":["Well Laid Plans"],"campfire_rested":0,"item_purchase_floors":[19],"current_hp_per_floor":[59,59,52,32,32,32,32,32,32,32,32,32,23,18,18,13,53,49,49,49,17,0,0],"gold":107,"neow_bonus":"THREE_ENEMY_KILL","is_daily":false,"chose_seed":false,"campfire_upgraded":2,"win_rate":0.0,"timestamp":1609464344,"path_taken":["M","?","?","?","?","R","M","E","T","M","M","M","M","?","R","BOSS","M","$","?","M","M"],"items_purchased_type":["Card"],"build_version":"2020-12-22","purchased_purges":2,"victory":false,"max_hp_per_floor":[66,66,66,66,66,66,66,66,66,66,66,66,66,66,66,66,66,66,66,66,66,66,66],"card_choices":[{"not_picked":["Setup","Dagger Spray"],"picked":"Deadly Poison","floor":1.0},{"not_picked":["Dodge and Roll","Slice"],"picked":"Reflex","floor":7.0},{"not_picked":["Doppelganger","Envenom","Outmaneuver"],"picked":"SKIP","floor":8.0},{"not_picked":["Flying Knee","Infinite Blades"],"picked":"Bouncing Flask","floor":10.0},{"not_picked":["Poisoned Stab","Underhanded Strike"],"picked":"Concentrate","floor":11.0},{"not_picked":["PiercingWail","Underhanded Strike"],"picked":"Acrobatics","floor":12.0},{"not_picked":["Backstab","Dodge and Roll"],"picked":"Catalyst","floor":13.0},{"not_picked":["All Out Attack","Acrobatics"],"picked":"Corpse Explosion","floor":14.0},{"not_picked":["Phantasmal Killer","Bullet Time"],"picked":"Grand Finale","floor":16},{"not_picked":["Blade Dance","Backstab","Bane"],"picked":"SKIP","floor":18},{"not_picked":["Outmaneuver","Expertise","Distraction"],"picked":"SKIP","floor":21}],"player_experience":1086665,"relics_obtained":[{"floor":8.0,"key":"Gremlin Horn"},{"floor":9.0,"key":"Mercury Hourglass"}],"event_choices":[{"cards_removed":["Strike_G"],"damage_healed":0.0,"max_hp_gain":0.0,"max_hp_loss":0.0,"gold_gain":0.0,"event_name":"Living Wall","player_choice":"Forget","floor":2.0,"gold_loss":0.0,"damage_taken":0.0},{"cards_removed":["Strike_G"],"damage_healed":0.0,"max_hp_gain":0.0,"max_hp_loss":0.0,"gold_gain":0.0,"event_name":"Golden Wing","player_choice":"Card Removal","floor":3.0,"gold_loss":0.0,"damage_taken":7.0},{"damage_healed":0.0,"max_hp_gain":0.0,"max_hp_loss":0.0,"gold_gain":0.0,"event_name":"Shining Light","player_choice":"Entered Light","floor":4.0,"gold_loss":0.0,"damage_taken":20.0,"cards_upgraded":["Defend_G","Defend_G"]},{"damage_healed":0,"gold_gain":0,"player_choice":"Ignored","damage_taken":0,"max_hp_gain":0,"max_hp_loss":0,"event_name":"Ghosts","floor":20,"gold_loss":0}],"is_beta":false,"boss_relics":[{"not_picked":["Ectoplasm","Ring of the Serpent"],"picked":"Black Star"}],"items_purged_floors":[5,19],"is_endless":false,"potions_floor_spawned":[1,8,11,14,18],"killed_by":"Snake Plant","ascension_level":20}}