{"host":"soyfmymeou4emntr","time":1609467809,"event":{"mods":["BaseMod","Minty Spire (QoL Compilation)","Relic Sorter","Relic Stats","StSLib"],"gold_per_floor":[110,110,120,140,140,172,172,172,172],"floor_reached":8,"playtime":566,"items_purged":[],"score":112,"play_id":"cca0dd44-2a27-4169-af7f-4b1ded37e730","local_time":"20201231192329","is_ascension_mode":true,"campfire_choices":[{"floor":7,"key":"REST"}],"circlet_count":0,"master_deck":["AscendersBane","Strike_B","Strike_B","Strike_B","Defend_B","Defend_B","Defend_B","Defend_B","Zap","Dualcast","Sweeping Beam","Chaos"],"relics":["Velvet Choker","DataDisk"],"acts_visited":["Exordium"],"potions_floor_usage":[6,8,8],"damage_taken":[{"damage":7,"enemies":"2 Louse","floor":1,"turns":3},{"damage":4,"enemies":"Small Slimes","floor":3,"turns":3},{"damage":1,"enemies":"Cultist","floor":4,"turns":3},{"damage":25,"enemies":"Lagavulin","floor":6,"turns":8},{"damage":55,"enemies":"3 Sentries","floor":8,"turns":8}],"seed_played":"-2762343995467933511","potions_obtained":[{"floor":1,"key":"Swift Potion"},{"floor":4,"key":"SneckoOil"},{"floor":6,"key":"Fruit Juice"}],"is_trial":false,"path_per_floor":["M","?","M","M","?","E","R","E"],"character_chosen":"DEFECT","items_purchased":[],"campfire_rested":1,"item_purchase_floors":[],"current_hp_per_floor":[57,62,58,57,50,25,47,0,0],"gold":172,"neow_bonus":"BOSS_RELIC","is_daily":false,"chose_seed":false,"campfire_upgraded":0,"win_rate":0.0,"timestamp":1609467809,"path_taken":["M","?","M","M","?","E","R","E"],"items_purchased_type":[],"build_version":"2020-12-22","purchased_purges":0,"victory":false,"max_hp_per_floor":[71,76,76,76,76,76,76,81,81],"relic_stats":{"counters":[5,25],"obtain_stats":[{"DataDisk":6,"Velvet Choker":0,"Cracked Core":0},{"DataDisk":4,"Velvet Choker":0,"Cracked Core":0},{"DataDisk":17,"Velvet Choker":0,"Cracked Core":0}]},"card_choices":[{"not_picked":["Scrape","Steam Power","Double Energy"],"picked":"SKIP","floor":1},{"not_picked":["Barrage","Static Discharge"],"picked":"Sweeping Beam","floor":3},{"not_picked":["Static Discharge","Leap"],"picked":"Chaos","floor":4},{"not_picked":["Steam Power","Heatsinks","Storm"],"picked":"SKIP","floor":6}],"player_experience":2731856,"relics_obtained":[{"floor":6,"key":"DataDisk"}],"event_choices":[{"damage_healed":0,"gold_gain":0,"player_choice":"Donut","damage_taken":0,"max_hp_gain":5,"max_hp_loss":0,"event_name":"Big Fish","floor":2,"gold_loss":0},{"cards_removed":["Strike_B"],"damage_healed":0,"gold_gain":0,"player_choice":"Card Removal","damage_taken":7,"max_hp_gain":0,"max_hp_loss":0,"event_name":"Golden Wing","floor":5,"gold_loss":0}],"is_beta":false,"boss_relics":[],"items_purged_floors":[],"is_endless":false,"potions_floor_spawned":[1,4,6],"killed_by":"3 Sentries","ascension_level":20}}