{"host":"dftyqn972q7tuon4","time":1609466269,"event":{"mods":["AchievementEnabler","BaseMod","Better Altar","Better Match","Better Note","Better Sensory Stone","Better Skull","Better Third Choice","Colored Powertips","Highlight Path","Minty Spire (QoL Compilation)","Permanent Neow","Quick Restart","StSLib"],"gold_per_floor":[118,43,43,43,62,92,92,116,198,198,98,98,123,156,156,156,156],"floor_reached":16,"playtime":1208,"items_purged":["Strike_R","Injury"],"score":146,"play_id":"bbae21bc-1ef2-4939-a790-d002ce49c122","local_time":"20210101025749","is_ascension_mode":true,"campfire_choices":[{"floor":10.0,"key":"REST"},{"data":"True Grit","floor":12.0,"key":"SMITH"},{"data":"Disarm","floor":15.0,"key":"SMITH"}],"circlet_count":0,"master_deck":["Strike_R","Strike_R","Strike_R","Strike_R","Defend_R","Defend_R","Defend_R","Defend_R","Bash","Heavy Blade","Flex","Finesse","Omniscience","Pommel Strike","Heavy Blade","True Grit+1","Disarm+1","Double Tap"],"relics":["Burning Blood","Juzu Bracelet","FossilizedHelix","Golden Idol","Kunai","Bag of Preparation"],"acts_visited":["Exordium"],"potions_floor_usage":[],"damage_taken":[{"damage":14.0,"enemies":"Jaw Worm","floor":1.0,"turns":5.0},{"damage":13.0,"enemies":"Small Slimes","floor":5.0,"turns":3.0},{"damage":32.0,"enemies":"3 Sentries","floor":6.0,"turns":11.0},{"damage":0.0,"enemies":"2 Louse","floor":8.0,"turns":2.0},{"damage":18.0,"enemies":"Exordium Thugs","floor":13.0,"turns":6.0},{"damage":14.0,"enemies":"Lagavulin","floor":14.0,"turns":5.0},{"damage":30,"enemies":"Hexaghost","floor":16,"turns":14}],"seed_played":"-4438069359385264451","potions_obtained":[{"floor":1.0,"key":"LiquidMemories"},{"floor":8.0,"key":"SpeedPotion"}],"is_trial":false,"path_per_floor":["M","$","?","?","M","E","?","M","T","R","$","R","M","E","R","B"],"character_chosen":"IRONCLAD","items_purchased":[],"campfire_rested":1,"item_purchase_floors":[],"current_hp_per_floor":[64,64,64,56,49,23,23,29,29,53,53,53,41,33,33,3,3],"gold":156,"neow_bonus":"THREE_CARDS","is_daily":false,"chose_seed":false,"campfire_upgraded":2,"win_rate":0.0,"timestamp":1609466269,"path_taken":["M","$","?","?","M","E","?","M","T","R","?","R","M","E","R","BOSS"],"items_purchased_type":[],"build_version":"2020-12-22","purchased_purges":2,"victory":false,"max_hp_per_floor":[80,80,80,80,80,80,80,80,80,80,80,80,80,80,80,80,80],"card_choices":[{"not_picked":["Body Slam","Dark Embrace"],"picked":"Heavy Blade","floor":0.0},{"not_picked":["Burning Pact","Cleave"],"picked":"Flex","floor":1.0},{"not_picked":["Chrysalis","Magnetism"],"picked":"Finesse","floor":3.0},{"not_picked":["Second Wind","Twin Strike"],"picked":"Pommel Strike","floor":5.0},{"not_picked":["Body Slam","Dropkick"],"picked":"Heavy Blade","floor":6.0},{"not_picked":["Clash","Sword Boomerang"],"picked":"True Grit","floor":8.0},{"not_picked":["Fire Breathing","Dark Embrace"],"picked":"Disarm","floor":13.0},{"not_picked":["Metallicize","Dropkick"],"picked":"Double Tap","floor":14.0}],"player_experience":581576,"relics_obtained":[{"floor":6.0,"key":"FossilizedHelix"},{"floor":9.0,"key":"Kunai"},{"floor":14.0,"key":"Bag of Preparation"}],"event_choices":[{"damage_healed":0.0,"max_hp_gain":0.0,"max_hp_loss":0.0,"gold_gain":1.0,"event_name":"betterStone:BetterStone","player_choice":"1","floor":3.0,"gold_loss":0.0,"damage_taken":0.0},{"damage_healed":0.0,"max_hp_gain":0.0,"max_hp_loss":0.0,"gold_gain":0.0,"event_name":"Golden Idol","player_choice":"Take Wound","floor":7.0,"gold_loss":0.0,"damage_taken":0.0,"relics_obtained":["Golden Idol"],"cards_obtained":["Injury"]}],"is_beta":false,"boss_relics":[],"items_purged_floors":[2,11],"is_endless":false,"potions_floor_spawned":[1,8],"killed_by":"Hexaghost","ascension_level":7}}