{"host":"44cj7v9849ev3ii0","time":1609476093,"event":{"mods":["BaseMod","Colored Powertips","Marisa£®ÏF”Í°°ƒß¿Ì…≥£©","Minty Spire (QoL Compilation)","Replay The Spire","Shop Mod","StSLib","The Cursed"],"gold_per_floor":[115,126,145,245,263,263,37,37,37,47,222,235,182,194,194,298,298,309,224,259,259,259],"floor_reached":21,"playtime":938,"items_purged":[],"score":173,"play_id":"b7b30c66-ba68-48da-9e82-e1b87979ca4f","local_time":"20210101124133","is_ascension_mode":false,"campfire_choices":[{"data":"Occultation","floor":6,"key":"SMITH"},{"data":"GravityBeat","floor":8,"key":"SMITH"}],"circlet_count":0,"master_deck":["Strike_MRS","Strike_MRS","Strike_MRS","Strike_MRS","Defend_MRS","Defend_MRS","Defend_MRS","MasterSpark","UpSweep","PowerUp","GravityBeat+1","Occultation+1","PulseMagic","Singularity","ChargeUpSpray","Doubt","AsteroidBelt","MysteriousBeam","ManaRampage","SuperNova","MillisecondPulsars","WitchOfGreed+1","NonDirectionalLaser+1"],"relics":["MiniHakkero","NeowsBlessing","Chemical X","Chameleon Ring","SacredBark","Eternal Feather"],"acts_visited":["Exordium","TheCity"],"potions_floor_usage":[14],"damage_taken":[{"damage":0,"enemies":"Cultist","floor":1,"turns":1},{"damage":0,"enemies":"Small Slimes","floor":2,"turns":1},{"damage":0,"enemies":"Jaw Worm","floor":3,"turns":1},{"damage":10,"enemies":"Looter","floor":5,"turns":3},{"damage":9,"enemies":"Blue Slaver","floor":10,"turns":3},{"damage":9,"enemies":"3 Louse","floor":12,"turns":5},{"damage":5,"enemies":"2 Fungi Beasts","floor":14,"turns":4},{"damage":18,"enemies":"Fading Forest","floor":16,"turns":11},{"damage":0,"enemies":"Spheric Guardian","floor":18,"turns":2},{"damage":36,"enemies":"Shell Parasite","floor":20,"turns":4},{"damage":39,"enemies":"Snake Plant","floor":21,"turns":2}],"seed_played":"-4647765064152591177","potions_obtained":[{"floor":2,"key":"ShroomBrew"},{"floor":14,"key":"LiquidBronze"},{"floor":18,"key":"Block Potion"},{"floor":20,"key":"Death Potion"}],"is_trial":false,"path_per_floor":["M","M","M","?","M","R","$","R","T","M","?","M","$","M","R","B",null,"M","?","M","M"],"character_chosen":"MARISA","items_purchased":["Singularity","Chemical X","MysteriousBeam"],"campfire_rested":0,"item_purchase_floors":[7,7,13],"current_hp_per_floor":[75,75,75,75,65,65,65,65,65,56,56,47,47,42,42,38,75,75,75,39,0,0],"gold":259,"neow_bonus":"THREE_ENEMY_KILL","is_daily":false,"chose_seed":false,"campfire_upgraded":2,"win_rate":0.0,"timestamp":1609476093,"path_taken":["M","M","M","?","M","R","?","R","T","M","?","M","$","M","R","BOSS","M","?","M","M"],"items_purchased_type":["Card","Relic","Card"],"build_version":"2020-12-22","purchased_purges":0,"victory":false,"max_hp_per_floor":[75,75,75,75,75,75,75,75,75,75,75,75,75,75,75,75,75,75,75,75,75,75],"card_choices":[{"not_picked":["DC","MysteriousBeam"],"picked":"PowerUp","floor":1},{"not_picked":["EnergyRecoil","ShootingEcho"],"picked":"GravityBeat","floor":2},{"not_picked":["SporeBomb","LuminesStrike"],"picked":"Occultation","floor":3},{"not_picked":["PowerUp","DC"],"picked":"PulseMagic","floor":5},{"not_picked":["UnstableBomb","Acceleration"],"picked":"ChargeUpSpray","floor":10},{"not_picked":["UnstableBomb","SprinkleStarSeal"],"picked":"AsteroidBelt","floor":12},{"not_picked":["GrandCross","RefractionSpark"],"picked":"ManaRampage","floor":14},{"not_picked":["UltimateShortwave","JA"],"picked":"MillisecondPulsars","floor":16},{"not_picked":["GrandCross","LuminesStrike"],"picked":"WitchOfGreed+1","floor":18},{"not_picked":["OpenUniverse","IllusionStar+1"],"picked":"NonDirectionalLaser+1","floor":20}],"player_experience":21248,"relics_obtained":[{"floor":9,"key":"Chameleon Ring"}],"event_choices":[{"damage_healed":0,"gold_gain":100,"player_choice":"Pray","damage_taken":0,"max_hp_gain":0,"max_hp_loss":0,"event_name":"Golden Shrine","floor":4,"gold_loss":0},{"damage_healed":0,"gold_gain":175,"player_choice":"AGREE","damage_taken":0,"max_hp_gain":0,"max_hp_loss":0,"event_name":"Liars Game","floor":11,"gold_loss":0,"cards_obtained":["Doubt"]},{"damage_healed":0,"gold_gain":0,"player_choice":"Obtained Relic","damage_taken":0,"relics_obtained":["Eternal Feather"],"max_hp_gain":0,"max_hp_loss":0,"event_name":"Addict","floor":19,"gold_loss":85}],"is_beta":false,"boss_relics":[{"not_picked":["Sozu","Replay:Ancient Bell"],"picked":"SacredBark"}],"items_purged_floors":[],"is_endless":false,"potions_floor_spawned":[2,14,18],"killed_by":"Snake Plant","ascension_level":0}}