{"host":"lg1piimdyocafd6j","time":1609495841,"event":{"mods":["AchievementEnabler","BaseMod","Better Third Choice","BetterRewards","Colored Map","Colored Powertips","Downfall","Minty Spire (QoL Compilation)","Quick Restart","Rare Cards Sparkle","StSLib","SuperFastMode"],"gold_per_floor":[119,138,60,71,71,71,82,99,151,151,166,194,211,228,228,327,327,309,324,145,145,145],"floor_reached":21,"playtime":1097,"items_purged":["Strike_B","Strike_B","Zap","All For One"],"score":210,"play_id":"e53dd567-d905-4389-ac15-02905a492fb0","local_time":"20210101111041","is_ascension_mode":false,"campfire_choices":[{"floor":6,"key":"RECALL"},{"floor":10,"key":"REST"},{"floor":15,"key":"REST"}],"circlet_count":0,"master_deck":["Dualcast","Darkness","Doom and Gloom","Cold Snap","Redo","Streamline","Turbo","Conserve Battery","Doom and Gloom","Redo","Conserve Battery","Redo","Buffer","Chill","Glacier","Redo","Capacitor","Steam","Loop","Redo"],"relics":["Cracked Core","PreservedInsect","Membership Card","Dream Catcher","Bottled Lightning","Pandora\u0027s Box","Art of War"],"acts_visited":["Exordium","TheCity"],"potions_floor_usage":[11,11,12,16,16],"damage_taken":[{"damage":0.0,"enemies":"2 Louse","floor":1.0,"turns":3.0},{"damage":0.0,"enemies":"Cultist","floor":2.0,"turns":3.0},{"damage":4,"enemies":"Jaw Worm","floor":4,"turns":3},{"damage":11,"enemies":"Gremlin Gang","floor":7,"turns":4},{"damage":4,"enemies":"Looter","floor":8,"turns":3},{"damage":8,"enemies":"Lots of Slimes","floor":11,"turns":2},{"damage":6,"enemies":"Gremlin Nob","floor":12,"turns":3},{"damage":14,"enemies":"Large Slime","floor":13,"turns":5},{"damage":5,"enemies":"Exordium Wildlife","floor":14,"turns":2},{"damage":19,"enemies":"Hexaghost","floor":16,"turns":9},{"damage":9,"enemies":"2 Thieves","floor":18,"turns":4},{"damage":18,"enemies":"Chosen","floor":19,"turns":5},{"damage":10,"enemies":"Snake Plant","floor":21,"turns":2}],"seed_played":"790432310652850477","potions_obtained":[{"floor":1.0,"key":"Explosive Potion"},{"floor":4,"key":"AttackPotion"},{"floor":8,"key":"hexamod:EctoCoolerPotion"},{"floor":11,"key":"Weak Potion"},{"floor":14,"key":"SneckoOil"},{"floor":19,"key":"FearPotion"}],"is_trial":false,"path_per_floor":["M","M","$","M","?","R","M","M","T","R","M","E","M","M","R","B",null,"M","M","$","M"],"character_chosen":"DEFECT","items_purchased":["PreservedInsect","Darkness","Doom and Gloom","Cold Snap","Membership Card","Redo","Dream Catcher","Redo","Art of War"],"campfire_rested":2,"item_purchase_floors":[0,0,0,0,0,0,3,20,20],"current_hp_per_floor":[75,75,75,71,71,71,60,56,56,75,67,61,47,42,64,45,75,66,48,48,38,38],"gold":145,"neow_bonus":"","is_daily":false,"chose_seed":true,"campfire_upgraded":0,"win_rate":0.0,"timestamp":1609495841,"path_taken":["M","M","$","M","?","R","M","M","T","R","M","E","?","M","R","BOSS","M","M","$","M"],"items_purchased_type":["Relic","Card","Card","Card","Relic","Card","Relic","Card","Relic"],"build_version":"2020-12-22","purchased_purges":4,"victory":false,"max_hp_per_floor":[75,75,75,75,75,75,75,75,75,75,75,75,75,75,75,75,75,75,75,75,75,75],"card_choices":[{"not_picked":["Sweeping Beam","Reinforced Body","Rip and Tear"],"picked":"SKIP","floor":1.0},{"not_picked":["Self Repair","Beam Cell"],"picked":"Streamline","floor":2.0},{"not_picked":["Barrage","Steam"],"picked":"Turbo","floor":4},{"not_picked":["Steam","Rainbow"],"picked":"Conserve Battery","floor":7},{"not_picked":["Leap","Recycle","Sweeping Beam"],"picked":"SKIP","floor":8},{"not_picked":["Undo","BootSequence"],"picked":"Doom and Gloom","floor":11},{"not_picked":["Ball Lightning","Barrage"],"picked":"Redo","floor":12},{"not_picked":["Rebound","Compile Driver"],"picked":"Conserve Battery","floor":13},{"not_picked":["Rebound","Steam","Biased Cognition"],"picked":"SKIP","floor":14},{"not_picked":["Reinforced Body","Aggregate"],"picked":"Redo","floor":15},{"not_picked":["Machine Learning","Hyperbeam"],"picked":"Buffer","floor":16},{"not_picked":["Chaos","Sweeping Beam"],"picked":"Loop","floor":18},{"not_picked":["Compile Driver","Coolheaded","Gash+1"],"picked":"SKIP","floor":19}],"player_experience":163089,"relics_obtained":[{"floor":12,"key":"Bottled Lightning"}],"event_choices":[{"damage_healed":0,"gold_gain":0,"player_choice":"Ignored","damage_taken":0,"max_hp_gain":0,"max_hp_loss":0,"event_name":"NoteForYourself","floor":5,"gold_loss":0}],"is_beta":false,"boss_relics":[{"not_picked":["SlaversCollar","Cursed Key"],"picked":"Pandora\u0027s Box"}],"items_purged_floors":[0,0,0,20],"is_endless":false,"potions_floor_spawned":[1,4,8,11,14,19],"killed_by":"Snake Plant","ascension_level":0}}