{"host":"Bilverbakes","time":1609462207,"event":{"mods":["2.2 Compatiblity","AchievementEnabler","BaseMod","Bestiary","Colored Map","Minty Spire (QoL Compilation)","Relic Stats","StSLib","ojb\u0027s Info Mod"],"gold_per_floor":[112,126,143,68,68,95,95,121,169,186,219,219,253,271,271,349,349,366,174,194,194,144,173,99,124,202,229,239,239,239,252,252,325,325,335,30,41,56,69,97,97,0,0,25,25,39,84,112,112,112,112,112,33,65,65,65],"floor_reached":55,"playtime":3777,"items_purged":["Strike_G","Writhe","Strike_G","All Out Attack"],"score":1527,"play_id":"2ba2ebc1-0cdc-4000-8b0e-8a40c6565b20","local_time":"20201231185007","is_ascension_mode":true,"campfire_choices":[{"data":"Dash","floor":7.0,"key":"SMITH"},{"data":"Neutralize","floor":12.0,"key":"SMITH"},{"data":"Sucker Punch","floor":15.0,"key":"SMITH"},{"floor":32.0,"key":"RECALL"},{"floor":45.0,"key":"REST"},{"data":"1","floor":49.0,"key":"LIFT"},{"data":"2","floor":52.0,"key":"LIFT"}],"circlet_count":0,"master_deck":["AscendersBane","Neutralize+1","Dash+1","Slice","Well Laid Plans","Sucker Punch+1","Corpse Explosion","Bane+1","Dash","Noxious Fumes","Poisoned Stab","Bouncing Flask","Deflect","Storm of Steel","Footwork","Venomology","Distraction","Riddle With Holes","Leg Sweep","Reflex","Infinite Blades","Quick Slash+1","Escape Plan","Blur+1","Backflip+1","Outmaneuver","Dodge and Roll+1","Backflip","Concentrate","Catalyst"],"relics":["Ring of the Snake","Snake Skull","Orichalcum","Toy Ornithopter","Gremlin Horn","Blue Candle","Fusion Hammer","Smiling Mask","Boot","Akabeko","Kunai","Centennial Puzzle","Pandora\u0027s Box","HornCleat","Ice Cream","Red Mask","Vajra","Girya","Regal Pillow","White Beast Statue"],"acts_visited":["Exordium","TheCity","TheBeyond","TheEnding"],"potions_floor_usage":[54,54,55,55],"damage_taken":[{"damage":2.0,"enemies":"Small Slimes","floor":1.0,"turns":4.0},{"damage":0.0,"enemies":"Jaw Worm","floor":2.0,"turns":4.0},{"damage":5.0,"enemies":"Cultist","floor":3.0,"turns":5.0},{"damage":17.0,"enemies":"3 Sentries","floor":6.0,"turns":9.0},{"damage":0.0,"enemies":"Exordium Wildlife","floor":10.0,"turns":4.0},{"damage":12.0,"enemies":"Gremlin Nob","floor":11.0,"turns":5.0},{"damage":12.0,"enemies":"Lagavulin","floor":13.0,"turns":9.0},{"damage":0.0,"enemies":"2 Fungi Beasts","floor":14.0,"turns":2.0},{"damage":13.0,"enemies":"The Guardian","floor":16.0,"turns":16.0},{"damage":7.0,"enemies":"Shell Parasite","floor":18.0,"turns":6.0},{"damage":0.0,"enemies":"2 Thieves","floor":20.0,"turns":2.0},{"damage":20.0,"enemies":"Book of Stabbing","floor":23.0,"turns":6.0},{"damage":0.0,"enemies":"Gremlin Leader","floor":25.0,"turns":6.0},{"damage":0.0,"enemies":"Slavers","floor":27.0,"turns":1.0},{"damage":4.0,"enemies":"Centurion and Healer","floor":28.0,"turns":4.0},{"damage":0.0,"enemies":"Cultist and Chosen","floor":31.0,"turns":4.0},{"damage":15.0,"enemies":"Champ","floor":33.0,"turns":10.0},{"damage":5.0,"enemies":"3 Shapes","floor":35.0,"turns":4.0},{"damage":14.0,"enemies":"3 Darklings","floor":37.0,"turns":3.0},{"damage":4.0,"enemies":"Spire Growth","floor":38.0,"turns":3.0},{"damage":10.0,"enemies":"4 Shapes","floor":39.0,"turns":2.0},{"damage":5.0,"enemies":"Nemesis","floor":40.0,"turns":6.0},{"damage":6.0,"enemies":"Reptomancer","floor":44.0,"turns":6.0},{"damage":7.0,"enemies":"3 Darklings","floor":46.0,"turns":3.0},{"damage":5.0,"enemies":"2 Orb Walkers","floor":47.0,"turns":3.0},{"damage":21.0,"enemies":"Nemesis","floor":48.0,"turns":7.0},{"damage":41.0,"enemies":"Time Eater","floor":50.0,"turns":15.0},{"damage":34,"enemies":"Shield and Spear","floor":54,"turns":6},{"damage":52,"enemies":"The Heart","floor":55,"turns":5}],"seed_played":"-4001360455979069103","potions_obtained":[{"floor":6.0,"key":"SteroidPotion"},{"floor":11.0,"key":"BlessingOfTheForge"},{"floor":13.0,"key":"SmokeBomb"},{"floor":14.0,"key":"Poison Potion"},{"floor":16.0,"key":"AttackPotion"},{"floor":23.0,"key":"Regen Potion"},{"floor":25.0,"key":"DuplicationPotion"},{"floor":27.0,"key":"SteroidPotion"},{"floor":31.0,"key":"CultistPotion"},{"floor":40.0,"key":"Dexterity Potion"},{"floor":46.0,"key":"Fruit Juice"}],"is_trial":false,"path_per_floor":["M","M","M","?","?","E","R","T","T","M","E","R","E","M","R","B",null,"M","$","M","?","$","E","$","E","T","E","M","?","?","M","R","B",null,"M","$","M","M","M","E","?","?","T","E","R","M","?","E","R","B",null,"R","$","E","B"],"character_chosen":"THE_SILENT","items_purchased":["Dash","Noxious Fumes","Poisoned Stab","HornCleat","Concentrate"],"campfire_rested":1,"item_purchase_floors":[19,19,24,36,53],"current_hp_per_floor":[63,63,58,58,63,46,46,46,46,46,34,34,27,27,27,19,63,56,56,56,56,56,41,41,41,41,46,42,42,87,87,87,72,83,78,78,64,65,60,65,65,65,65,64,87,90,85,64,64,28,76,76,76,52,10,10],"gold":65,"neow_bonus":"TEN_PERCENT_HP_BONUS","is_daily":false,"chose_seed":false,"campfire_upgraded":3,"win_rate":0.0,"timestamp":1609462207,"path_taken":["M","M","M","?","?","E","R","?","T","?","E","R","E","M","R","BOSS","M","$","M","?","$","E","$","E","T","E","M","?","?","?","R","BOSS","BOSS","M","?","M","M","M","E","?","?","T","E","R","M","?","E","R","BOSS","R","$","E","BOSS"],"items_purchased_type":["Card","Card","Card","Relic","Card"],"build_version":"2020-12-18","purchased_purges":4,"victory":false,"max_hp_per_floor":[72,72,72,72,77,77,77,77,77,77,77,77,77,77,77,77,77,77,77,77,77,77,77,77,77,77,77,77,77,87,87,87,87,87,87,87,87,87,87,87,87,87,87,87,87,92,92,92,92,92,92,92,92,92,92,92],"relic_stats":{"Regal Pillow":0,"Gremlin Horn":[19,19],"counters":[29,160],"Blue Candle":[0],"Snake Skull":[144],"Orichalcum":[192],"Smiling Mask":225,"Boot":[129],"Centennial Puzzle":[42],"Pandora\u0027s Box":["Footwork","Venomology","Distraction","Riddle With Holes","Leg Sweep","Reflex","Infinite Blades"],"Kunai":[33],"obtain_stats":[{"Ice Cream":40,"Girya":47,"Regal Pillow":48,"Gremlin Horn":11,"Blue Candle":13,"Vajra":44,"Snake Skull":6,"Orichalcum":8,"Smiling Mask":21,"Boot":23,"Akabeko":25,"White Beast Statue":54,"Centennial Puzzle":27,"HornCleat":36,"Pandora\u0027s Box":34,"Fusion Hammer":17,"Red Mask":42,"Kunai":26,"Toy Ornithopter":9,"Ring of the Snake":0},{"Ice Cream":22,"Girya":25,"Regal Pillow":26,"Gremlin Horn":6,"Blue Candle":7,"Vajra":23,"Snake Skull":4,"Orichalcum":4,"Smiling Mask":11,"Boot":12,"Akabeko":13,"White Beast Statue":28,"Centennial Puzzle":14,"HornCleat":18,"Pandora\u0027s Box":17,"Fusion Hammer":9,"Red Mask":22,"Kunai":13,"Toy Ornithopter":4,"Ring of the Snake":0},{"Ice Cream":115,"Girya":127,"Regal Pillow":134,"Gremlin Horn":31,"Blue Candle":40,"Vajra":121,"Snake Skull":22,"Orichalcum":22,"Smiling Mask":66,"Boot":72,"Akabeko":78,"White Beast Statue":155,"Centennial Puzzle":79,"HornCleat":101,"Pandora\u0027s Box":97,"Fusion Hammer":58,"Red Mask":115,"Kunai":78,"Toy Ornithopter":22,"Ring of the Snake":0}],"Toy Ornithopter":75,"Ring of the Snake":[58]},"card_choices":[{"not_picked":["Bane","Dagger Spray"],"picked":"Dash","floor":1.0},{"not_picked":["Cloak And Dagger","Sucker Punch"],"picked":"All Out Attack","floor":2.0},{"not_picked":["Cloak And Dagger","Prepared"],"picked":"Slice","floor":3.0},{"not_picked":["Bullet Time","Outmaneuver"],"picked":"Well Laid Plans","floor":6.0},{"not_picked":["Riddle With Holes","Acrobatics"],"picked":"Sucker Punch","floor":10.0},{"not_picked":["Blade Dance","Sucker Punch","Dodge and Roll"],"picked":"SKIP","floor":11.0},{"not_picked":["Accuracy","Well Laid Plans","Dagger Throw"],"picked":"SKIP","floor":13.0},{"not_picked":["Blade Dance","Acrobatics","Slice"],"picked":"SKIP","floor":14.0},{"not_picked":["Bullet Time","Phantasmal Killer"],"picked":"Corpse Explosion","floor":16.0},{"not_picked":["Blade Dance","PiercingWail"],"picked":"Bane+1","floor":18.0},{"not_picked":["Cloak And Dagger","Quick Slash","Choke"],"picked":"SKIP","floor":20.0},{"not_picked":["Heel Hook","Terror","Grand Finale"],"picked":"SKIP","floor":23.0},{"not_picked":["Underhanded Strike","Deflect","Phantasmal Killer"],"picked":"SKIP","floor":25.0},{"not_picked":["Quick Slash","Acrobatics"],"picked":"Phantasmal Killer","floor":27.0},{"not_picked":["PiercingWail","Outmaneuver"],"picked":"Bouncing Flask","floor":28.0},{"not_picked":["All Out Attack","Flechettes"],"picked":"Deflect","floor":31.0},{"not_picked":["Bullet Time","Die Die Die"],"picked":"Storm of Steel","floor":33.0},{"not_picked":["Caltrops","Deadly Poison"],"picked":"Quick Slash+1","floor":35.0},{"not_picked":["Footwork","Bane+1","Acrobatics"],"picked":"SKIP","floor":37.0},{"not_picked":["Sucker Punch","Deadly Poison"],"picked":"Escape Plan","floor":38.0},{"not_picked":["Underhanded Strike","Sucker Punch"],"picked":"Blur+1","floor":39.0},{"not_picked":["Dagger Throw+1","Sucker Punch"],"picked":"Backflip+1","floor":40.0},{"not_picked":["Heel Hook","Doppelganger"],"picked":"Outmaneuver","floor":44.0},{"not_picked":["Riddle With Holes+1","Outmaneuver"],"picked":"Dodge and Roll+1","floor":46.0},{"not_picked":["Deflect","Venomology"],"picked":"Backflip","floor":48.0},{"not_picked":["Outmaneuver","Crippling Poison"],"picked":"Catalyst","floor":54}],"player_experience":490624,"relics_obtained":[{"floor":6.0,"key":"Snake Skull"},{"floor":8.0,"key":"Orichalcum"},{"floor":9.0,"key":"Toy Ornithopter"},{"floor":11.0,"key":"Gremlin Horn"},{"floor":13.0,"key":"Blue Candle"},{"floor":23.0,"key":"Boot"},{"floor":25.0,"key":"Akabeko"},{"floor":26.0,"key":"Kunai"},{"floor":27.0,"key":"Centennial Puzzle"},{"floor":40.0,"key":"Ice Cream"},{"floor":44.0,"key":"Vajra"},{"floor":47.0,"key":"Girya"},{"floor":48.0,"key":"Regal Pillow"},{"floor":54,"key":"White Beast Statue"}],"event_choices":[{"cards_removed":["Strike_G"],"damage_healed":0.0,"max_hp_gain":0.0,"max_hp_loss":0.0,"gold_gain":0.0,"event_name":"The Cleric","player_choice":"Card Removal","floor":4.0,"gold_loss":75.0,"damage_taken":0.0},{"damage_healed":0.0,"max_hp_gain":5.0,"max_hp_loss":0.0,"gold_gain":0.0,"event_name":"Big Fish","player_choice":"Donut","floor":5.0,"gold_loss":0.0,"damage_taken":0.0},{"damage_healed":0.0,"max_hp_gain":0.0,"max_hp_loss":0.0,"gold_gain":0.0,"event_name":"The Mausoleum","player_choice":"Opened","floor":21.0,"gold_loss":0.0,"damage_taken":0.0,"relics_obtained":["Smiling Mask"],"cards_obtained":["Writhe"]},{"damage_healed":0.0,"max_hp_gain":0.0,"max_hp_loss":0.0,"gold_gain":0.0,"event_name":"Vampires","player_choice":"Ignored","floor":29.0,"gold_loss":0.0,"damage_taken":0.0},{"cards_removed":["Phantasmal Killer"],"damage_healed":35.0,"max_hp_gain":10.0,"max_hp_loss":0.0,"gold_gain":0.0,"event_name":"Bonfire Elementals","player_choice":"Offered Rare","floor":30.0,"gold_loss":0.0,"damage_taken":0.0},{"cards_removed":["Survivor"],"damage_healed":0.0,"max_hp_gain":0.0,"max_hp_loss":0.0,"gold_gain":0.0,"event_name":"Falling","player_choice":"Removed Skill","floor":41.0,"gold_loss":0.0,"damage_taken":0.0},{"damage_healed":0.0,"max_hp_gain":0.0,"max_hp_loss":0.0,"gold_gain":0.0,"event_name":"Tomb of Lord Red Mask","player_choice":"Paid","floor":42.0,"gold_loss":97.0,"damage_taken":0.0,"relics_obtained":["Red Mask"]},{"damage_healed":0.0,"max_hp_gain":0.0,"max_hp_loss":0.0,"gold_gain":0.0,"event_name":"Mysterious Sphere","player_choice":"Fight","floor":47.0,"gold_loss":0.0,"damage_taken":0.0}],"is_beta":true,"boss_relics":[{"not_picked":["Cursed Key","Ectoplasm"],"picked":"Fusion Hammer"},{"not_picked":["Ring of the Serpent","SacredBark"],"picked":"Pandora\u0027s Box"}],"items_purged_floors":[19,22,24,36],"is_endless":false,"potions_floor_spawned":[6,11,13,14,16,23,25,27,28,31,39,40,44,46,48],"killed_by":"The Heart","ascension_level":15}}