{"host":"j204k34h42bd6fas","time":1609476791,"event":{"mods":["Aspiration","BaseMod","Colored Map","Colored Powertips","Conspire","Energized Spire","Hubris","Infinite Spire","JesterMod","Mimic Mod","Minty Spire (QoL Compilation)","Rare Cards Sparkle","Relic Stats","Replay The Spire","Say the Spire","StSLib","The Cursed","The Marked"],"gold_per_floor":[114,114,114,114,124,151,151,151,151,5,25,25,58,70,70,165,165,179,197,0,0,0],"floor_reached":21,"playtime":644,"items_purged":["Demonic Infusion"],"score":276,"play_id":"d2c053bb-a1d5-4774-aaa8-3ef391b49a08","local_time":"20201231235311","is_ascension_mode":true,"campfire_choices":[{"data":"Sword Boomerang","floor":7,"key":"SMITH"},{"floor":12,"key":"REST"},{"floor":15,"key":"REST"}],"circlet_count":0,"master_deck":["Strike_R","Strike_R","Strike_R","Strike_R","Strike_R","Defend_R","Defend_R+1","Defend_R","Defend_R","Bash","Perfected Strike","infinitespire:NeuralNetwork+1","Sword Boomerang+1","True Grit","Sword Boomerang","Double Tap","ReplayTheSpireMod:Stacked","Bloodletting","Seeing Red","conspire:Banana","Shrug It Off"],"relics":["Burning Blood","NeowsBlessing","hubris:Icosahedron","King of Hearts","Anchor","Ice Cream","Black Star","BargainBundle"],"acts_visited":["Exordium","TheCity"],"potions_floor_usage":[19,19,21],"damage_taken":[{"damage":0,"enemies":"2 Louse","floor":1,"turns":1},{"damage":0,"enemies":"Small Slimes","floor":5,"turns":1},{"damage":0,"enemies":"3 Sentries","floor":6,"turns":1},{"damage":6,"enemies":"Cultist","floor":11,"turns":3},{"damage":40,"enemies":"Lagavulin","floor":13,"turns":5},{"damage":14,"enemies":"Blue Slaver","floor":14,"turns":5},{"damage":50,"enemies":"Slime Boss","floor":16,"turns":8},{"damage":23,"enemies":"conspire:FuzzyDice","floor":18,"turns":7},{"damage":37,"enemies":"Shell Parasite","floor":19,"turns":6},{"damage":27,"enemies":"Centurion and Healer","floor":21,"turns":5}],"seed_played":"-8331086149349010100","potions_obtained":[{"floor":5,"key":"Milkshake"},{"floor":6,"key":"Regen Potion"},{"floor":11,"key":"Adrenaline Potion"},{"floor":19,"key":"Elixir"}],"is_trial":false,"path_per_floor":["M","?","?","?","M","E","R","?","T","$","M","R","E","M","R","B",null,"M","M","$","M"],"character_chosen":"IRONCLAD","items_purchased":["Anchor","BargainBundle","conspire:Banana","AttackPotion","Weak Potion","Shrug It Off"],"campfire_rested":2,"item_purchase_floors":[10,20,20,20,20,20],"current_hp_per_floor":[78,58,58,58,64,70,70,70,70,70,70,80,46,38,62,18,65,48,32,32,6,6],"gold":0,"neow_bonus":"THREE_ENEMY_KILL","is_daily":false,"chose_seed":false,"campfire_upgraded":1,"win_rate":0.0,"timestamp":1609476791,"path_taken":["M","?","?","?","?","E","R","?","T","$","M","R","E","M","R","BOSS","M","M","$","M"],"items_purchased_type":["Relic","Relic","Card","Potion","Potion","Card"],"build_version":"2020-12-22","purchased_purges":1,"victory":false,"max_hp_per_floor":[80,80,80,80,80,80,80,80,80,80,80,80,80,80,80,80,80,80,80,80,81,81],"relic_stats":{"counters":[10,42],"Black Star":0,"obtain_stats":[{"Ice Cream":13,"Anchor":10,"BargainBundle":20,"hubris:Icosahedron":3,"NeowsBlessing":0,"King of Hearts":6,"Black Star":17,"Burning Blood":0},{"Ice Cream":5,"Anchor":3,"BargainBundle":9,"hubris:Icosahedron":1,"NeowsBlessing":0,"King of Hearts":3,"Black Star":7,"Burning Blood":0},{"Ice Cream":11,"Anchor":3,"BargainBundle":37,"hubris:Icosahedron":1,"NeowsBlessing":0,"King of Hearts":3,"Black Star":24,"Burning Blood":0}],"Burning Blood":54},"card_choices":[{"not_picked":["Headbutt","Disarm"],"picked":"Perfected Strike","floor":1},{"not_picked":["infinitespire:Fortify","ReplayTheSpireMod:Black Plague"],"picked":"infinitespire:NeuralNetwork","floor":2},{"not_picked":["Twin Strike","Run Through"],"picked":"Sword Boomerang","floor":5},{"not_picked":["Armaments","Body Slam"],"picked":"True Grit","floor":6},{"not_picked":["Clothesline","Massacre"],"picked":"Sword Boomerang","floor":11},{"not_picked":["Combust","Cleave"],"picked":"Double Tap","floor":13},{"not_picked":["Body Slam","Shrug It Off"],"picked":"ReplayTheSpireMod:Stacked","floor":14},{"not_picked":["Reaper","Barricade"],"picked":"Demonic Infusion","floor":16},{"not_picked":["Massacre+1","Run Through"],"picked":"Bloodletting","floor":18},{"not_picked":["Perfected Strike","Armaments"],"picked":"Seeing Red","floor":19}],"player_experience":315976,"relics_obtained":[{"floor":6,"key":"King of Hearts"},{"floor":13,"key":"Ice Cream"}],"event_choices":[{"damage_healed":0,"gold_gain":0,"player_choice":"Upgraded","damage_taken":0,"max_hp_gain":0,"max_hp_loss":0,"event_name":"Upgrade Shrine","floor":4,"gold_loss":0,"cards_upgraded":["infinitespire:NeuralNetwork"]}],"is_beta":false,"boss_relics":[{"not_picked":["energizedSpire:CursedPentagram","hubris:ScarierMask"],"picked":"Black Star"}],"items_purged_floors":[20],"is_endless":false,"potions_floor_spawned":[5,6,11,16,19],"killed_by":"Centurion and Healer","ascension_level":6}}