{"host":"ko4b5atusvmax52d","time":1609511903,"event":{"mods":["AchievementEnabler","Act Like it!","Aspiration","BaseMod","Better Third Choice","BetterRewards","Friendly Minions","Hermit","Hubris","Infinite Spire","Koishi","Marisa????????","Minty Spire (QoL Compilation)","Rare Cards Sparkle","Replay The Spire","Shade Mod","Spicy Shops","StSLib","SuperFastMode","The Animator","The Bug Knight","The Wild Card","Wandering Minibosses","vexMod"],"gold_per_floor":[109,134,309,320,14,46,59,80,80,80,110,110,125,136,136,238,238,254,10,37,37,57,90,111,111,111,128,128,146,146,169,169,277,277,287,287,287],"floor_reached":36,"playtime":1231,"items_purged":["Doubt","hermit:Vantage"],"score":400,"play_id":"05145921-3b62-4d3a-97ca-56b8565f3e62","local_time":"20210101153823","is_ascension_mode":false,"campfire_choices":[{"data":"hermit:Maintenance","floor":15,"key":"SMITH"},{"floor":25,"key":"REST"},{"data":"infinitespire:Gouge","floor":32,"key":"SMITH"}],"circlet_count":0,"master_deck":["hermit:Strike_Hermit+1","hermit:Strike_Hermit+1","hermit:Strike_Hermit+1","hermit:Strike_Hermit+1","hermit:Defend_Hermit","hermit:Defend_Hermit","hermit:Defend_Hermit+1","hermit:Defend_Hermit","hermit:Snapshot+1","hermit:Covet","hermit:Scavenge+1","hermit:Glare","hermit:Maintenance+1","hermit:FullyLoaded","hermit:WideOpen+1","hermit:CursedWeapon+1","hermit:Shortfuse","hermit:Headshot","hermit:Gambit+1","CurseOfTheBell","hermit:Showdown+1","hermit:Deadeye","hermit:HighCaliber+1","Pot Of Greed","hermit:HighCaliber+1","Pot Of Greed","infinitespire:Gouge+1","hubris:Fate","hermit:DeadMansHand+1","hermit:Gambit"],"relics":["hermit:Momento","NeowsBlessing","Orichalcum","hubris:BottledRain","Calling Bell","hermit:Spyglass","Replay:PocketPolymizer","vexMod:MemoryStick","Guide Book","infinitespire:CheckeredPen","Grinning Jar","aspiration:Lifesprig","hubris:PeanutButter","Black Star"],"acts_visited":["Exordium","TheCity","TheBeyond"],"potions_floor_usage":[11,13,13,13,16,18,23,23,24,31,33],"damage_taken":[{"damage":0,"enemies":"Jaw Worm","floor":1,"turns":1},{"damage":0,"enemies":"2 Louse","floor":2,"turns":1},{"damage":0,"enemies":"Small Slimes","floor":4,"turns":1},{"damage":21,"enemies":"Gremlin Nob","floor":6,"turns":5},{"damage":7,"enemies":"Exordium Wildlife","floor":7,"turns":4},{"damage":2,"enemies":"2 Fungi Beasts","floor":8,"turns":5},{"damage":16,"enemies":"Lagavulin","floor":11,"turns":5},{"damage":2,"enemies":"Gremlin Gang","floor":13,"turns":3},{"damage":2,"enemies":"Looter","floor":14,"turns":2},{"damage":13,"enemies":"Fading Forest","floor":16,"turns":11},{"damage":15,"enemies":"2 Thieves","floor":18,"turns":2},{"damage":2,"enemies":"Chosen","floor":20,"turns":4},{"damage":2,"enemies":"Snake Plant","floor":22,"turns":2},{"damage":50,"enemies":"Gremlin Leader","floor":23,"turns":8},{"damage":2,"enemies":"Centurion and Healer","floor":24,"turns":5},{"damage":2,"enemies":"Snecko","floor":27,"turns":3},{"damage":13,"enemies":"Snake Plant","floor":29,"turns":2},{"damage":0,"enemies":"Centurion and Healer","floor":31,"turns":3},{"damage":17,"enemies":"Collector","floor":33,"turns":4},{"damage":4,"enemies":"Orb Walker","floor":35,"turns":2},{"damage":0,"enemies":"3 Darklings","floor":36,"turns":1}],"seed_played":"-6402777336396669540","potions_obtained":[{"floor":1,"key":"Strength Potion"},{"floor":2,"key":"PowerPotion"},{"floor":8,"key":"EntropicBrew"},{"floor":13,"key":"Death Potion"},{"floor":14,"key":"ColorlessPotion"},{"floor":22,"key":"hermit:Tonic"},{"floor":23,"key":"Adrenaline Potion"},{"floor":24,"key":"Weak Potion"},{"floor":29,"key":"Regen Potion"},{"floor":31,"key":"Adrenaline Potion"}],"is_trial":false,"path_per_floor":["M","M","?","M","$","E","M","M","T","?","E","?","M","M","R","B",null,"M","$","M","?","M","E","M","R","T","M","AVR","M","?","M","R","B",null,"M","M"],"character_chosen":"HERMIT","items_purchased":["hermit:FullyLoaded","Orichalcum","Guide Book"],"campfire_rested":1,"item_purchase_floors":[5,5,19],"current_hp_per_floor":[75,75,75,75,75,54,47,45,45,30,14,14,12,10,10,7,75,60,60,58,58,56,6,4,26,26,24,24,11,11,20,20,3,75,71,71,71],"gold":287,"neow_bonus":"THREE_ENEMY_KILL","is_daily":false,"chose_seed":false,"campfire_upgraded":2,"win_rate":0.0,"timestamp":1609511903,"path_taken":["M","M","?","M","$","E","M","M","T","?","E","?","M","M","R","BOSS","M","$","M","?","M","E","M","R","T","M","AVR","M","?","M","R","BOSS","M","?"],"items_purchased_type":["Card","Relic","Relic"],"build_version":"2020-12-22","purchased_purges":2,"victory":false,"max_hp_per_floor":[75,75,75,75,75,75,75,75,75,75,75,75,75,75,75,75,75,75,75,75,75,75,75,75,75,75,75,75,75,75,75,75,75,75,75,75,75],"card_choices":[{"not_picked":["hermit:Vantage","hermit:ShadowCloak"],"picked":"hermit:Scavenge","floor":1},{"not_picked":["hermit:Dive","hermit:Gestalt"],"picked":"hermit:Glare","floor":2},{"not_picked":["hermit:Malice","hermit:Grudge"],"picked":"hermit:Maintenance","floor":4},{"not_picked":["hermit:Dive","hermit:Manifest"],"picked":"hermit:WideOpen","floor":6},{"not_picked":["hermit:Dive","hermit:Virtue"],"picked":"hermit:CursedWeapon","floor":7},{"not_picked":["hermit:Determination","hermit:Gestalt","hermit:Roulette"],"picked":"SKIP","floor":8},{"not_picked":["hermit:Determination","hermit:Feint"],"picked":"hermit:Vantage","floor":11},{"not_picked":["hermit:TakeCover","hermit:Manifest"],"picked":"hermit:Shortfuse","floor":13},{"not_picked":["hermit:Adapt","hermit:LowProfile"],"picked":"hermit:Headshot","floor":14},{"not_picked":["hermit:Dissolve","hermit:OverwhelmingPower"],"picked":"hermit:Gambit","floor":16},{"not_picked":["hermit:HoleUp+1","hermit:NoHoldsBarred+1","hermit:WideOpen"],"picked":"SKIP","floor":18},{"not_picked":["hermit:LuckOfTheDraw","hermit:Dive+1"],"picked":"hermit:Showdown","floor":20},{"not_picked":["hermit:Dive","hermit:LowProfile","hermit:Horror"],"picked":"SKIP","floor":22},{"not_picked":["hermit:HoleUp","hermit:Midnight"],"picked":"hermit:Deadeye","floor":23},{"not_picked":["hermit:SprayPray+1","hermit:Feint"],"picked":"hermit:HighCaliber+1","floor":24},{"not_picked":["hermit:Dive","hermit:Combo"],"picked":"hermit:HighCaliber+1","floor":27},{"not_picked":["hermit:LuckOfTheDraw","hermit:Roughhouse"],"picked":"hermit:DeadMansHand+1","floor":29},{"not_picked":["hermit:HighCaliber","hermit:BigShot","hermit:Misfire"],"picked":"SKIP","floor":31},{"not_picked":["hermit:Adapt","hermit:Dissolve"],"picked":"hermit:Gambit","floor":33},{"not_picked":["hermit:CursedWeapon+1","hermit:Enervate","hermit:Desperado+1"],"picked":"SKIP","floor":35}],"player_experience":263101,"relics_obtained":[{"floor":6,"key":"ReplayFunnel"},{"floor":11,"key":"hubris:BottledRain"},{"floor":17,"key":"hermit:Spyglass"},{"floor":17,"key":"Replay:PocketPolymizer"},{"floor":17,"key":"vexMod:MemoryStick"},{"floor":23,"key":"infinitespire:CheckeredPen"},{"floor":26,"key":"Grinning Jar"}],"event_choices":[{"damage_healed":0,"gold_gain":175,"player_choice":"AGREE","damage_taken":134,"max_hp_gain":0,"max_hp_loss":0,"event_name":"betterThird:BetterSerpent","floor":3,"gold_loss":0},{"damage_healed":45,"gold_gain":0,"player_choice":"Upgrade","damage_taken":15,"max_hp_gain":0,"max_hp_loss":75,"event_name":"betterThird:BetterShining","floor":10,"gold_loss":0,"cards_upgraded":["hermit:Strike_Hermit","hermit:Defend_Hermit"]},{"cards_removed":["Pot Of Greed"],"damage_healed":0,"gold_gain":0,"player_choice":"Gave Card","damage_taken":0,"relics_obtained":["hubris:PeanutButter"],"max_hp_gain":0,"max_hp_loss":0,"event_name":"WeMeetAgain","floor":30,"gold_loss":0}],"is_beta":false,"boss_relics":[{"not_picked":["Replay:Bronze Core","Busted Crown"],"picked":"Calling Bell"},{"not_picked":["ReplayTheSpireMod:DimensionalGlitch","hermit:BartenderGlass"],"picked":"Black Star"}],"items_purged_floors":[5,19],"is_endless":false,"potions_floor_spawned":[1,2,8,11,13,14,22,23,24,29,31],"killed_by":"3 Darklings","ascension_level":0}}