{"host":"na09lpbrez4gbfiz","time":1609544783,"event":{"mods":["Act Like it!","BaseMod","BetterRewards","Colored Map","Colored Powertips","DeckTracker","Googly Eyes","Highlight Path","Minty Spire (QoL Compilation)","Quick Restart","Spicy Shops","StSLib","SuperFastMode","Synergy Search"],"gold_per_floor":[360,371,347,367,186,186,218,218,242,300,300,313,313,324,324,324,324],"floor_reached":16,"playtime":356,"items_purged":[],"score":155,"play_id":"ab0fbbfa-5415-4544-9121-fe340934d816","local_time":"20210102004623","is_ascension_mode":true,"campfire_choices":[{"data":"True Grit","floor":6.0,"key":"SMITH"},{"floor":13.0,"key":"REST"},{"data":"Whirlwind","floor":15,"key":"SMITH"}],"circlet_count":0,"master_deck":["AscendersBane","Strike_R","Strike_R+1","Strike_R","Strike_R","Strike_R","Defend_R","Defend_R+1","Defend_R","Defend_R","Bash","Hemokinesis+1","Shrug It Off+1","True Grit+1","Whirlwind+1","Spot Weakness"],"relics":["Burning Blood","Champion Belt","Whetstone","Toy Ornithopter"],"acts_visited":["Exordium"],"potions_floor_usage":[14,16],"damage_taken":[{"damage":10.0,"enemies":"2 Louse","floor":1.0,"turns":4.0},{"damage":9.0,"enemies":"Jaw Worm","floor":2.0,"turns":3.0},{"damage":3.0,"enemies":"Cultist","floor":4.0,"turns":4.0},{"damage":17.0,"enemies":"3 Sentries","floor":7.0,"turns":7.0},{"damage":11.0,"enemies":"Looter","floor":12.0,"turns":3.0},{"damage":0,"enemies":"Exordium Wildlife","floor":14,"turns":1},{"damage":66,"enemies":"Slime Boss","floor":16,"turns":7}],"seed_played":"-6557650192177969676","potions_obtained":[{"floor":2.0,"key":"BlessingOfTheForge"},{"floor":14,"key":"SkillPotion"}],"is_trial":false,"path_per_floor":["M","M","$","M","$","R","E","?","T","?","?","M","R","M","R","B"],"character_chosen":"IRONCLAD","items_purchased":["True Grit","Champion Belt","Whirlwind"],"campfire_rested":1,"item_purchase_floors":[3,5,5],"current_hp_per_floor":[47,44,44,47,47,47,36,20,20,20,20,15,39,50,50,0,0],"gold":324,"neow_bonus":"TWO_FIFTY_GOLD","is_daily":false,"chose_seed":false,"campfire_upgraded":2,"win_rate":0.0,"timestamp":1609544783,"path_taken":["M","M","$","M","$","R","E","?","T","?","?","M","R","M","R","BOSS"],"items_purchased_type":["Card","Relic","Card"],"build_version":"2020-12-22","purchased_purges":0,"victory":false,"max_hp_per_floor":[80,80,80,80,80,80,80,80,80,80,80,80,80,80,80,80,80],"card_choices":[{"not_picked":["Iron Wave","Thunderclap"],"picked":"Hemokinesis","floor":1.0},{"not_picked":["Warcry","Spot Weakness"],"picked":"Shrug It Off","floor":2.0},{"not_picked":["Perfected Strike","Burning Pact","Wild Strike"],"picked":"SKIP","floor":4.0},{"not_picked":["Limit Break","Anger"],"picked":"Spot Weakness","floor":7.0},{"not_picked":["Clash","Twin Strike","Rupture"],"picked":"SKIP","floor":12.0},{"not_picked":["Pommel Strike","True Grit","Body Slam"],"picked":"SKIP","floor":14}],"player_experience":253876,"relics_obtained":[{"floor":7.0,"key":"Whetstone"},{"floor":9.0,"key":"Toy Ornithopter"}],"event_choices":[{"damage_healed":0.0,"max_hp_gain":0.0,"max_hp_loss":0.0,"gold_gain":0.0,"event_name":"Shining Light","player_choice":"Entered Light","floor":8.0,"gold_loss":0.0,"damage_taken":16.0,"cards_upgraded":["Shrug It Off","Defend_R"]},{"damage_healed":0.0,"max_hp_gain":0.0,"max_hp_loss":0.0,"gold_gain":58.0,"event_name":"Golden Wing","player_choice":"Gained Gold","floor":10.0,"gold_loss":0.0,"damage_taken":0.0},{"damage_healed":0.0,"max_hp_gain":0.0,"max_hp_loss":0.0,"gold_gain":0.0,"event_name":"Lab","player_choice":"Got Potions","floor":11.0,"gold_loss":0.0,"damage_taken":0.0}],"is_beta":false,"boss_relics":[],"items_purged_floors":[],"is_endless":false,"potions_floor_spawned":[2,12,14],"killed_by":"Slime Boss","ascension_level":11}}