{"host":"yvb207ks1sg3cxef","time":1609494975,"event":{"mods":["2.2 Compatiblity","BaseMod","Bestiary","Colored Powertips","Minty Spire (QoL Compilation)","Permanent Neow","Quick Restart","Relic Stats","StSLib"],"gold_per_floor":[119,119,135,146,146,146,175,200,200,200,200,230,230,240,240,314,314,331,346,261,0,14,49,49,49,49,49,49,49],"floor_reached":28,"playtime":1239,"items_purged":["Strike_G"],"score":464,"play_id":"451959f2-d7c4-4e50-9735-930671db111e","local_time":"20210101152615","is_ascension_mode":true,"campfire_choices":[{"data":"Predator","floor":6,"key":"SMITH"},{"floor":10,"key":"REST"},{"data":"Leg Sweep","floor":13,"key":"SMITH"},{"data":"Malaise","floor":15,"key":"SMITH"},{"floor":27,"key":"REST"}],"circlet_count":0,"master_deck":["AscendersBane","Strike_G","Defend_G","Defend_G","Defend_G","Defend_G","Defend_G","Survivor","Neutralize","Poisoned Stab","Predator+1","Leg Sweep+1","Deadly Poison","Malaise+1","After Image","Heel Hook+1","A Thousand Cuts+1","Blur+1","PiercingWail","Tactician","Prepared+1"],"relics":["Ring of the Snake","The Specimen","Tiny Chest","Odd Mushroom","Ninja Scroll","White Beast Statue","Bottled Flame","Astrolabe","Eternal Feather","TheAbacus","WingedGreaves","Sundial"],"acts_visited":["Exordium","TheCity"],"potions_floor_usage":[7,14,16,22,23,23,28,28],"damage_taken":[{"damage":3,"enemies":"Small Slimes","floor":1,"turns":5},{"damage":1,"enemies":"2 Louse","floor":3,"turns":3},{"damage":0,"enemies":"Jaw Worm","floor":4,"turns":4},{"damage":24,"enemies":"3 Sentries","floor":7,"turns":9},{"damage":22,"enemies":"The Mushroom Lair","floor":8,"turns":5},{"damage":22,"enemies":"Lagavulin","floor":12,"turns":7},{"damage":0,"enemies":"Blue Slaver","floor":14,"turns":6},{"damage":6,"enemies":"The Guardian","floor":16,"turns":14},{"damage":17,"enemies":"Spheric Guardian","floor":18,"turns":6},{"damage":0,"enemies":"3 Byrds","floor":19,"turns":5},{"damage":12,"enemies":"Centurion and Healer","floor":22,"turns":11},{"damage":38,"enemies":"Gremlin Leader","floor":23,"turns":9},{"damage":48,"enemies":"Book of Stabbing","floor":28,"turns":6}],"seed_played":"-3277608755645664455","potions_obtained":[{"floor":1,"key":"LiquidMemories"},{"floor":12,"key":"Regen Potion"},{"floor":14,"key":"SpeedPotion"},{"floor":16,"key":"Regen Potion"},{"floor":18,"key":"Fire Potion"},{"floor":22,"key":"Energy Potion"},{"floor":23,"key":"FearPotion"},{"floor":25,"key":"Regen Potion"},{"floor":25,"key":"Strength Potion"}],"is_trial":false,"path_per_floor":["M","?","M","M","?","R","E","?","T","R","T","E","R","M","R","B",null,"M","M","?","$","M","E","T","?","T","R","E"],"character_chosen":"THE_SILENT","items_purchased":["PiercingWail","TheAbacus"],"campfire_rested":2,"item_purchase_floors":[21,21],"current_hp_per_floor":[56,61,60,60,60,60,36,14,14,33,33,11,11,26,26,20,54,37,37,37,37,40,2,2,2,2,33,0,0],"gold":49,"neow_bonus":"ONE_RARE_RELIC","is_daily":false,"chose_seed":false,"campfire_upgraded":3,"win_rate":0.0,"timestamp":1609494975,"path_taken":["M","?","M","M","?","R","E","?","T","R","?","E","R","M","R","BOSS","M","M","?","$","M","E","?","?","T","R","E"],"items_purchased_type":["Card","Relic"],"build_version":"2020-12-22","purchased_purges":1,"victory":false,"max_hp_per_floor":[60,65,65,65,65,65,65,65,65,65,65,65,65,65,65,65,65,65,65,65,65,65,65,65,65,65,65,65,65],"relic_stats":{"TheAbacus":[48],"counters":[13,90],"Sundial":[0],"Astrolabe":["Heel Hook","A Thousand Cuts","Blur"],"Tiny Chest":1,"Eternal Feather":12,"obtain_stats":[{"Bottled Flame":12,"TheAbacus":21,"The Specimen":0,"Ninja Scroll":9,"Sundial":24,"Astrolabe":17,"Tiny Chest":7,"Eternal Feather":20,"WingedGreaves":23,"Odd Mushroom":8,"White Beast Statue":11,"Ring of the Snake":0},{"Bottled Flame":6,"TheAbacus":10,"The Specimen":0,"Ninja Scroll":5,"Sundial":12,"Astrolabe":8,"Tiny Chest":4,"Eternal Feather":10,"WingedGreaves":12,"Odd Mushroom":5,"White Beast Statue":5,"Ring of the Snake":0},{"Bottled Flame":33,"TheAbacus":64,"The Specimen":0,"Ninja Scroll":26,"Sundial":84,"Astrolabe":53,"Tiny Chest":21,"Eternal Feather":64,"WingedGreaves":84,"Odd Mushroom":26,"White Beast Statue":26,"Ring of the Snake":0}],"Ring of the Snake":[26]},"card_choices":[{"not_picked":["Accuracy","Slice"],"picked":"Poisoned Stab","floor":1},{"not_picked":["Underhanded Strike","Cloak And Dagger"],"picked":"Predator","floor":3},{"not_picked":["Predator","Dagger Throw","Blade Dance"],"picked":"SKIP","floor":4},{"not_picked":["Quick Slash","Bouncing Flask"],"picked":"Leg Sweep","floor":7},{"not_picked":["Bane","Deflect"],"picked":"Deadly Poison","floor":8},{"not_picked":["Choke","Blade Dance","Sucker Punch"],"picked":"SKIP","floor":12},{"not_picked":["Dagger Spray","Prepared"],"picked":"Malaise","floor":14},{"not_picked":["Grand Finale","Glass Knife"],"picked":"After Image","floor":16},{"not_picked":["Expertise","Dagger Throw","Blade Dance"],"picked":"SKIP","floor":18},{"not_picked":["Acrobatics","Dagger Spray","Slice"],"picked":"SKIP","floor":19},{"not_picked":["Eviscerate","Bane+1"],"picked":"Tactician","floor":22},{"not_picked":["Dodge and Roll","Blur"],"picked":"Prepared+1","floor":23}],"player_experience":259031,"relics_obtained":[{"floor":7,"key":"Tiny Chest"},{"floor":8,"key":"Odd Mushroom"},{"floor":9,"key":"Ninja Scroll"},{"floor":11,"key":"White Beast Statue"},{"floor":12,"key":"Bottled Flame"},{"floor":23,"key":"WingedGreaves"},{"floor":24,"key":"Sundial"}],"event_choices":[{"damage_healed":0,"gold_gain":0,"player_choice":"Donut","damage_taken":0,"max_hp_gain":5,"max_hp_loss":0,"event_name":"Big Fish","floor":2,"gold_loss":0},{"damage_healed":0,"gold_gain":0,"player_choice":"Ignored","damage_taken":0,"max_hp_gain":0,"max_hp_loss":0,"event_name":"Liars Game","floor":5,"gold_loss":0},{"damage_healed":0,"gold_gain":0,"player_choice":"Fought Mushrooms","damage_taken":0,"max_hp_gain":0,"max_hp_loss":0,"event_name":"Mushrooms","floor":8,"gold_loss":0},{"damage_healed":0,"gold_gain":0,"player_choice":"Obtained Relic","damage_taken":0,"relics_obtained":["Eternal Feather"],"max_hp_gain":0,"max_hp_loss":0,"event_name":"Addict","floor":20,"gold_loss":85},{"damage_healed":0,"gold_gain":0,"player_choice":"Got Potions","damage_taken":0,"max_hp_gain":0,"max_hp_loss":0,"event_name":"Lab","floor":25,"gold_loss":0}],"is_beta":false,"boss_relics":[{"not_picked":["Sozu","WristBlade"],"picked":"Astrolabe"}],"items_purged_floors":[21],"is_endless":false,"potions_floor_spawned":[1,12,14,16,18,19,22,23],"killed_by":"Book of Stabbing","ascension_level":18}}