{"host":"3jpcvpprzj9sjffh","time":1609465756,"event":{"mods":["AchievementEnabler","BaseMod","Colored Map","Minty Spire (QoL Compilation)","Rare Cards Sparkle","SuperFastMode","everything is the same but u backflip on backflip"],"gold_per_floor":[109,109,125,125,125,158,178,178,205,130,159,172,198,198,198,311,320,335,335,335,346,346,346],"floor_reached":22,"playtime":642,"items_purged":["Defend_P"],"score":269,"play_id":"ad1b8df1-23dd-4ac5-a169-2c4f0d5f7a2b","local_time":"20210101104916","is_ascension_mode":false,"campfire_choices":[{"floor":8,"key":"REST"},{"data":"FollowUp","floor":15,"key":"SMITH"}],"circlet_count":0,"master_deck":["Strike_P","Strike_P","Strike_P","Strike_P","Defend_P+1","Defend_P","Defend_P","Eruption+1","Vigilance+1","Tantrum","FlurryOfBlows","FollowUp+1","DeusExMachina","CurseOfTheBell"],"relics":["PureWater","NeowsBlessing","Boot","CeramicFish","Juzu Bracelet","Happy Flower","Calling Bell","Omamori","TeardropLocket","WingedGreaves"],"acts_visited":["Exordium","TheCity"],"potions_floor_usage":[11,12,16,18,21],"damage_taken":[{"damage":0,"enemies":"Jaw Worm","floor":1,"turns":1},{"damage":0,"enemies":"Small Slimes","floor":3,"turns":1},{"damage":0,"enemies":"Gremlin Nob","floor":6,"turns":1},{"damage":0,"enemies":"Cultist","floor":7,"turns":2},{"damage":23,"enemies":"Lagavulin","floor":11,"turns":4},{"damage":0,"enemies":"Gremlin Gang","floor":12,"turns":3},{"damage":0,"enemies":"2 Fungi Beasts","floor":13,"turns":2},{"damage":0,"enemies":"Slime Boss","floor":16,"turns":6},{"damage":30,"enemies":"2 Thieves","floor":18,"turns":3},{"damage":0,"enemies":"Chosen","floor":21,"turns":3},{"damage":60,"enemies":"Sentry and Sphere","floor":22,"turns":3}],"seed_played":"-6172853207764712053","potions_obtained":[{"floor":3,"key":"BottledMiracle"},{"floor":6,"key":"PowerPotion"},{"floor":11,"key":"Energy Potion"},{"floor":12,"key":"Explosive Potion"},{"floor":13,"key":"Block Potion"},{"floor":18,"key":"Block Potion"}],"is_trial":false,"path_per_floor":["M","?","M","?","?","E","M","R","T","$","E","M","M","?","R","B",null,"M","?","?","M","M"],"character_chosen":"WATCHER","items_purchased":[],"campfire_rested":1,"item_purchase_floors":[],"current_hp_per_floor":[72,58,58,51,51,51,51,72,72,72,49,49,49,72,72,72,72,42,42,42,42,0,0],"gold":346,"neow_bonus":"THREE_ENEMY_KILL","is_daily":false,"chose_seed":false,"campfire_upgraded":1,"win_rate":0.0,"timestamp":1609465756,"path_taken":["M","?","M","?","?","E","?","R","T","$","E","M","M","?","R","BOSS","M","?","?","M","M"],"items_purchased_type":[],"build_version":"2020-12-22","purchased_purges":1,"victory":false,"max_hp_per_floor":[72,72,72,72,72,72,72,72,72,72,72,72,72,72,72,72,72,72,72,72,72,72,72],"card_choices":[{"not_picked":["Protect","Indignation"],"picked":"Tantrum","floor":1},{"not_picked":["FlyingSleeves","CrushJoints"],"picked":"FlurryOfBlows","floor":3},{"not_picked":["Pray","CrushJoints","ThirdEye"],"picked":"SKIP","floor":6},{"not_picked":["Perseverance","Pray","WreathOfFlame"],"picked":"SKIP","floor":7},{"not_picked":["SashWhip","JustLucky","Conclude"],"picked":"SKIP","floor":11},{"not_picked":["EmptyFist","Evaluate","ThirdEye"],"picked":"SKIP","floor":12},{"not_picked":["Wireheading","EmptyFist"],"picked":"FollowUp","floor":13},{"not_picked":["Judgement","ConjureBlade"],"picked":"DeusExMachina","floor":16},{"not_picked":["Study","CrushJoints+1","EmptyBody"],"picked":"SKIP","floor":18},{"not_picked":["ReachHeaven","JustLucky","ThirdEye"],"picked":"SKIP","floor":21}],"player_experience":283759,"relics_obtained":[{"floor":6,"key":"CeramicFish"},{"floor":9,"key":"Juzu Bracelet"},{"floor":11,"key":"Happy Flower"},{"floor":17,"key":"Omamori"},{"floor":17,"key":"TeardropLocket"},{"floor":17,"key":"WingedGreaves"}],"event_choices":[{"damage_healed":0,"gold_gain":0,"player_choice":"Entered Light","damage_taken":14,"max_hp_gain":0,"max_hp_loss":0,"event_name":"Shining Light","floor":2,"gold_loss":0,"cards_upgraded":["Eruption","Defend_P"]},{"damage_healed":0,"gold_gain":0,"player_choice":"Success","damage_taken":7,"relics_obtained":["Boot"],"max_hp_gain":0,"max_hp_loss":0,"event_name":"Scrap Ooze","floor":4,"gold_loss":0},{"damage_healed":0,"gold_gain":0,"player_choice":"Forge","damage_taken":0,"max_hp_gain":0,"max_hp_loss":0,"event_name":"Accursed Blacksmith","floor":5,"gold_loss":0,"cards_upgraded":["Vigilance"]},{"damage_healed":24,"gold_gain":0,"player_choice":"Banana","damage_taken":0,"max_hp_gain":0,"max_hp_loss":0,"event_name":"Big Fish","floor":14,"gold_loss":0},{"damage_healed":0,"gold_gain":0,"player_choice":"Ignored","damage_taken":0,"max_hp_gain":0,"max_hp_loss":0,"event_name":"Ghosts","floor":19,"gold_loss":0},{"damage_healed":0,"gold_gain":0,"player_choice":"Ignored","damage_taken":0,"max_hp_gain":0,"max_hp_loss":0,"event_name":"Cursed Tome","floor":20,"gold_loss":0}],"is_beta":false,"boss_relics":[{"not_picked":["Ectoplasm","HolyWater"],"picked":"Calling Bell"}],"items_purged_floors":[10],"is_endless":false,"potions_floor_spawned":[3,6,11,12,13,18],"killed_by":"Sentry and Sphere","ascension_level":0}}