{"host":"e8rlfedn69rz2s07","time":1609514050,"event":{"mods":["Act Like it!","BaseMod","Conspire","Hubris","Infinite Spire","Minty Spire (QoL Compilation)","Permanent Neow","Relic Stats","Replay The Spire","Shop Mod","StSLib","The Jungle"],"gold_per_floor":[109,109,109,109,125,156,156,190,190,190,225,245,49,60,60,60,60],"floor_reached":16,"playtime":579,"items_purged":[],"score":250,"play_id":"cf964922-40b7-4d5e-980d-bb58959c27e7","local_time":"20210101171410","is_ascension_mode":true,"campfire_choices":[{"data":"Dagger Spray","floor":7.0,"key":"SMITH"},{"floor":10.0,"key":"REST"},{"floor":15.0,"key":"REST"}],"circlet_count":0,"master_deck":["AscendersBane","Strike_G","Strike_G","Strike_G","Strike_G","Defend_G","Defend_G","Defend_G","Defend_G","Defend_G","Survivor","Neutralize+1","Poisoned Stab","Dagger Spray+1","Choke","ReplayTheSpireMod:Speed Training","Wraith Form v2","Backflip","conspire:PoisonWeapons","Dash"],"relics":["Ring of the Snake","NeowsBlessing","Chameleon Ring","infinitespire:PuzzleCube","infinitespire:Satchel","Dream Catcher"],"acts_visited":["Exordium"],"potions_floor_usage":[16],"damage_taken":[{"damage":0.0,"enemies":"Jaw Worm","floor":1.0,"turns":1.0},{"damage":0.0,"enemies":"2 Louse","floor":5.0,"turns":1.0},{"damage":0.0,"enemies":"Lagavulin","floor":6.0,"turns":1.0},{"damage":23.0,"enemies":"Gremlin Nob","floor":8.0,"turns":5.0},{"damage":21.0,"enemies":"Lagavulin","floor":11.0,"turns":7.0},{"damage":5.0,"enemies":"infinitespire:Voidling","floor":12.0,"turns":4.0},{"damage":6.0,"enemies":"Large Slime","floor":14.0,"turns":6.0},{"damage":43,"enemies":"Slime Boss","floor":16,"turns":11}],"seed_played":"5837189697067636583","potions_obtained":[{"floor":6.0,"key":"Languid Potion"},{"floor":8.0,"key":"Adrenaline Potion"},{"floor":11.0,"key":"SmokeBomb"},{"floor":14.0,"key":"Poison Potion"}],"is_trial":false,"path_per_floor":["M","?","T","?","M","E","R","E","T","R","E","M","$","M","R","B"],"character_chosen":"THE_SILENT","items_purchased":["Wraith Form v2","Backflip"],"campfire_rested":2,"item_purchase_floors":[13,13],"current_hp_per_floor":[59,52,52,52,52,52,52,29,29,48,27,22,22,16,35,0,0],"gold":60,"neow_bonus":"THREE_ENEMY_KILL","is_daily":false,"chose_seed":false,"campfire_upgraded":1,"win_rate":0.0,"timestamp":1609514050,"path_taken":["M","?","?","?","?","E","R","E","T","R","E","M","$","M","R","BOSS"],"items_purchased_type":["Card","Card"],"build_version":"2020-12-22","purchased_purges":0,"victory":false,"max_hp_per_floor":[66,66,66,66,66,66,66,66,66,66,66,66,66,66,66,66,66],"relic_stats":{"Dream Catcher":1,"counters":[8,36],"obtain_stats":[{"Dream Catcher":11,"Chameleon Ring":3,"NeowsBlessing":0,"infinitespire:Satchel":9,"infinitespire:PuzzleCube":6,"Ring of the Snake":0},{"Dream Catcher":5,"Chameleon Ring":1,"NeowsBlessing":0,"infinitespire:Satchel":4,"infinitespire:PuzzleCube":3,"Ring of the Snake":0},{"Dream Catcher":15,"Chameleon Ring":1,"NeowsBlessing":0,"infinitespire:Satchel":8,"infinitespire:PuzzleCube":3,"Ring of the Snake":0}],"Ring of the Snake":[16]},"card_choices":[{"not_picked":["Bane","Dagger Throw"],"picked":"Poisoned Stab","floor":1.0},{"not_picked":["hubris:TrickCloak","Dagger Throw"],"picked":"Dagger Spray","floor":5.0},{"not_picked":["Draining Mist","hubris:SlightOfHand"],"picked":"Choke","floor":6.0},{"not_picked":["Outmaneuver","Masterful Stab","Cloak And Dagger"],"picked":"SKIP","floor":8.0},{"not_picked":["Unload","Dagger Spray"],"picked":"ReplayTheSpireMod:Speed Training","floor":11.0},{"not_picked":["Underhanded Strike","Outmaneuver","Poisoned Stab"],"picked":"SKIP","floor":12.0},{"not_picked":["Cloak And Dagger","Reflex"],"picked":"conspire:PoisonWeapons","floor":14.0},{"not_picked":["Quick Slash","Slice"],"picked":"Dash","floor":15.0}],"player_experience":933952,"relics_obtained":[{"floor":3.0,"key":"Chameleon Ring"},{"floor":6.0,"key":"infinitespire:PuzzleCube"},{"floor":9.0,"key":"infinitespire:Satchel"},{"floor":11.0,"key":"Dream Catcher"}],"event_choices":[{"cards_removed":["Strike_G"],"damage_healed":0.0,"max_hp_gain":0.0,"max_hp_loss":0.0,"gold_gain":0.0,"event_name":"Golden Wing","player_choice":"Card Removal","floor":2.0,"gold_loss":0.0,"damage_taken":7.0},{"damage_healed":0.0,"max_hp_gain":0.0,"max_hp_loss":0.0,"gold_gain":0.0,"event_name":"Upgrade Shrine","player_choice":"Upgraded","floor":4.0,"gold_loss":0.0,"damage_taken":0.0,"cards_upgraded":["Neutralize"]}],"is_beta":false,"boss_relics":[],"items_purged_floors":[],"is_endless":false,"potions_floor_spawned":[6,8,11,14],"killed_by":"Slime Boss","ascension_level":15}}