{"host":"uv231blk40vjdojr","time":1609508619,"event":{"mods":["BaseMod","Minty Spire (QoL Compilation)","Relic Stats"],"gold_per_floor":[212,225,53,53,71,71,104,104,104,135,135,149,149,168,168,242,242,253,271,290,290,290],"floor_reached":21,"playtime":656,"items_purged":[],"score":363,"play_id":"4b94d94f-e224-41f8-89e3-75b14e6e16f7","local_time":"20210101144339","is_ascension_mode":true,"campfire_choices":[{"data":"Bash","floor":6.0,"key":"SMITH"},{"floor":11.0,"key":"REST"},{"data":"Blood for Blood","floor":13.0,"key":"SMITH"},{"data":"Metallicize","floor":15.0,"key":"SMITH"}],"circlet_count":0,"master_deck":["AscendersBane","Strike_R","Strike_R","Strike_R","Strike_R","Strike_R","Defend_R","Defend_R","Defend_R","Defend_R","Bash+1","Clothesline","Blood for Blood+1","Metallicize+1","Anger+1","Shrug It Off","Feed","Shockwave","Flame Barrier+1"],"relics":["Burning Blood","Omamori","Unceasing Top","Torii","Smiling Mask","Fusion Hammer"],"acts_visited":["Exordium","TheCity"],"potions_floor_usage":[16],"damage_taken":[{"damage":6.0,"enemies":"Cultist","floor":1.0,"turns":3.0},{"damage":7.0,"enemies":"Jaw Worm","floor":2.0,"turns":5.0},{"damage":4.0,"enemies":"2 Louse","floor":5.0,"turns":3.0},{"damage":39.0,"enemies":"3 Sentries","floor":7.0,"turns":8.0},{"damage":24.0,"enemies":"Lagavulin","floor":10.0,"turns":5.0},{"damage":2.0,"enemies":"2 Fungi Beasts","floor":12.0,"turns":4.0},{"damage":1.0,"enemies":"3 Louse","floor":14.0,"turns":3.0},{"damage":43,"enemies":"Slime Boss","floor":16,"turns":11},{"damage":7,"enemies":"Chosen","floor":18,"turns":5},{"damage":27,"enemies":"3 Byrds","floor":19,"turns":7},{"damage":20,"enemies":"Centurion and Healer","floor":20,"turns":6},{"damage":31,"enemies":"Masked Bandits","floor":21,"turns":2}],"seed_played":"1719509727373760992","potions_obtained":[{"floor":1.0,"key":"Strength Potion"},{"floor":7.0,"key":"Explosive Potion"},{"floor":10.0,"key":"Block Potion"},{"floor":20,"key":"GamblersBrew"}],"is_trial":false,"path_per_floor":["M","M","$","?","M","R","E","?","T","E","R","M","R","M","R","B",null,"M","M","M","?"],"character_chosen":"IRONCLAD","items_purchased":["Omamori"],"campfire_rested":1,"item_purchase_floors":[3],"current_hp_per_floor":[68,67,67,67,69,69,36,36,36,18,40,44,44,49,49,12,59,58,40,29,0,0],"gold":290,"neow_bonus":"HUNDRED_GOLD","is_daily":false,"chose_seed":false,"campfire_upgraded":3,"win_rate":0.0,"timestamp":1609508619,"path_taken":["M","M","$","?","M","R","E","?","T","E","R","?","R","M","R","BOSS","M","M","M","?"],"items_purchased_type":["Relic"],"build_version":"2020-12-22","purchased_purges":0,"victory":false,"max_hp_per_floor":[75,75,75,75,75,75,75,75,75,75,75,75,75,75,75,75,75,75,78,81,81,81],"relic_stats":{"Torii":16,"counters":[12,62],"Smiling Mask":0,"obtain_stats":[{"Torii":9,"Fusion Hammer":17,"Omamori":3,"Smiling Mask":10,"Burning Blood":0,"Unceasing Top":7},{"Torii":4,"Fusion Hammer":8,"Omamori":2,"Smiling Mask":5,"Burning Blood":0,"Unceasing Top":4},{"Torii":19,"Fusion Hammer":42,"Omamori":8,"Smiling Mask":24,"Burning Blood":0,"Unceasing Top":19}],"Burning Blood":66,"Unceasing Top":[4]},"card_choices":[{"not_picked":["Dual Wield","Twin Strike"],"picked":"Clothesline","floor":1.0},{"not_picked":["Twin Strike","Clash"],"picked":"Blood for Blood","floor":2.0},{"not_picked":["Flex","Searing Blow"],"picked":"Metallicize","floor":5.0},{"not_picked":["Heavy Blade","Spot Weakness"],"picked":"Anger","floor":7.0},{"not_picked":["Clothesline","Iron Wave"],"picked":"Shrug It Off","floor":10.0},{"not_picked":["True Grit","Feel No Pain","Iron Wave"],"picked":"SKIP","floor":12.0},{"not_picked":["Shrug It Off","Hemokinesis","Exhume"],"picked":"SKIP","floor":14.0},{"not_picked":["Berserk","Barricade"],"picked":"Feed","floor":16},{"not_picked":["Armaments","Clash"],"picked":"Shockwave","floor":18},{"not_picked":["Flex","Hemokinesis","Dark Embrace"],"picked":"SKIP","floor":19},{"not_picked":["Combust","Havoc"],"picked":"Flame Barrier+1","floor":20}],"player_experience":544999,"relics_obtained":[{"floor":7.0,"key":"Unceasing Top"},{"floor":9.0,"key":"Torii"},{"floor":10.0,"key":"Smiling Mask"}],"event_choices":[{"damage_healed":0.0,"max_hp_gain":0.0,"max_hp_loss":0.0,"gold_gain":0.0,"event_name":"Liars Game","player_choice":"Ignored","floor":4.0,"gold_loss":0.0,"damage_taken":0.0},{"damage_healed":0.0,"max_hp_gain":0.0,"max_hp_loss":0.0,"gold_gain":0.0,"event_name":"Upgrade Shrine","player_choice":"Upgraded","floor":8.0,"gold_loss":0.0,"damage_taken":0.0,"cards_upgraded":["Anger"]},{"damage_healed":0,"gold_gain":0,"player_choice":"Fought Bandits","damage_taken":0,"max_hp_gain":0,"max_hp_loss":0,"event_name":"Masked Bandits","floor":21,"gold_loss":0}],"is_beta":false,"boss_relics":[{"not_picked":["SlaversCollar","Runic Dome"],"picked":"Fusion Hammer"}],"items_purged_floors":[],"is_endless":false,"potions_floor_spawned":[1,7,10,20],"killed_by":"Masked Bandits","ascension_level":18}}