{"host":"6ko66ogg91i6g7xq","time":1609478840,"event":{"mods":["AchievementEnabler","Act Like it!","BaseMod","Colored Map","Colored Powertips","Downfall","Hermit","Minty Spire (QoL Compilation)","Quick Restart","Relic Stats","StSLib","The Jungle","everything is the same but u backflip on backflip"],"gold_per_floor":[117,117,82,96,96,96,123,138,210,210,238,255,255,255,255,358,358,376,111,126,144,144,175,175,207,207,241,52,52,65,84,84,185,185,199,199,223,236,140,172,217,227,251,282,282,315,315,325,325,325,325,325,112,141,141,141],"floor_reached":55,"playtime":2325,"items_purged":[],"score":940,"play_id":"4811f0f1-3306-4dfc-8cb3-b5186136d6d1","local_time":"20210101002720","is_ascension_mode":true,"campfire_choices":[{"floor":6,"key":"RECALL"},{"floor":13,"key":"REST"},{"data":"Noxious Fumes","floor":15,"key":"SMITH"},{"data":"Deadly Poison","floor":24,"key":"SMITH"},{"data":"After Image","floor":32,"key":"SMITH"},{"floor":45,"key":"REST"},{"data":"Noxious Fumes","floor":49,"key":"SMITH"},{"data":"Sucker Punch","floor":52,"key":"SMITH"}],"circlet_count":0,"master_deck":["Strike_G","Strike_G","Strike_G+1","Strike_G","Strike_G+1","Defend_G","Defend_G","Defend_G","Defend_G+1","Survivor+1","Neutralize+1","Noxious Fumes+1","Backflip+1","Deadly Poison+1","Corpse Explosion+1","Venomology+1","CurseOfTheBell","Deadly Poison+1","Crippling Poison+1","After Image+1","Crippling Poison+1","Adrenaline+1","Catalyst+1","PiercingWail+1","Sucker Punch+1","Noxious Fumes+1","Caltrops","Caltrops","Noxious Fumes"],"relics":["Ring of the Snake","NeowsBlessing","Blood Vial","Singing Bowl","Toxic Egg 2","CaptainsWheel","Calling Bell","Vajra","The Courier","Incense Burner","Pantograph","HornCleat","Letter Opener","Sundial","Nunchaku","PreservedInsect","SacredBark","Whetstone","Unceasing Top","War Paint","Smiling Mask","Peace Pipe","Toy Ornithopter"],"acts_visited":["Exordium","TheCity","TheBeyond","TheEnding"],"potions_floor_usage":[11,11,21,23,23,25,25,27,30,30,30,33,33,33,40,40,41,41,44,46,48,50,50,54,54,55,55,55],"damage_taken":[{"damage":0,"enemies":"Jaw Worm","floor":1,"turns":1},{"damage":0,"enemies":"2 Louse","floor":4,"turns":1},{"damage":0,"enemies":"Gremlin Nob","floor":7,"turns":1},{"damage":0,"enemies":"Cultist","floor":8,"turns":4},{"damage":23,"enemies":"3 Sentries","floor":11,"turns":7},{"damage":6,"enemies":"Exordium Wildlife","floor":12,"turns":5},{"damage":10,"enemies":"The Guardian","floor":16,"turns":8},{"damage":0,"enemies":"Shell Parasite","floor":18,"turns":5},{"damage":3,"enemies":"Chosen","floor":20,"turns":5},{"damage":5,"enemies":"Snake Plant","floor":21,"turns":4},{"damage":7,"enemies":"Book of Stabbing","floor":23,"turns":5},{"damage":6,"enemies":"Gremlin Leader","floor":25,"turns":6},{"damage":2,"enemies":"Book of Stabbing","floor":27,"turns":6},{"damage":2,"enemies":"Shelled Parasite and Fungi","floor":30,"turns":4},{"damage":2,"enemies":"Chosen and Byrds","floor":31,"turns":5},{"damage":71,"enemies":"Champ","floor":33,"turns":10},{"damage":0,"enemies":"3 Darklings","floor":35,"turns":3},{"damage":0,"enemies":"3 Shapes","floor":38,"turns":3},{"damage":0,"enemies":"Giant Head","floor":40,"turns":6},{"damage":26,"enemies":"2 Orb Walkers","floor":41,"turns":3},{"damage":10,"enemies":"Maw","floor":42,"turns":6},{"damage":11,"enemies":"Nemesis","floor":44,"turns":5},{"damage":9,"enemies":"Giant Head","floor":46,"turns":7},{"damage":1,"enemies":"4 Shapes","floor":48,"turns":3},{"damage":27,"enemies":"Donu and Deca","floor":50,"turns":6},{"damage":0,"enemies":"Shield and Spear","floor":54,"turns":3},{"damage":114,"enemies":"The Heart","floor":55,"turns":9}],"seed_played":"8659073246760999925","potions_obtained":[{"floor":1,"key":"Explosive Potion"},{"floor":4,"key":"sneckomod:MuddlingPotion"},{"floor":8,"key":"Dexterity Potion"},{"floor":20,"key":"CultistPotion"},{"floor":23,"key":"BlessingOfTheForge"},{"floor":27,"key":"Dexterity Potion"},{"floor":31,"key":"CunningPotion"},{"floor":33,"key":"SneckoOil"},{"floor":38,"key":"Explosive Potion"},{"floor":46,"key":"Block Potion"},{"floor":48,"key":"ColorlessPotion"},{"floor":54,"key":"Strength Potion"}],"is_trial":false,"path_per_floor":["M","?","$","M","$","R","E","M","T","?","E","M","R","?","R","B",null,"M","$","M","M","?","E","R","E","T","E","$","$","M","M","R","B",null,"M","?","T","M","$","E","?","M","T","E","R","E","?","M","R","B",null,"R","$","E","B"],"character_chosen":"THE_SILENT","items_purchased":["Noxious Fumes","Crippling Poison+1","Pantograph","PreservedInsect","Crippling Poison+1","Catalyst+1","PiercingWail+1","Caltrops","Caltrops","Noxious Fumes","Poison Potion"],"campfire_rested":2,"item_purchase_floors":[3,19,19,28,28,39,39,53,53,53,53],"current_hp_per_floor":[70,70,70,70,70,70,70,70,70,56,37,33,54,51,51,43,72,72,72,71,70,70,67,67,65,65,65,65,65,67,69,69,13,84,86,86,86,88,88,88,64,56,56,49,76,71,71,74,74,69,96,96,96,98,0,0],"gold":141,"neow_bonus":"THREE_ENEMY_KILL","is_daily":false,"chose_seed":false,"campfire_upgraded":5,"win_rate":0.0,"timestamp":1609478840,"path_taken":["M","?","$","M","$","R","E","M","T","?","E","M","R","?","R","BOSS","M","$","M","M","?","E","R","E","T","E","?","$","M","M","R","BOSS","M","?","?","?","$","E","?","M","T","E","R","E","?","?","R","BOSS","R","$","E","BOSS"],"items_purchased_type":["Card","Card","Relic","Relic","Card","Card","Card","Card","Card","Card","Potion"],"build_version":"2020-12-22","purchased_purges":0,"victory":false,"max_hp_per_floor":[70,70,70,70,70,70,70,70,70,70,72,72,72,72,72,72,72,72,72,74,76,76,78,78,80,80,80,80,80,82,84,84,84,84,86,86,86,88,88,88,90,90,90,92,92,94,94,96,96,96,96,96,96,98,98,98],"relic_stats":{"Singing Bowl":28,"counters":[27,131],"PreservedInsect":365,"Letter Opener":[148],"Whetstone":["Neutralize","Strike_G"],"War Paint":["Backflip","Survivor"],"Smiling Mask":0,"Blood Vial":26,"Peace Pipe":0,"Nunchaku":[6],"Sundial":[8],"Pantograph":37,"obtain_stats":[{"NeowsBlessing":0,"Singing Bowl":9,"SacredBark":34,"Vajra":17,"The Courier":17,"PreservedInsect":28,"Incense Burner":17,"Letter Opener":25,"Whetstone":40,"War Paint":43,"Smiling Mask":44,"Blood Vial":7,"Calling Bell":17,"Peace Pipe":46,"CaptainsWheel":14,"Nunchaku":27,"HornCleat":23,"Sundial":26,"Pantograph":19,"Toxic Egg 2":11,"Unceasing Top":41,"Toy Ornithopter":54,"Ring of the Snake":0},{"NeowsBlessing":0,"Singing Bowl":4,"SacredBark":16,"Vajra":7,"The Courier":7,"PreservedInsect":13,"Incense Burner":7,"Letter Opener":12,"Whetstone":19,"War Paint":21,"Smiling Mask":22,"Blood Vial":3,"Calling Bell":7,"Peace Pipe":23,"CaptainsWheel":6,"Nunchaku":13,"HornCleat":11,"Sundial":12,"Pantograph":8,"Toxic Egg 2":5,"Unceasing Top":20,"Toy Ornithopter":26,"Ring of the Snake":0},{"NeowsBlessing":0,"Singing Bowl":7,"SacredBark":77,"Vajra":27,"The Courier":27,"PreservedInsect":58,"Incense Burner":27,"Letter Opener":52,"Whetstone":89,"War Paint":98,"Smiling Mask":103,"Blood Vial":3,"Calling Bell":27,"Peace Pipe":110,"CaptainsWheel":19,"Nunchaku":58,"HornCleat":46,"Sundial":52,"Pantograph":32,"Toxic Egg 2":14,"Unceasing Top":92,"Toy Ornithopter":122,"Ring of the Snake":0}],"Unceasing Top":[2],"Toy Ornithopter":10,"Ring of the Snake":[54]},"card_choices":[{"not_picked":["Escape Plan","Dagger Throw","Slice"],"picked":"SKIP","floor":1},{"not_picked":["Well Laid Plans","Backstab"],"picked":"Backflip","floor":4},{"not_picked":["Predator","Eviscerate"],"picked":"Deadly Poison","floor":7},{"not_picked":["Escape Plan","Bane","Concentrate"],"picked":"SKIP","floor":8},{"not_picked":["Accuracy","Finisher","Reflex+1"],"picked":"Singing Bowl","floor":11},{"not_picked":["Quick Slash","Acrobatics+1"],"picked":"Corpse Explosion+1","floor":12},{"not_picked":["Wraith Form v2","Malaise+1"],"picked":"Venomology+1","floor":16},{"not_picked":["Dodge and Roll+1","Deflect+1"],"picked":"Deadly Poison+1","floor":18},{"not_picked":["Dagger Throw+1","Accuracy","Terror+1"],"picked":"Singing Bowl","floor":20},{"not_picked":["Expertise+1","Prepared+1","Backflip+1"],"picked":"Singing Bowl","floor":21},{"not_picked":["Backstab","Cloak And Dagger+1","Bane+1"],"picked":"Singing Bowl","floor":23},{"not_picked":["Well Laid Plans","Sucker Punch","Outmaneuver+1"],"picked":"Singing Bowl","floor":25},{"not_picked":["Bouncing Flask+1","Quick Slash"],"picked":"After Image","floor":27},{"not_picked":["Acrobatics+1","Quick Slash","Skewer"],"picked":"Singing Bowl","floor":30},{"not_picked":["Outmaneuver+1","Crippling Poison+1","Setup+1"],"picked":"Singing Bowl","floor":31},{"not_picked":["Grand Finale","A Thousand Cuts"],"picked":"Adrenaline+1","floor":33},{"not_picked":["PiercingWail+1","Deflect+1","Acrobatics+1"],"picked":"Singing Bowl","floor":35},{"not_picked":["Eviscerate+1","Finisher+1","Cloak And Dagger+1"],"picked":"Singing Bowl","floor":38},{"not_picked":["Masterful Stab+1","Dagger Spray"],"picked":"Sucker Punch","floor":40},{"not_picked":["Outmaneuver+1","Quick Slash","Cloak And Dagger+1"],"picked":"Singing Bowl","floor":41},{"not_picked":["Deadly Poison+1","Setup+1"],"picked":"Noxious Fumes","floor":42},{"not_picked":["Envenom","Poisoned Stab+1","Tactician+1"],"picked":"Singing Bowl","floor":44},{"not_picked":["Crippling Poison+1","Finisher","Sucker Punch"],"picked":"Singing Bowl","floor":46},{"not_picked":["PiercingWail+1","Riddle With Holes+1","Blade Dance+1"],"picked":"Singing Bowl","floor":48},{"not_picked":["Tools of the Trade","Flying Knee","Dodge and Roll+1"],"picked":"Singing Bowl","floor":54}],"player_experience":277854,"relics_obtained":[{"floor":7,"key":"Blood Vial"},{"floor":9,"key":"Singing Bowl"},{"floor":11,"key":"Toxic Egg 2"},{"floor":17,"key":"Vajra"},{"floor":17,"key":"The Courier"},{"floor":17,"key":"Incense Burner"},{"floor":23,"key":"HornCleat"},{"floor":25,"key":"Letter Opener"},{"floor":26,"key":"Sundial"},{"floor":27,"key":"Nunchaku"},{"floor":40,"key":"Whetstone"},{"floor":41,"key":"Unceasing Top"},{"floor":43,"key":"War Paint"},{"floor":44,"key":"Smiling Mask"},{"floor":46,"key":"Peace Pipe"},{"floor":54,"key":"Toy Ornithopter"}],"event_choices":[{"damage_healed":0,"gold_gain":0,"player_choice":"Leave","damage_taken":0,"max_hp_gain":0,"max_hp_loss":0,"event_name":"The Cleric","floor":2,"gold_loss":0},{"damage_healed":0,"gold_gain":0,"player_choice":"Entered Light","damage_taken":14,"max_hp_gain":0,"max_hp_loss":0,"event_name":"Shining Light","floor":10,"gold_loss":0,"cards_upgraded":["Strike_G","Defend_G"]},{"damage_healed":0,"gold_gain":0,"player_choice":"Success","damage_taken":3,"relics_obtained":["CaptainsWheel"],"max_hp_gain":0,"max_hp_loss":0,"event_name":"Scrap Ooze","floor":14,"gold_loss":0},{"damage_healed":0,"gold_gain":0,"player_choice":"Ignored","damage_taken":0,"max_hp_gain":0,"max_hp_loss":0,"event_name":"N\u0027loth","floor":22,"gold_loss":0},{"cards_removed":["Defend_G"],"damage_healed":0,"gold_gain":0,"player_choice":"Removed Skill","damage_taken":0,"max_hp_gain":0,"max_hp_loss":0,"event_name":"Falling","floor":36,"gold_loss":0},{"damage_healed":0,"gold_gain":0,"player_choice":"Fight","damage_taken":0,"max_hp_gain":0,"max_hp_loss":0,"event_name":"Mysterious Sphere","floor":41,"gold_loss":0},{"damage_healed":0,"gold_gain":0,"player_choice":"Bought 0 Potions","damage_taken":0,"max_hp_gain":0,"max_hp_loss":0,"event_name":"The Woman in Blue","floor":47,"gold_loss":0}],"is_beta":false,"boss_relics":[{"not_picked":["Runic Dome","Sozu"],"picked":"Calling Bell"},{"not_picked":["Coffee Dripper","Black Star"],"picked":"SacredBark"}],"items_purged_floors":[],"is_endless":false,"potions_floor_spawned":[1,4,8,20,23,27,31,33,38,46,48,54],"killed_by":"The Heart","ascension_level":1}}