{"host":"fw947s75r5pnptva","time":1609465222,"event":{"mods":["Act Like it!","Aspiration","BaseMod","BetterRewards","CCEM","CapriCore","Conjunction","Conspire","Custom Start","DeckTracker","Dota2Spire","Downfall","Friendly Minions","Gensokyo","Halation","Hallownest","Highlight Path","Hubris","Infinite Spire","Keyboard Shortcuts","Lobotomy","LobotomyExtend","Menagerie","Minty Spire (QoL Compilation)","MostiFishMod","Onozuka Komachi Mod","Pale of the Ancients","Permanent Neow","Pikachu Mod","Potionbrewer","Random Character Button","RatMod","Relic Filter","Replay The Spire","Shop Mod","StSLib","SuperFastMode","The Factory","The Jungle","[IsaacMod]????","vexMod"],"gold_per_floor":[118,133,208,158,207,207,242,167,167,217,246,246,146,175,175,176,176,186,186,215,233,252,282,282,309,309,309,321,25,60,79,279,377,377,394,412,412,425,442,442,442],"floor_reached":40,"playtime":2327,"items_purged":["Komachi:Strike","Komachi:Defend"],"score":762,"play_id":"1c531d8a-0769-49c1-adb7-00d69a5583c5","local_time":"20210101024022","is_ascension_mode":false,"campfire_choices":[{"data":"Komachi:Bound","floor":6,"key":"SMITH"},{"floor":15,"key":"DIG"},{"data":"Pot Of Greed","floor":24,"key":"SMITH"},{"data":"Pot Of Greed","floor":32,"key":"SMITH"}],"circlet_count":0,"master_deck":["Komachi:Bound+1","Komachi:EarthSpirit+1","CurseOfTheBell","Pot Of Greed+1","Komachi:SinnerSpirit","Komachi:LonelySpirit+1","Komachi:FlowRiver+1","Komachi:FlowRiver+1","Komachi:Offerings","Pot Of Greed+1","Komachi:FlowRiver+1"],"relics":["Komachi:Relic:FerryingBoat","DaveBox","HushsDoor","aspiration:Nostalgia","infinitespire:DarkRift","SynthV:TestCard","LetterFromLob","DaCapo","Chaos","Mercury Hourglass","Dota2Spire:Dagon","MetatronsCube","aspiration:Lifesprig","Empty Cage","Calling Bell","CCEMRelics:FranticForklift","Shuriken","Replay:Rubber Ducky","Kintsugi","Grinning Jar","Replay:PocketPolymizer","hubris:MobiusCoin","hubris:CrackedHourglass","hubris:SphereOfDissonance","Dota2Spire:Satanic","hubris:BottledHeart","Turnip","Dota2Spire:Desolator","hubris:PeanutButter","hubris:Towel"],"acts_visited":["Exordium","TheCity","TheBeyond"],"potions_floor_usage":[7],"damage_taken":[{"damage":0,"enemies":"2 Louse","floor":1,"turns":3},{"damage":2,"enemies":"Jaw Worm","floor":2,"turns":3},{"damage":7,"enemies":"3 Sentries","floor":7,"turns":6},{"damage":8,"enemies":"Hiden Room Battle","floor":10,"turns":4},{"damage":14,"enemies":"Lagavulin","floor":11,"turns":4},{"damage":0,"enemies":"Gremlin Nob","floor":14,"turns":2},{"damage":0,"enemies":"Slime Boss","floor":16,"turns":5},{"damage":6,"enemies":"3 Byrds","floor":18,"turns":5},{"damage":0,"enemies":"2 Thieves","floor":21,"turns":3},{"damage":0,"enemies":"Chosen and Byrds","floor":22,"turns":2},{"damage":2,"enemies":"Book of Stabbing","floor":23,"turns":2},{"damage":0,"enemies":"Slavers","floor":25,"turns":2},{"damage":0,"enemies":"3 Cultists","floor":28,"turns":1},{"damage":0,"enemies":"Nightmare","floor":30,"turns":3},{"damage":0,"enemies":"Shelled Parasite and Fungi","floor":31,"turns":1},{"damage":0,"enemies":"Champ","floor":33,"turns":2},{"damage":0,"enemies":"3 Darklings","floor":35,"turns":1},{"damage":0,"enemies":"Orb Walker","floor":36,"turns":1},{"damage":0,"enemies":"Sphere and 2 Shapes","floor":38,"turns":1},{"damage":0,"enemies":"4 Shapes","floor":39,"turns":1},{"damage":0,"enemies":"R_Hoarder","floor":40,"turns":6}],"seed_played":"3857334563234855448","potions_obtained":[{"floor":1,"key":"SteroidPotion"},{"floor":16,"key":"Venom Potion"},{"floor":22,"key":"potionbrewer:ToxicPotion"},{"floor":23,"key":"potionbrewer:StunPotion"},{"floor":36,"key":"Dexterity Potion"},{"floor":38,"key":"Energy Potion"}],"is_trial":false,"path_per_floor":["M","M","?","?","T","R","E","$","T","?","E","?","$","E","R","B",null,"M","?","?","M","M","E","R","E","T","?","M","$","NM","M","R","B",null,"M","M","?","M","M","E"],"character_chosen":"KOMACHI_CLASS","items_purchased":["Turnip"],"campfire_rested":0,"item_purchase_floors":[29],"current_hp_per_floor":[75,73,62,62,62,62,55,55,55,47,33,33,33,33,33,33,75,69,69,51,51,51,49,49,49,49,1,1,1,1,1,1,1,1,1,1,1,1,1,0,0],"gold":442,"neow_bonus":"NOSTALGIA","is_daily":false,"chose_seed":false,"campfire_upgraded":3,"win_rate":0.0,"timestamp":1609465222,"path_taken":["M","M","?","?","?","R","E","$","T","?","E","?","$","E","R","BOSS","M","?","?","M","M","E","R","E","T","?","M","?","NM","M","R","BOSS","M","M","?","M","M","E"],"items_purchased_type":["Relic"],"build_version":"2020-12-22","purchased_purges":2,"victory":false,"max_hp_per_floor":[75,75,75,75,75,75,75,75,75,75,75,75,75,75,75,75,75,75,75,75,75,75,75,75,75,75,1,1,1,1,1,1,1,1,1,1,1,1,1,1,1],"card_choices":[{"not_picked":["Komachi:WideSwing","Komachi:Fare"],"picked":"Komachi:LonelySpirit","floor":1},{"not_picked":["Komachi:Faith","Komachi:DoubleCut","Komachi:FearAura","Komachi:Memento"],"picked":"Komachi:HumanSpirit","floor":2},{"not_picked":["Komachi:RiverMist","Komachi:DoubleCut","Komachi:WideSwing","Komachi:Exorcism"],"picked":"Bomb","floor":7},{"not_picked":["Komachi:Remorse","Komachi:WanderingSpirits","Komachi:EaseRest","Komachi:HumanSpirit"],"picked":"Komachi:EarthSpirit","floor":10},{"not_picked":["Komachi:Shortcut","Komachi:LonelySpirit","Komachi:Offerings","Komachi:TasteDeath"],"picked":"Bomb","floor":11},{"not_picked":["Komachi:FellowTraveler","Komachi:Behead","Komachi:HellVision","Komachi:EtherealCut"],"picked":"Bomb","floor":14},{"not_picked":["Komachi:Offerings","Komachi:DoubleCut","Komachi:FullSwing+1","Komachi:VengefulSpirit","Komachi:TasteDeath"],"picked":"SKIP","floor":18},{"not_picked":["Komachi:Exorcism","Komachi:EndlessWay+1","Komachi:CollectTip+1","Komachi:AwaitedRest"],"picked":"Komachi:SinnerSpirit","floor":21},{"not_picked":["Komachi:Behead","Komachi:Drowning","Komachi:EarthSpirit","Komachi:EtherealSwipe"],"picked":"Komachi:LonelySpirit+1","floor":22},{"not_picked":["Komachi:PowerSharing","Komachi:TasteDeath","Komachi:UnseenSpirit","Komachi:SpiritualEnergy"],"picked":"Komachi:FlowRiver+1","floor":23},{"not_picked":["Komachi:AwaitedRest+1","Komachi:HumanSpirit","Komachi:HellVision","Komachi:SpiritBlade"],"picked":"Komachi:FlowRiver+1","floor":25},{"not_picked":["Komachi:RiverMist","Komachi:Memento","Komachi:PremonitiveStrike","Komachi:Behead","Komachi:UnseenSpirit"],"picked":"SKIP","floor":28},{"not_picked":["Komachi:UnseenSpirit","Komachi:EndlessWay","Komachi:GhostlyChain+1","Komachi:EtherealCut","Komachi:FellowTraveler"],"picked":"SKIP","floor":30},{"not_picked":["Komachi:EtherealSwipe","Komachi:EarthSpirit+1","Komachi:SinnerSpirit","Komachi:HungrySpirit","Komachi:YesterdayMoney"],"picked":"SKIP","floor":31},{"not_picked":["Komachi:SpiritBlade","Komachi:CollectTip","Komachi:BoatSanzu+1","Komachi:FearAura","Komachi:TasteDeath+1"],"picked":"SKIP","floor":35},{"not_picked":["Komachi:SinnerSpirit","Komachi:FearAura","Komachi:Drowning+1","Komachi:ThrowAway+1","Komachi:Shortcut"],"picked":"SKIP","floor":36},{"not_picked":["Komachi:CollectTip","Komachi:SinnerSpirit","Komachi:FlowRiver","Komachi:EaseRest","Komachi:InnerSoul"],"picked":"SKIP","floor":38},{"not_picked":["Komachi:GhostlyBarrier","Komachi:RiverMist+1","Komachi:WideSwing","Komachi:SpiritBlade+1"],"picked":"Komachi:FlowRiver+1","floor":39}],"player_experience":131586,"relics_obtained":[{"floor":1,"key":"SynthV:TestCard"},{"floor":1,"key":"LetterFromLob"},{"floor":5,"key":"Mercury Hourglass"},{"floor":7,"key":"Dota2Spire:Dagon"},{"floor":9,"key":"MetatronsCube"},{"floor":10,"key":"aspiration:Lifesprig"},{"floor":10,"key":"Empty Cage"},{"floor":11,"key":"Calling Bell"},{"floor":12,"key":"CCEMRelics:FranticForklift"},{"floor":12,"key":"Shuriken"},{"floor":12,"key":"Replay:Rubber Ducky"},{"floor":14,"key":"Kintsugi"},{"floor":15,"key":"Grinning Jar"},{"floor":20,"key":"hubris:MobiusCoin"},{"floor":23,"key":"hubris:CrackedHourglass"},{"floor":25,"key":"hubris:SphereOfDissonance"},{"floor":26,"key":"Dota2Spire:Satanic"},{"floor":30,"key":"Dota2Spire:Desolator"}],"event_choices":[{"damage_healed":0,"gold_gain":75,"player_choice":"Gather Gold","damage_taken":11,"max_hp_gain":0,"max_hp_loss":0,"event_name":"World of Goop","floor":3,"gold_loss":0},{"cards_removed":["Komachi:LonelySpirit"],"damage_healed":0,"gold_gain":0,"player_choice":"Card Removal","damage_taken":0,"max_hp_gain":0,"max_hp_loss":0,"event_name":"The Cleric","floor":4,"gold_loss":50},{"damage_healed":0,"gold_gain":0,"player_choice":"Fight","damage_taken":0,"max_hp_gain":0,"max_hp_loss":0,"event_name":"HidenRoomEvent","floor":10,"gold_loss":0},{"damage_healed":0,"gold_gain":0,"player_choice":"Upgraded","damage_taken":0,"max_hp_gain":0,"max_hp_loss":0,"event_name":"Upgrade Shrine","floor":12,"gold_loss":0,"cards_upgraded":["Komachi:EarthSpirit"]},{"cards_removed":["Shame"],"damage_healed":0,"gold_gain":0,"player_choice":"Elegance","damage_taken":0,"max_hp_gain":0,"max_hp_loss":0,"event_name":"Back to Basics","floor":19,"gold_loss":0}],"is_beta":false,"boss_relics":[{"not_picked":["aspiration:RunicSpoon","PunchingBag"],"picked":"Replay:PocketPolymizer"},{"not_picked":[]},{"not_picked":["PokeGo","infinitespire:Broken Mirror"],"picked":"hubris:PeanutButter"},{"not_picked":[]}],"items_purged_floors":[8,13],"is_endless":false,"potions_floor_spawned":[1,10,16,22,23,33,36,38],"killed_by":"R_Hoarder","ascension_level":0}}