{"host":"l017gercouzhorma","time":1609470814,"event":{"mods":["AchievementEnabler","Aspiration","BaseMod","Challenge The Spire","Conspire","Downfall","Halation","Hermit","Hubris","Infinite Spire","Jorbs\u0027s Wanderer Trilogy","Mad Scientist","Marisa????????","Mimic Mod","Minty Spire (QoL Compilation)","Random Character Button","Rare Cards Sparkle","Relic Stats","Replay The Spire","Shade Mod","StSLib","The Cursed","The Disciple","The Hierophant","The Jungle","The Runesmith","The Servant 0.9.4"],"gold_per_floor":[113,133,145,165,165,196,207,207,207,207,207],"floor_reached":10,"playtime":662,"items_purged":[],"score":70,"play_id":"c16b2666-a71e-4dbc-ba0a-0ecbec42c663","local_time":"20201231201334","is_ascension_mode":false,"campfire_choices":[],"circlet_count":0,"master_deck":["Strike_MRS","Strike_MRS","Strike_MRS","Strike_MRS","Defend_MRS","Defend_MRS","Defend_MRS","Defend_MRS","MasterSpark","UpSweep","MeteoricShower+1","StarBarrage","MilkyWay","ShootingEcho","DarkMatter"],"relics":["MiniHakkero","Tiny Chest","halation:EternalFortune","infinitespire:Lucky Rock"],"acts_visited":["Exordium"],"potions_floor_usage":[6,6],"damage_taken":[{"damage":9,"enemies":"Jaw Worm","floor":1,"turns":4},{"damage":6,"enemies":"Cultist","floor":2,"turns":3},{"damage":0,"enemies":"Small Slimes","floor":3,"turns":2},{"damage":12,"enemies":"Exordium Wildlife","floor":4,"turns":3},{"damage":22,"enemies":"3 Sentries","floor":6,"turns":4},{"damage":21,"enemies":"Lots of Slimes","floor":7,"turns":4},{"damage":0,"enemies":"Lagavulin","floor":10,"turns":2}],"seed_played":"-1140857270533372174","potions_obtained":[{"floor":2,"key":"Swift Potion"},{"floor":3,"key":"BottledSpark"}],"is_trial":false,"path_per_floor":["M","M","M","M","?","E","M","?","T","E"],"character_chosen":"MARISA","items_purchased":[],"campfire_rested":0,"item_purchase_floors":[],"current_hp_per_floor":[73,67,67,55,55,33,12,15,15,15,15],"gold":207,"neow_bonus":"TEN_PERCENT_HP_BONUS","is_daily":false,"chose_seed":false,"campfire_upgraded":0,"win_rate":0.0,"timestamp":1609470814,"path_taken":["M","M","M","M","?","E","M","?","T","E"],"items_purchased_type":[],"build_version":"2020-12-22","purchased_purges":0,"victory":false,"max_hp_per_floor":[82,82,82,82,82,82,82,85,85,85,85],"relic_stats":{"counters":[7,22],"Tiny Chest":0,"obtain_stats":[{"halation:EternalFortune":8,"Tiny Chest":6,"MiniHakkero":0,"infinitespire:Lucky Rock":9},{"halation:EternalFortune":6,"Tiny Chest":5,"MiniHakkero":0,"infinitespire:Lucky Rock":6},{"halation:EternalFortune":20,"Tiny Chest":16,"MiniHakkero":0,"infinitespire:Lucky Rock":20}]},"card_choices":[{"not_picked":["UnstableBomb","WitchLeyline"],"picked":"MeteoricShower","floor":1},{"not_picked":["IllusionStar","MilkyWay"],"picked":"StarBarrage","floor":2},{"not_picked":["OneTimeOff","Robbery"],"picked":"MilkyWay","floor":3},{"not_picked":["WitchOfGreed","GrandCross"],"picked":"ShootingEcho","floor":4},{"not_picked":["AsteroidBelt","DC"],"picked":"DarkMatter","floor":6},{"not_picked":["Acceleration","GravityBeat","LuminesStrike"],"picked":"SKIP","floor":7}],"player_experience":828532,"relics_obtained":[{"floor":6,"key":"Tiny Chest"},{"floor":9,"key":"infinitespire:Lucky Rock"}],"event_choices":[{"damage_healed":0,"gold_gain":0,"player_choice":"Grow","damage_taken":0,"max_hp_gain":0,"max_hp_loss":0,"event_name":"Living Wall","floor":5,"gold_loss":0,"cards_upgraded":["MeteoricShower"]}],"is_beta":false,"boss_relics":[],"items_purged_floors":[],"is_endless":false,"potions_floor_spawned":[2,3],"killed_by":"Lagavulin","ascension_level":0}}