{"host":"xshq2rhao6qj608z","time":1609515976,"event":{"mods":["AchievementEnabler","BaseMod","BetterRewards","Block Reminder","Colored Powertips","Downfall","Energized Spire","Highlight Path","Infinite Spire","Minty Spire (QoL Compilation)","Quick Restart","Rare Cards Sparkle","Replay The Spire","StSLib","The Blue Laboratory","The Jungle"],"gold_per_floor":[113,288,363,87,97,132,132,144,144,144,144,161,178,178,178],"floor_reached":14,"playtime":829,"items_purged":["Doubt"],"score":132,"play_id":"1d5fa1a1-d322-46a8-89ab-19cef2b5b10d","local_time":"20210101184616","is_ascension_mode":true,"campfire_choices":[{"data":"Zap","floor":7,"key":"SMITH"},{"data":"Dualcast","floor":10,"key":"SMITH"}],"circlet_count":0,"master_deck":["Strike_B","Strike_B","Strike_B","Strike_B","Defend_B+1","Defend_B","Defend_B","Defend_B+1","Zap+1","Dualcast+1","Rebound","Gash","Genetic Algorithm","Defragment","Ball Lightning+1","Self Repair"],"relics":["hexamod:SpiritBrand","NeowsBlessing","Simple Rune","Molten Egg 2","Toxic Egg 2","infinitespire:Cubic Diamond"],"acts_visited":["Exordium"],"potions_floor_usage":[14],"damage_taken":[{"damage":0,"enemies":"Jaw Worm","floor":1,"turns":1},{"damage":0,"enemies":"2 Louse","floor":5,"turns":1},{"damage":0,"enemies":"3 Sentries","floor":6,"turns":1},{"damage":0,"enemies":"Cultist","floor":8,"turns":3},{"damage":17,"enemies":"Large Slime","floor":12,"turns":6},{"damage":15,"enemies":"2 Fungi Beasts","floor":13,"turns":3},{"damage":38,"enemies":"Gremlin Nob","floor":14,"turns":4}],"seed_played":"-5378627881778212046","potions_obtained":[{"floor":6,"key":"Toxic Potion"},{"floor":13,"key":"LiquidMemories"}],"is_trial":false,"path_per_floor":["M","?","?","$","M","E","R","M","T","R","?","M","M","E"],"character_chosen":"DEFECT","items_purchased":["Simple Rune","Gash"],"campfire_rested":0,"item_purchase_floors":[4,4],"current_hp_per_floor":[75,75,68,68,68,68,68,68,68,68,68,51,36,0,0],"gold":178,"neow_bonus":"THREE_ENEMY_KILL","is_daily":false,"chose_seed":false,"campfire_upgraded":2,"win_rate":0.0,"timestamp":1609515976,"path_taken":["M","?","?","$","M","E","R","?","T","R","?","M","M","E"],"items_purchased_type":["Relic","Card"],"build_version":"2020-12-22","purchased_purges":1,"victory":false,"max_hp_per_floor":[75,75,75,75,75,75,75,75,75,75,75,75,75,75,75],"card_choices":[{"not_picked":["Darkness","Doom and Gloom"],"picked":"Rebound","floor":1},{"not_picked":["Lockon","Hologram"],"picked":"Genetic Algorithm","floor":5},{"not_picked":["ReplayTheSpireMod:System Scan","Redo","Glacier"],"picked":"SKIP","floor":6},{"not_picked":["Redo","Cold Snap+1"],"picked":"Defragment","floor":8},{"not_picked":["Stack+1","Rainbow+1"],"picked":"Ball Lightning+1","floor":12},{"not_picked":["Lockon+1","Cold Snap+1"],"picked":"Self Repair","floor":13}],"player_experience":219105,"relics_obtained":[{"floor":6,"key":"Molten Egg 2"},{"floor":9,"key":"Toxic Egg 2"}],"event_choices":[{"damage_healed":0,"gold_gain":175,"player_choice":"AGREE","damage_taken":0,"max_hp_gain":0,"max_hp_loss":0,"event_name":"Liars Game","floor":2,"gold_loss":0,"cards_obtained":["Doubt"]},{"damage_healed":0,"gold_gain":75,"player_choice":"Touch","damage_taken":7,"max_hp_gain":0,"max_hp_loss":0,"event_name":"FaceTrader","floor":3,"gold_loss":0}],"is_beta":false,"boss_relics":[],"items_purged_floors":[4],"is_endless":false,"potions_floor_spawned":[6,13],"killed_by":"Gremlin Nob","ascension_level":3}}