{"host":"rz01j32460kf2mtw","time":1609528989,"event":{"mods":["BaseMod","Koishi","Marisa????????","Minty Spire (QoL Compilation)","Prisma Mod","Quick Restart","StSLib","The Cursed","The Disciple","The Jungle","The Runesmith","The Servant 0.9.4"],"gold_per_floor":[16,35,54,6,18,18,45,60,60,90,90,106,106,130,130,259,259,275,200,216,126,149,183,196,237,237,237,262,262,303,303,303,303,303],"floor_reached":33,"playtime":1869,"items_purged":[],"score":335,"play_id":"27a4afad-3acf-49ba-9ce0-d73188ed5b61","local_time":"20210101122309","is_ascension_mode":true,"campfire_choices":[{"data":"Koishi:RuptureMind","floor":6,"key":"SMITH"},{"floor":15,"key":"REST"},{"data":"Koishi:Untouchable","floor":27,"key":"SMITH"},{"data":"Koishi:GrowingPain","floor":29,"key":"SMITH"},{"data":"Koishi:MassHysteria","floor":32,"key":"SMITH"}],"circlet_count":0,"master_deck":["Koishi:BasicStrike","Koishi:BasicStrike","Koishi:BasicStrike","Koishi:BasicDefend","Koishi:BasicDefend+1","Koishi:BasicDefend","Koishi:Provoke","Koishi:HauntingSlash","Koishi:RuptureMind+1","Koishi:EmbryosDream","Koishi:SubconsciousSweep","Koishi:PhantomStrike","Koishi:StingingMind","Koishi:ReleaseOfTheId","Koishi:Catatonia","Koishi:TremblingHands","Koishi:PhantomBarrier","Koishi:StingingMind","Koishi:GrowingPain+1","Koishi:RacingHeart","Koishi:MassHysteria+1","Koishi:DNAsFlaw+1","Koishi:RacingHeart+1","Koishi:Untouchable+1","Koishi:JumpScare+1","Koishi:VengefulSpirit+1"],"relics":["Koishi:ImaginaryFriend","Bag of Marbles","Ancient Tea Set","Orichalcum","The Courier","Golden Idol","Coffee Dripper","Girya","Calipers","Toxic Egg 2","WingedGreaves"],"acts_visited":["Exordium","TheCity"],"potions_floor_usage":[7,7,14,16,22,22,23,24,33],"damage_taken":[{"damage":3,"enemies":"Small Slimes","floor":1,"turns":3},{"damage":0,"enemies":"2 Louse","floor":2,"turns":4},{"damage":0,"enemies":"Jaw Worm","floor":3,"turns":4},{"damage":3,"enemies":"2 Fungi Beasts","floor":5,"turns":5},{"damage":7,"enemies":"3 Sentries","floor":7,"turns":5},{"damage":9,"enemies":"Lots of Slimes","floor":8,"turns":4},{"damage":14,"enemies":"Gremlin Nob","floor":10,"turns":3},{"damage":8,"enemies":"Large Slime","floor":12,"turns":4},{"damage":1,"enemies":"3 Louse","floor":14,"turns":2},{"damage":14,"enemies":"Slime Boss","floor":16,"turns":10},{"damage":4,"enemies":"Chosen","floor":18,"turns":5},{"damage":8,"enemies":"Spheric Guardian","floor":20,"turns":4},{"damage":6,"enemies":"Centurion and Healer","floor":22,"turns":5},{"damage":18,"enemies":"Slavers","floor":23,"turns":4},{"damage":9,"enemies":"Snecko","floor":24,"turns":5},{"damage":25,"enemies":"Book of Stabbing","floor":25,"turns":6},{"damage":8,"enemies":"Chosen and Byrds","floor":28,"turns":7},{"damage":27,"enemies":"Gremlin Leader","floor":30,"turns":5},{"damage":44,"enemies":"Champ","floor":33,"turns":9}],"seed_played":"-6099568432940412478","potions_obtained":[{"floor":2,"key":"AttackPotion"},{"floor":10,"key":"Weak Potion"},{"floor":12,"key":"ColorlessPotion"},{"floor":14,"key":"SneckoOil"},{"floor":16,"key":"Fire Potion"},{"floor":20,"key":"Explosive Potion"},{"floor":23,"key":"SpeedPotion"},{"floor":24,"key":"FearPotion"},{"floor":28,"key":"Energy Potion"}],"is_trial":false,"path_per_floor":["M","M","M","$","M","R","E","M","T","E","?","M","?","M","R","B",null,"M","?","M","?","M","E","M","E","T","R","M","R","E","?","R","B"],"character_chosen":"KOISHI","items_purchased":["BlessingOfTheForge"],"campfire_rested":1,"item_purchase_floors":[4],"current_hp_per_floor":[58,58,60,60,58,58,55,46,46,40,22,18,18,17,33,19,56,56,56,51,51,52,46,51,49,49,49,49,49,39,39,39,0,0],"gold":303,"neow_bonus":"THREE_RARE_CARDS","is_daily":false,"chose_seed":false,"campfire_upgraded":4,"win_rate":0.0,"timestamp":1609528989,"path_taken":["M","M","M","$","M","R","E","M","T","E","?","M","?","M","R","BOSS","M","?","M","?","M","E","M","E","T","R","?","R","E","?","R","BOSS"],"items_purchased_type":["Potion"],"build_version":"2020-12-22","purchased_purges":0,"victory":false,"max_hp_per_floor":[60,60,60,60,60,60,60,60,60,60,60,60,56,56,56,56,56,56,56,56,56,56,56,56,56,56,56,56,56,56,56,56,56,56],"card_choices":[{"not_picked":["Koishi:MentalBreakdown","Koishi:GrowingPain"],"picked":"Koishi:RuptureMind","floor":0},{"not_picked":["Koishi:HeartfeltFancy","Koishi:PhantomBarrier"],"picked":"Koishi:EmbryosDream","floor":1},{"not_picked":["Koishi:Prune","Koishi:EmbersOfLove"],"picked":"Koishi:SubconsciousSweep","floor":2},{"not_picked":["Koishi:Prune","Koishi:CatchAndRose"],"picked":"Koishi:PhantomStrike","floor":3},{"not_picked":["Koishi:Catatonia","Koishi:SpiritedAway"],"picked":"Koishi:StingingMind","floor":5},{"not_picked":["Koishi:SuperEgo","Koishi:UnconsciousUprising"],"picked":"Koishi:ReleaseOfTheId","floor":7},{"not_picked":["Koishi:SubconsciousSweep","Koishi:Prune"],"picked":"Koishi:Catatonia","floor":8},{"not_picked":["Koishi:HeartAttack","Koishi:PhantomStrike"],"picked":"Koishi:TremblingHands","floor":10},{"not_picked":["Koishi:RoseHell","Koishi:UnansweredLove"],"picked":"Koishi:PhantomBarrier","floor":12},{"not_picked":["Koishi:UnconsciousUprising","Koishi:HeartAttack"],"picked":"Koishi:StingingMind","floor":14},{"not_picked":["Koishi:Heartbroken","Koishi:RollingInRichesHeart"],"picked":"Koishi:GrowingPain","floor":16},{"not_picked":["Koishi:HeartAttack","Koishi:SubconsciousSweep"],"picked":"Koishi:RacingHeart","floor":18},{"not_picked":["Koishi:PhantomBarrier","Koishi:UnconsciousUrges"],"picked":"Koishi:MassHysteria","floor":20},{"not_picked":["Koishi:TraumaticStroke","Koishi:GhostParty"],"picked":"Koishi:DNAsFlaw+1","floor":22},{"not_picked":["Koishi:RollingInRichesHeart","Koishi:StingingMind","Koishi:SubconsciousSweep"],"picked":"SKIP","floor":23},{"not_picked":["Koishi:ParalyzingFear+1","Koishi:FourthEye"],"picked":"Koishi:RacingHeart+1","floor":24},{"not_picked":["Koishi:UnconsciousUrges","Koishi:MassHysteria+1"],"picked":"Koishi:Untouchable","floor":25},{"not_picked":["Koishi:RorschachInDanmaku+1","Koishi:SubterraneanRose+1"],"picked":"Koishi:JumpScare+1","floor":28},{"not_picked":["Koishi:SprinkleStarAndHeart+1","Koishi:ApparitionsStalkTheNight+1"],"picked":"Koishi:VengefulSpirit+1","floor":30}],"player_experience":914908,"relics_obtained":[{"floor":7,"key":"Bag of Marbles"},{"floor":9,"key":"Ancient Tea Set"},{"floor":10,"key":"Orichalcum"},{"floor":23,"key":"Girya"},{"floor":25,"key":"Calipers"},{"floor":26,"key":"Toxic Egg 2"},{"floor":30,"key":"WingedGreaves"}],"event_choices":[{"damage_healed":0,"gold_gain":0,"player_choice":"Success","damage_taken":18,"relics_obtained":["The Courier"],"max_hp_gain":0,"max_hp_loss":0,"event_name":"Scrap Ooze","floor":11,"gold_loss":0},{"damage_healed":0,"gold_gain":0,"player_choice":"Lose Max HP","damage_taken":0,"relics_obtained":["Golden Idol"],"max_hp_gain":0,"max_hp_loss":4,"event_name":"Golden Idol","floor":13,"gold_loss":0},{"cards_removed":["Koishi:BasicStrike"],"damage_healed":0,"gold_gain":0,"player_choice":"Gave Gold","damage_taken":0,"max_hp_gain":0,"max_hp_loss":0,"event_name":"Beggar","floor":19,"gold_loss":75},{"cards_removed":["Koishi:BasicDefend"],"damage_healed":0,"gold_gain":0,"player_choice":"Upgrade and Remove","damage_taken":0,"max_hp_gain":0,"max_hp_loss":0,"event_name":"Designer","floor":21,"gold_loss":90,"cards_upgraded":["Koishi:BasicDefend"]},{"damage_healed":0,"gold_gain":0,"player_choice":"Ignored","damage_taken":0,"max_hp_gain":0,"max_hp_loss":0,"event_name":"Vampires","floor":31,"gold_loss":0}],"is_beta":false,"boss_relics":[{"not_picked":["Fusion Hammer","Snecko Eye"],"picked":"Coffee Dripper"}],"items_purged_floors":[],"is_endless":false,"potions_floor_spawned":[2,10,12,14,16,20,23,24,28],"killed_by":"Champ","ascension_level":1}}