{"host":"no0bdlpxzp7bzzks","time":1609488828,"event":{"mods":["BaseMod","Better Match","Block Reminder","Colored Map","Curses Come First","DeckTracker","Filter the Spire","Highlight Path","Key Reminder","Minty Spire (QoL Compilation)","Permanent Neow","Relic Sorter","Relic Stats","StSLib","The Saiyan"],"gold_per_floor":[17,31,31,31,46,77,77,111,135,173,186,186,186],"floor_reached":12,"playtime":834,"items_purged":[],"score":113,"play_id":"a1e1a43c-686b-4b4a-9a77-0688bd3cd58a","local_time":"20210101021348","is_ascension_mode":true,"campfire_choices":[{"data":"Saiyan:MajinSeal","floor":7,"key":"SMITH"}],"circlet_count":0,"master_deck":["Saiyan:SAIYA_Strike","Saiyan:SAIYA_Strike","Saiyan:SAIYA_Strike","Saiyan:SAIYA_Strike","Saiyan:SAIYA_Defend","Saiyan:SAIYA_Defend","Saiyan:SAIYA_Defend","Saiyan:SAIYA_Defend","Saiyan:EnergyBlast","Saiyan:KaioKen","Saiyan:RuthlessBlow","Saiyan:Momentum","Saiyan:Quickening","Saiyan:TurtleShell","Pain","Saiyan:Flurry","Saiyan:MajinSeal+1","Saiyan:KiStrike","Saiyan:Pacing","Saiyan:ConcussiveBlow"],"relics":["SaiyanSoul","SaiyanHeart","Golden Idol","WarpedTongs","Happy Flower","Orichalcum","Smiling Mask","Potion Belt"],"acts_visited":["Exordium"],"potions_floor_usage":[8,10,12],"damage_taken":[{"damage":4,"enemies":"Jaw Worm","floor":1,"turns":4},{"damage":2,"enemies":"Cultist","floor":2,"turns":3},{"damage":5,"enemies":"2 Louse","floor":5,"turns":3},{"damage":25,"enemies":"3 Sentries","floor":6,"turns":8},{"damage":11,"enemies":"Lagavulin","floor":8,"turns":7},{"damage":11,"enemies":"Gremlin Nob","floor":10,"turns":3},{"damage":12,"enemies":"Large Slime","floor":11,"turns":7},{"damage":14,"enemies":"3 Sentries","floor":12,"turns":3}],"seed_played":"-5812134034302638186","potions_obtained":[{"floor":2,"key":"BlessingOfTheForge"},{"floor":6,"key":"SteroidPotion"},{"floor":8,"key":"FairyPotion"},{"floor":11,"key":"Fruit Juice"}],"is_trial":false,"path_per_floor":["M","M","?","?","M","E","R","E","T","E","M","E"],"character_chosen":"SAIYAJIN","items_purchased":[],"campfire_rested":0,"item_purchase_floors":[],"current_hp_per_floor":[57,56,41,41,37,13,13,3,3,19,8,0,0],"gold":186,"neow_bonus":"THREE_RARE_CARDS","is_daily":false,"chose_seed":false,"campfire_upgraded":1,"win_rate":0.0,"timestamp":1609488828,"path_taken":["M","M","?","?","?","E","R","E","T","E","M","E"],"items_purchased_type":[],"build_version":"2020-12-22","purchased_purges":0,"victory":false,"max_hp_per_floor":[61,62,62,62,63,64,64,65,65,65,66,72,72],"relic_stats":{"Happy Flower":[6],"counters":[8,38],"Golden Idol":27,"Orichalcum":[12],"Smiling Mask":0,"obtain_stats":[{"Potion Belt":10,"Happy Flower":6,"Golden Idol":3,"SaiyanSoul":0,"SaiyanHeart":0,"Orichalcum":8,"Smiling Mask":9,"WarpedTongs":4},{"Potion Belt":6,"Happy Flower":4,"Golden Idol":2,"SaiyanSoul":0,"SaiyanHeart":0,"Orichalcum":5,"Smiling Mask":5,"WarpedTongs":2},{"Potion Belt":28,"Happy Flower":18,"Golden Idol":7,"SaiyanSoul":0,"SaiyanHeart":0,"Orichalcum":25,"Smiling Mask":25,"WarpedTongs":7}],"WarpedTongs":[31]},"card_choices":[{"not_picked":["Saiyan:SolarFlare","Saiyan:HyperTimeChamber"],"picked":"Saiyan:Momentum","floor":0},{"not_picked":["Saiyan:ReverberatingForce","Saiyan:BigBangAttack"],"picked":"Saiyan:Quickening","floor":1},{"not_picked":["Saiyan:PlotArmor","Saiyan:Teleport"],"picked":"Saiyan:TurtleShell","floor":2},{"not_picked":["Saiyan:BackAttack","Saiyan:Quickening"],"picked":"Saiyan:Flurry","floor":5},{"not_picked":["Saiyan:BurningSoul","Saiyan:KiExplosion"],"picked":"Saiyan:MajinSeal","floor":6},{"not_picked":["Saiyan:PlotArmor","Saiyan:TurtleShell"],"picked":"Saiyan:KiStrike","floor":8},{"not_picked":["Saiyan:Furor","Saiyan:PowerPole"],"picked":"Saiyan:Pacing","floor":10},{"not_picked":["Saiyan:ExpandingShockwave","Saiyan:PowerPole"],"picked":"Saiyan:ConcussiveBlow","floor":11}],"player_experience":114979,"relics_obtained":[{"floor":6,"key":"Happy Flower"},{"floor":8,"key":"Orichalcum"},{"floor":9,"key":"Smiling Mask"},{"floor":10,"key":"Potion Belt"}],"event_choices":[{"damage_healed":0,"gold_gain":0,"player_choice":"Take Damage","damage_taken":15,"relics_obtained":["Golden Idol"],"max_hp_gain":0,"max_hp_loss":0,"event_name":"Golden Idol","floor":3,"gold_loss":0},{"damage_healed":0,"gold_gain":0,"player_choice":"Rummage","damage_taken":0,"relics_obtained":["WarpedTongs"],"max_hp_gain":0,"max_hp_loss":0,"event_name":"Accursed Blacksmith","floor":4,"gold_loss":0,"cards_obtained":["Pain"]}],"is_beta":false,"boss_relics":[],"items_purged_floors":[],"is_endless":false,"potions_floor_spawned":[2,6,8,11],"killed_by":"3 Sentries","ascension_level":3}}