{"host":"nhkq23mrg3i3n2so","time":1609529739,"event":{"mods":["BaseMod","Colored Map","Colored Powertips","Downfall","Minty Spire (QoL Compilation)","Quick Restart","Relic Stats","StSLib","SuperFastMode"],"gold_per_floor":[99,118,118,134,145,295,321,321,321,17,27,27,53,70,81,176,176,176,187,187,246,297,309,383,436,436,490,590,590,590,610,668,811,811,811,862,952,952,615,615,615,644,644,311,363,378,378,273,287,287],"floor_reached":51,"playtime":7292,"items_purged":["Guardian:Defend_Guardian","Guardian:Strike_Guardian"],"score":806,"play_id":"2483ee75-09d3-4cc7-8440-e94824337c9d","local_time":"20210101203539","is_ascension_mode":false,"campfire_choices":[{"data":"Guardian:TwinSlam","floor":1,"key":"SMITH"},{"data":"Guardian:Suspension","floor":8,"key":"SMITH"},{"data":"Guardian:SentryBeam","floor":18,"key":"SMITH"},{"data":"Guardian:SphericShield","floor":26,"key":"SMITH"},{"data":"Guardian:BaubleBeam","floor":35,"key":"SMITH"},{"data":"1","floor":40,"key":"LIFT"},{"data":"2","floor":43,"key":"LIFT"},{"data":"3","floor":47,"key":"LIFT"}],"circlet_count":0,"master_deck":["Guardian:Strike_Guardian","Guardian:Defend_Guardian","Guardian:Defend_Guardian","Guardian:CurlUp","Guardian:TwinSlam+1","Guardian:Suspension+1","Guardian:ChargeCore","Guardian:DonusPower","Guardian:SentryBeam+1","Guardian:TemporalShield","Guardian:SphericShield+1","Guardian:RollAttack+1","Guardian:DecasProtection","Guardian:SentryBeam+1","Guardian:TemporalShield+1","Guardian:Harden","Guardian:TemporalStrike","Guardian:SpikerProtocol","J.A.X.","Guardian:Incinerate+1","Guardian:BaubleBeam+1","Guardian:PrismaticBarrier+1","Guardian:ArmoredProtocol","Guardian:Repulse","Guardian:PiercingHide+1","Guardian:ChargeUp","expansioncontent:LastStand","Guardian:DecasProtection+1"],"relics":["Guardian:ModeShifter","Nunchaku","Lantern","Bag of Marbles","TungstenRod","Black Star","downfall:KnowingSkull","Darkstone Periapt","MutagenicStrength","downfall:RedIOU","Philosopher\u0027s Stone","Girya","Bronze Scales","Gremlin Horn","Blue Candle","Pear","Membership Card","Turnip"],"acts_visited":["Exordium","TheCity","TheBeyond"],"potions_floor_usage":[9,22,28,33,36,50,50,50,50,50,50],"damage_taken":[{"damage":0,"enemies":"Small Slimes","floor":2,"turns":3},{"damage":0,"enemies":"Cultist","floor":4,"turns":4},{"damage":1,"enemies":"2 Louse","floor":5,"turns":3},{"damage":3,"enemies":"2 Louse","floor":9,"turns":5},{"damage":0,"enemies":"downfall:FleeingMerchant","floor":10,"turns":4},{"damage":7,"enemies":"Blue Slaver","floor":11,"turns":4},{"damage":15,"enemies":"3 Sentries","floor":13,"turns":8},{"damage":0,"enemies":"Large Slime","floor":14,"turns":5},{"damage":0,"enemies":"Lots of Slimes","floor":15,"turns":3},{"damage":21,"enemies":"downfall:Silent","floor":16,"turns":13},{"damage":0,"enemies":"3 Byrds","floor":19,"turns":3},{"damage":6,"enemies":"Chosen","floor":21,"turns":4},{"damage":2,"enemies":"Snake Plant","floor":22,"turns":5},{"damage":0,"enemies":"3 Cultists","floor":23,"turns":6},{"damage":4,"enemies":"Chosen and Byrds","floor":25,"turns":4},{"damage":2,"enemies":"Cultist and Chosen","floor":27,"turns":6},{"damage":0,"enemies":"downfall:Augmenter","floor":28,"turns":7},{"damage":6,"enemies":"Centurion and Healer","floor":31,"turns":5},{"damage":3,"enemies":"Sentry and Sphere","floor":32,"turns":4},{"damage":6,"enemies":"downfall:Defect","floor":33,"turns":8},{"damage":2,"enemies":"Orb Walker","floor":36,"turns":4},{"damage":4,"enemies":"Mind Bloom Boss Battle","floor":37,"turns":5},{"damage":4,"enemies":"downfall:FleeingMerchant","floor":39,"turns":4},{"damage":45,"enemies":"Nemesis","floor":42,"turns":5},{"damage":5,"enemies":"3 Shapes","floor":45,"turns":4},{"damage":0,"enemies":"3 Darklings","floor":46,"turns":3},{"damage":9,"enemies":"downfall:FleeingMerchant","floor":48,"turns":4},{"damage":21,"enemies":"Writhing Mass","floor":49,"turns":3},{"damage":8,"enemies":"downfall:Ironclad","floor":50,"turns":6}],"seed_played":"-5049589339240018376","potions_obtained":[{"floor":5,"key":"SkillPotion"},{"floor":11,"key":"Explosive Potion"},{"floor":15,"key":"SpeedPotion"},{"floor":16,"key":"EntropicBrew"},{"floor":23,"key":"sneckomod:MuddlingPotion"},{"floor":25,"key":"Regen Potion"},{"floor":27,"key":"hexamod:EctoCoolerPotion"},{"floor":33,"key":"Dexterity Potion"},{"floor":42,"key":"EntropicBrew"},{"floor":46,"key":"champ:CounterPotion"}],"is_trial":false,"path_per_floor":["R","M","?","M","M","?","T","R","?","$","M","?","E","M","M","B",null,"R","M","?","M","M","M","T","M","R","M","?","?","?","M","M","B",null,"R","M","?","?","$","R","T","E","R","?","M","M","R","$","M","B",null],"character_chosen":"GUARDIAN","items_purchased":["Lantern","Bag of Marbles","Bronze Scales","Guardian:Gem_Blue","Guardian:Repulse","Membership Card","Turnip","Guardian:ChargeUp","expansioncontent:LastStand"],"campfire_rested":0,"item_purchase_floors":[10,10,39,39,39,48,48,48,48],"current_hp_per_floor":[88,88,88,88,87,87,87,87,84,84,77,77,62,62,62,41,88,88,88,81,75,73,73,73,69,69,67,82,82,82,76,73,67,88,88,86,82,82,78,78,78,43,43,110,105,105,105,96,75,67],"gold":287,"neow_bonus":"TEN_PERCENT_HP_BONUS","is_daily":false,"chose_seed":false,"campfire_upgraded":5,"win_rate":0.0,"timestamp":1609529739,"path_taken":["R","M","?","M","?","?","T","R","?","?","M","?","E","M","M","BOSS","R","M","?","?","M","M","T","M","R","M","?","?","?","M","M","BOSS","R","M","?","?","$","R","T","E","R","?","M","M","R","$","M","BOSS"],"items_purchased_type":["Relic","Relic","Relic","Card","Card","Relic","Relic","Card","Card"],"build_version":"2020-12-22","purchased_purges":2,"victory":true,"max_hp_per_floor":[88,88,88,88,88,88,88,88,88,88,88,88,88,88,88,88,88,88,88,88,88,88,88,88,88,88,88,88,88,88,88,88,88,88,88,88,88,88,88,88,88,98,98,110,110,110,110,110,110,110],"relic_stats":{"Darkstone Periapt":0,"Nunchaku":[32],"Gremlin Horn":[4,4],"counters":[29,142],"Bronze Scales":[85],"Blue Candle":[0],"Turnip":[0],"Black Star":1,"obtain_stats":[{"Darkstone Periapt":24,"Girya":37,"Lantern":10,"Pear":42,"Gremlin Horn":41,"Blue Candle":42,"Guardian:ModeShifter":0,"Guardian:PickAxe":9,"Nunchaku":7,"MutagenicStrength":28,"Bronze Scales":39,"downfall:KnowingSkull":20,"Philosopher\u0027s Stone":34,"downfall:RedIOU":29,"Turnip":48,"Bag of Marbles":10,"Black Star":17,"Membership Card":48,"TungstenRod":13},{"Darkstone Periapt":14,"Girya":22,"Lantern":5,"Pear":24,"Gremlin Horn":23,"Blue Candle":24,"Guardian:ModeShifter":0,"Guardian:PickAxe":4,"Nunchaku":3,"MutagenicStrength":17,"Bronze Scales":23,"downfall:KnowingSkull":11,"Philosopher\u0027s Stone":20,"downfall:RedIOU":17,"Turnip":27,"Bag of Marbles":5,"Black Star":10,"Membership Card":27,"TungstenRod":7},{"Darkstone Periapt":70,"Girya":113,"Lantern":19,"Pear":122,"Gremlin Horn":117,"Blue Candle":122,"Guardian:ModeShifter":0,"Guardian:PickAxe":15,"Nunchaku":10,"MutagenicStrength":87,"Bronze Scales":117,"downfall:KnowingSkull":55,"Philosopher\u0027s Stone":104,"downfall:RedIOU":87,"Turnip":133,"Bag of Marbles":19,"Black Star":52,"Membership Card":133,"TungstenRod":31}],"TungstenRod":50},"card_choices":[{"not_picked":["Guardian:Reroute","Guardian:VentSteam"],"picked":"Guardian:Suspension","floor":2},{"not_picked":["Guardian:PiercingHide","Guardian:WalkerClaw","Guardian:PrismaticBarrier"],"picked":"SKIP","floor":4},{"not_picked":["Guardian:VentSteam","Guardian:MultiBeam"],"picked":"Guardian:Gem_Lightblue","floor":5},{"not_picked":["Guardian:FastForward","Guardian:TemporalShield"],"picked":"Guardian:ChargeCore","floor":10},{"not_picked":["Guardian:PiercingHide","Guardian:Suspension"],"picked":"Guardian:DonusPower","floor":11},{"not_picked":["Guardian:Gem_Red","Guardian:Clone"],"picked":"Guardian:SentryBeam","floor":13},{"not_picked":["Guardian:PiercingHide","Guardian:Reroute","Guardian:Clone"],"picked":"SKIP","floor":14},{"not_picked":["Guardian:EvasiveProtocol","Guardian:Harden"],"picked":"Guardian:TemporalShield","floor":15},{"not_picked":["Guardian:RevengeProtocol","Guardian:StasisField"],"picked":"Guardian:SphericShield","floor":16},{"not_picked":["Guardian:BronzeArmor+1","Guardian:WalkerClaw"],"picked":"Guardian:RollAttack+1","floor":19},{"not_picked":["Guardian:Planning","Guardian:PiercingHide"],"picked":"Guardian:DecasProtection","floor":21},{"not_picked":["Guardian:TimeCapacitor","Guardian:Planning"],"picked":"Guardian:SentryBeam+1","floor":22},{"not_picked":["Guardian:ShieldCharger","Guardian:TemporalStrike"],"picked":"Guardian:TemporalShield+1","floor":23},{"not_picked":["Guardian:BronzeOrb","Guardian:PolyBeam+1"],"picked":"Guardian:Harden","floor":25},{"not_picked":["Guardian:ShieldSpikes","Guardian:ShieldCharger+1"],"picked":"Guardian:Gem_Crimson","floor":27},{"not_picked":[],"picked":"J.A.X.","floor":28},{"not_picked":["Guardian:Preprogram+1","Guardian:PolyBeam"],"picked":"Guardian:Incinerate+1","floor":28},{"not_picked":["Guardian:FastForward","Guardian:Gem_Blue"],"picked":"Guardian:Gem_Cyan","floor":31},{"not_picked":["Guardian:GuardianWhirl","Guardian:Preprogram+1","Guardian:PolyBeam"],"picked":"SKIP","floor":32},{"not_picked":["Guardian:ConstructionForm","Guardian:HyperBeam_Guardian"],"picked":"Guardian:BaubleBeam","floor":33},{"not_picked":["Guardian:PiercingHide+1","Guardian:Suspension+1"],"picked":"Guardian:PrismaticBarrier+1","floor":36},{"not_picked":["Guardian:Gem_Red","Guardian:WalkerClaw+1"],"picked":"Guardian:ArmoredProtocol","floor":37},{"not_picked":["Guardian:TemporalStrike","Guardian:PrimingBeam","Guardian:Emergency"],"picked":"SKIP","floor":39},{"not_picked":["Guardian:FloatingOrbs+1","Guardian:StasisField"],"picked":"Guardian:PiercingHide+1","floor":42},{"not_picked":["Guardian:Planning","Guardian:Preprogram"],"picked":"Guardian:Gem_Lightblue","floor":45},{"not_picked":["Guardian:Incinerate","Guardian:Repulse","Guardian:Gem_Green"],"picked":"SKIP","floor":46},{"not_picked":["Guardian:Reroute+1","Guardian:Preprogram","Guardian:RefractedBeam+1"],"picked":"SKIP","floor":48},{"not_picked":["Guardian:CrystalBeam+1","Guardian:PrismaticBeam"],"picked":"Guardian:DecasProtection+1","floor":49}],"player_experience":522891,"relics_obtained":[{"floor":7,"key":"Nunchaku"},{"floor":13,"key":"TungstenRod"},{"floor":24,"key":"Darkstone Periapt"},{"floor":28,"key":"MutagenicStrength"},{"floor":37,"key":"Girya"},{"floor":41,"key":"Gremlin Horn"},{"floor":42,"key":"Blue Candle"},{"floor":42,"key":"Pear"}],"event_choices":[{"cards_removed":["Slimebound:Icky"],"damage_healed":0,"gold_gain":0,"player_choice":"Card Removal","damage_taken":0,"max_hp_gain":0,"max_hp_loss":0,"event_name":"The Cleric","floor":12,"gold_loss":0},{"damage_healed":0,"gold_gain":0,"player_choice":"Read","damage_taken":0,"max_hp_gain":0,"max_hp_loss":0,"event_name":"The Library","floor":30,"gold_loss":0,"cards_obtained":["Guardian:Gem_Blue"]}],"is_beta":false,"boss_relics":[{"not_picked":["Sozu","Velvet Choker"],"picked":"Black Star"},{"not_picked":["Snecko Eye","Fusion Hammer"],"picked":"Philosopher\u0027s Stone"}],"items_purged_floors":[39,48],"is_endless":false,"potions_floor_spawned":[5,11,15,16,23,25,27,31,33,42,46,49],"ascension_level":0}}