{"host":"z16h96csw6gsetxl","time":1609474245,"event":{"mods":["BaseMod","Minty Spire (QoL Compilation)"],"gold_per_floor":[109,121,121,141,152,152,162,178,203,46,65,84,110,110,110,214,214,227,227,152,169,169,169],"floor_reached":22,"playtime":1367,"items_purged":[],"score":215,"play_id":"ff3e2a2b-77ee-48a6-9a5b-2a973f061527","local_time":"20210101121045","is_ascension_mode":false,"campfire_choices":[{"data":"Combust","floor":6,"key":"SMITH"},{"floor":15,"key":"REST"}],"circlet_count":0,"master_deck":["Defend_R","Defend_R","Defend_R","Bash","Combust+1","Cleave","Inflame","Searing Blow","Corruption","Rampage","Dark Embrace","Ghostly Armor","Impervious","Infernal Blade+1","Bite","Bite","Bite","Bite","Bite","Intimidate+1"],"relics":["Burning Blood","Lantern","MealTicket","Runic Cube"],"acts_visited":["TheCity"],"potions_floor_usage":[16,16],"damage_taken":[{"damage":10.0,"enemies":"Small Slimes","floor":1.0,"turns":4.0},{"damage":4,"enemies":"Cultist","floor":2,"turns":3},{"damage":5,"enemies":"2 Louse","floor":4,"turns":2},{"damage":30,"enemies":"Exordium Thugs","floor":5,"turns":4},{"damage":15,"enemies":"Gremlin Gang","floor":7,"turns":3},{"damage":7,"enemies":"Looter","floor":8,"turns":4},{"damage":13,"enemies":"2 Fungi Beasts","floor":11,"turns":3},{"damage":16,"enemies":"Exordium Wildlife","floor":12,"turns":3},{"damage":38,"enemies":"3 Sentries","floor":13,"turns":5},{"damage":44,"enemies":"Hexaghost","floor":16,"turns":8},{"damage":55,"enemies":"Shell Parasite","floor":18,"turns":7},{"damage":26,"enemies":"3 Byrds","floor":21,"turns":3},{"damage":26,"enemies":"Sentry and Sphere","floor":22,"turns":5}],"seed_played":"-2288560911224240467","potions_obtained":[{"floor":1,"key":"BloodPotion"},{"floor":2,"key":"AttackPotion"},{"floor":12,"key":"Explosive Potion"},{"floor":21,"key":"Strength Potion"}],"is_trial":false,"path_per_floor":["M","M","?","M","M","R","M","M","T","$","M","M","E","?","R","B",null,"M","?","?","M","M"],"character_chosen":"IRONCLAD","items_purchased":["Blood Vial"],"campfire_rested":1,"item_purchase_floors":[10],"current_hp_per_floor":[84,86,86,87,63,63,54,53,53,53,48,40,10,10,36,17,88,39,39,39,27,7,7],"gold":169,"neow_bonus":"TEN_PERCENT_HP_BONUS","is_daily":false,"chose_seed":false,"campfire_upgraded":1,"win_rate":0.0,"timestamp":1609474245,"path_taken":["M","M","?","M","M","R","M","M","T","?","M","M","E","?","R","BOSS","M","?","?","M","M"],"items_purchased_type":["Relic"],"build_version":"2020-12-22","purchased_purges":0,"victory":false,"max_hp_per_floor":[88,88,88,88,88,88,88,88,88,88,88,88,88,88,88,88,88,88,88,88,88,88,88],"card_choices":[{"not_picked":["Iron Wave","Fire Breathing"],"picked":"Combust","floor":1},{"not_picked":["Iron Wave","True Grit"],"picked":"Cleave","floor":2},{"not_picked":["Power Through","Perfected Strike"],"picked":"Dark Embrace","floor":4},{"not_picked":["Body Slam","Dropkick"],"picked":"Inflame","floor":5},{"not_picked":["Flex","Sword Boomerang"],"picked":"Searing Blow","floor":7},{"not_picked":["Shrug It Off","Reckless Charge"],"picked":"Corruption","floor":8},{"not_picked":["Hemokinesis","Iron Wave"],"picked":"Rampage","floor":11},{"not_picked":["Power Through","Clash"],"picked":"Dark Embrace","floor":12},{"not_picked":["Heavy Blade","Dropkick"],"picked":"Ghostly Armor","floor":13},{"not_picked":["Feed","Double Tap"],"picked":"Impervious","floor":16},{"not_picked":["Bloodletting+1","Rage"],"picked":"Infernal Blade+1","floor":18},{"not_picked":["Cleave","Power Through+1"],"picked":"Intimidate+1","floor":21}],"player_experience":7593,"relics_obtained":[{"floor":9,"key":"Lantern"},{"floor":13,"key":"MealTicket"}],"event_choices":[{"cards_removed":["Strike_R"],"damage_healed":0,"gold_gain":0,"player_choice":"Purged","damage_taken":0,"max_hp_gain":0,"max_hp_loss":0,"event_name":"Purifier","floor":3,"gold_loss":0},{"cards_removed":["Defend_R"],"damage_healed":0,"gold_gain":0,"player_choice":"Offered Basic","damage_taken":0,"max_hp_gain":0,"max_hp_loss":0,"event_name":"Bonfire Elementals","floor":14,"gold_loss":0},{"damage_healed":0,"gold_gain":0,"player_choice":"Became a vampire (Vial)","damage_taken":0,"max_hp_gain":0,"max_hp_loss":0,"event_name":"Vampires","floor":19,"relics_lost":["Blood Vial"],"gold_loss":0,"cards_obtained":["Bite","Bite","Bite","Bite","Bite"]},{"cards_removed":["Dark Embrace"],"damage_healed":0,"gold_gain":0,"player_choice":"Gave Gold","damage_taken":0,"max_hp_gain":0,"max_hp_loss":0,"event_name":"Beggar","floor":20,"gold_loss":75}],"is_beta":false,"boss_relics":[{"not_picked":["Astrolabe","Cursed Key"],"picked":"Runic Cube"}],"items_purged_floors":[],"is_endless":false,"potions_floor_spawned":[1,2,12,21],"killed_by":"Sentry and Sphere","ascension_level":0}}