{"host":"szp1d6dso4pv7ddl","time":1609470162,"event":{"mods":["AchievementEnabler","Alarm Clock","BaseMod","Bestiary","Block Reminder","Colored Map","Colored Powertips","Curses Come First","Displayed Cursed Tome","Highlight Path","Minty Spire (QoL Compilation)","Permanent Neow","Quick Restart","Relic Sorter","Relic Stats","StSLib","Synergy Search"],"gold_per_floor":[116,41,59,75,25,50,50,75,75,93,112,126,126,142,142,246,246,265,67,67,67,67,67,67,67,67],"floor_reached":25,"playtime":1239,"items_purged":["Shame"],"score":327,"play_id":"9b921962-a775-46d6-bffd-ff18ba2eb9c9","local_time":"20201231190242","is_ascension_mode":true,"campfire_choices":[{"floor":7.0,"key":"REST"},{"floor":15.0,"key":"REST"},{"floor":23.0,"key":"REST"}],"circlet_count":0,"master_deck":["AscendersBane","Strike_R+1","Defend_R","Defend_R","Defend_R","Defend_R","Bash+1","Immolate","Iron Wave","Uppercut","Sever Soul","Feel No Pain","True Grit","Dark Embrace","Burning Pact","Wild Strike","Double Tap","Wild Strike","Reckless Charge","True Grit","Feel No Pain","Shame","Pain"],"relics":["Burning Blood","Whetstone","Girya","Bottled Tornado","Empty Cage","Bronze Scales","WarpedTongs"],"acts_visited":["Exordium","TheCity"],"potions_floor_usage":[],"damage_taken":[{"damage":12.0,"enemies":"Jaw Worm","floor":1.0,"turns":2.0},{"damage":4.0,"enemies":"2 Louse","floor":3.0,"turns":3.0},{"damage":12.0,"enemies":"Small Slimes","floor":4.0,"turns":3.0},{"damage":27.0,"enemies":"Gremlin Nob","floor":6.0,"turns":4.0},{"damage":26.0,"enemies":"3 Sentries","floor":8.0,"turns":4.0},{"damage":28.0,"enemies":"Exordium Thugs","floor":10.0,"turns":3.0},{"damage":9.0,"enemies":"Red Slaver","floor":11.0,"turns":3.0},{"damage":3.0,"enemies":"Blue Slaver","floor":12.0,"turns":5.0},{"damage":5.0,"enemies":"3 Louse","floor":14.0,"turns":2.0},{"damage":43.0,"enemies":"The Guardian","floor":16.0,"turns":15.0},{"damage":26.0,"enemies":"Chosen","floor":18.0,"turns":5.0},{"damage":84,"enemies":"Gremlin Leader","floor":25,"turns":6}],"seed_played":"-5952483300338240040","potions_obtained":[{"floor":3.0,"key":"Explosive Potion"},{"floor":4.0,"key":"LiquidBronze"},{"floor":6.0,"key":"SteroidPotion"},{"floor":8.0,"key":"GamblersBrew"},{"floor":12.0,"key":"HeartOfIron"}],"is_trial":false,"path_per_floor":["M","$","M","M","?","E","R","E","T","M","M","M","?","M","R","B",null,"M","$","?","$","?","R","$","E"],"character_chosen":"IRONCLAD","items_purchased":["Reckless Charge","True Grit","Feel No Pain"],"campfire_rested":3,"item_purchase_floors":[19,19,19],"current_hp_per_floor":[66,66,68,62,62,41,65,45,45,23,20,23,23,24,48,11,63,43,43,43,43,43,67,67,0,0],"gold":67,"neow_bonus":"THREE_RARE_CARDS","is_daily":false,"chose_seed":false,"campfire_upgraded":0,"win_rate":0.0,"timestamp":1609470162,"path_taken":["M","$","M","M","?","E","R","E","T","M","M","M","?","M","R","BOSS","M","$","?","$","?","R","$","E"],"items_purchased_type":["Card","Card","Card"],"build_version":"2020-12-22","purchased_purges":1,"victory":false,"max_hp_per_floor":[80,80,80,80,80,80,80,80,80,80,80,80,80,80,80,80,80,80,80,80,80,80,80,80,80,80],"relic_stats":{"counters":[12,55],"Bronze Scales":[21],"Whetstone":["Strike_R","Bash"],"obtain_stats":[{"Girya":8,"Bronze Scales":20,"Whetstone":6,"Bottled Tornado":9,"Empty Cage":17,"Burning Blood":0,"WarpedTongs":22},{"Girya":5,"Bronze Scales":11,"Whetstone":4,"Bottled Tornado":5,"Empty Cage":10,"Burning Blood":0,"WarpedTongs":11},{"Girya":16,"Bronze Scales":49,"Whetstone":12,"Bottled Tornado":16,"Empty Cage":44,"Burning Blood":0,"WarpedTongs":49}],"Burning Blood":66,"WarpedTongs":[6]},"card_choices":[{"not_picked":["Brutality","Juggernaut"],"picked":"Immolate","floor":0.0},{"not_picked":["Pummel","Sword Boomerang"],"picked":"Iron Wave","floor":1.0},{"not_picked":["Disarm","Iron Wave"],"picked":"Uppercut","floor":3.0},{"not_picked":["Clash","Headbutt"],"picked":"Sever Soul","floor":4.0},{"not_picked":["Entrench","Headbutt","Flex"],"picked":"SKIP","floor":6.0},{"not_picked":["Shrug It Off","Twin Strike"],"picked":"Feel No Pain","floor":8.0},{"not_picked":["Armaments","Heavy Blade"],"picked":"True Grit","floor":10.0},{"not_picked":["Heavy Blade","Shockwave"],"picked":"Dark Embrace","floor":11.0},{"not_picked":["Anger","Brutality"],"picked":"Burning Pact","floor":12.0},{"not_picked":["Sword Boomerang","Clothesline","Headbutt"],"picked":"SKIP","floor":14.0},{"not_picked":["Feed","Bludgeon"],"picked":"Double Tap","floor":16.0},{"not_picked":["Thunderclap+1","Headbutt+1"],"picked":"Wild Strike","floor":18.0}],"player_experience":1090613,"relics_obtained":[{"floor":6.0,"key":"Whetstone"},{"floor":8.0,"key":"Girya"},{"floor":9.0,"key":"Bottled Tornado"}],"event_choices":[{"cards_removed":["Strike_R"],"damage_healed":0.0,"max_hp_gain":0.0,"max_hp_loss":0.0,"gold_gain":0.0,"event_name":"The Cleric","player_choice":"Card Removal","floor":5.0,"gold_loss":50.0,"damage_taken":0.0},{"damage_healed":0.0,"max_hp_gain":0.0,"max_hp_loss":0.0,"gold_gain":0.0,"cards_transformed":["Strike_R"],"event_name":"Living Wall","player_choice":"Change","floor":13.0,"gold_loss":0.0,"damage_taken":0.0,"cards_obtained":["Wild Strike"]},{"damage_healed":0.0,"max_hp_gain":0.0,"max_hp_loss":0.0,"gold_gain":0.0,"event_name":"Addict","player_choice":"Stole Relic","floor":20.0,"gold_loss":0.0,"damage_taken":0.0,"relics_obtained":["Bronze Scales"],"cards_obtained":["Shame"]},{"damage_healed":0.0,"max_hp_gain":0.0,"max_hp_loss":0.0,"gold_gain":0.0,"event_name":"Accursed Blacksmith","player_choice":"Rummage","floor":22.0,"gold_loss":0.0,"damage_taken":0.0,"relics_obtained":["WarpedTongs"],"cards_obtained":["Pain"]}],"is_beta":false,"boss_relics":[{"not_picked":["SlaversCollar","SacredBark"],"picked":"Empty Cage"}],"items_purged_floors":[2],"is_endless":false,"potions_floor_spawned":[3,4,6,8,12],"killed_by":"Gremlin Leader","ascension_level":11}}