{"host":"ikoeife7eojnzvjt","time":1609484502,"event":{"mods":["AchievementEnabler","BaseMod","Colored Map","Colored Powertips","Highlight Path","Minty Spire (QoL Compilation)","Quick Restart","Relic Stats","StSLib","Waifu the Spire"],"gold_per_floor":[119,119,119,140,159,159,184,218,218,256,256,277,292,312,312,432,432,372,397,496,510,131,146,184,184,184,184,309,347,347,363,363,363,363],"floor_reached":33,"playtime":2307,"items_purged":["Strike_R"],"score":327,"play_id":"ae721c74-a83e-4ee2-92d3-01bb8f3931fc","local_time":"20210101010142","is_ascension_mode":false,"campfire_choices":[{"data":"Hemokinesis","floor":6.0,"key":"SMITH"},{"data":"Reaper","floor":11.0,"key":"SMITH"},{"data":"Disarm","floor":15.0,"key":"SMITH"},{"data":"Feed","floor":25.0,"key":"SMITH"},{"data":"True Grit","floor":27.0,"key":"SMITH"},{"data":"Rupture","floor":32.0,"key":"SMITH"}],"circlet_count":0,"master_deck":["Strike_R","Strike_R","Strike_R","Defend_R","Defend_R","Defend_R","Defend_R","Bash","Hemokinesis+1","Disarm+1","Blood for Blood","Reaper+1","Shockwave","Feed+1","True Grit+1","Dual Wield","Rupture+1","Dark Embrace+1","Spot Weakness"],"relics":["Burning Blood","NeowsBlessing","Golden Idol","Meat on the Bone","Ornamental Fan","FossilizedHelix","Coffee Dripper","Red Skull","HandDrill","Singing Bowl","Torii","Pantograph","Red Mask"],"acts_visited":["Exordium","TheCity"],"potions_floor_usage":[],"damage_taken":[{"damage":0.0,"enemies":"Jaw Worm","floor":1.0,"turns":1.0},{"damage":0.0,"enemies":"2 Louse","floor":4.0,"turns":1.0},{"damage":2.0,"enemies":"Cultist","floor":5.0,"turns":1.0},{"damage":7.0,"enemies":"Looter","floor":7.0,"turns":3.0},{"damage":15.0,"enemies":"3 Sentries","floor":8.0,"turns":8.0},{"damage":26.0,"enemies":"Lagavulin","floor":10.0,"turns":6.0},{"damage":0.0,"enemies":"3 Louse","floor":12.0,"turns":4.0},{"damage":1.0,"enemies":"2 Fungi Beasts","floor":13.0,"turns":5.0},{"damage":3.0,"enemies":"Blue Slaver","floor":14.0,"turns":5.0},{"damage":54.0,"enemies":"The Guardian","floor":16.0,"turns":10.0},{"damage":27.0,"enemies":"2 Thieves","floor":18.0,"turns":4.0},{"damage":34.0,"enemies":"Spheric Guardian","floor":19.0,"turns":7.0},{"damage":12.0,"enemies":"Snake Plant","floor":21.0,"turns":3.0},{"damage":28.0,"enemies":"Cultist and Chosen","floor":23.0,"turns":8.0},{"damage":52.0,"enemies":"Slavers","floor":24.0,"turns":6.0},{"damage":15.0,"enemies":"Colosseum Slavers","floor":28.0,"turns":7.0},{"damage":47.0,"enemies":"Colosseum Nobs","floor":28.0,"turns":7.0},{"damage":33.0,"enemies":"Masked Bandits","floor":29.0,"turns":6.0},{"damage":5.0,"enemies":"Shelled Parasite and Fungi","floor":31.0,"turns":5.0},{"damage":153,"enemies":"Collector","floor":33,"turns":6}],"seed_played":"-8587764909780394684","potions_obtained":[{"floor":1.0,"key":"DuplicationPotion"},{"floor":8.0,"key":"Weak Potion"},{"floor":10.0,"key":"DuplicationPotion"},{"floor":12.0,"key":"Energy Potion"},{"floor":13.0,"key":"Energy Potion"},{"floor":16.0,"key":"SpeedPotion"},{"floor":19.0,"key":"Fire Potion"},{"floor":23.0,"key":"AttackPotion"},{"floor":24.0,"key":"SpeedPotion"},{"floor":29.0,"key":"Fire Potion"}],"is_trial":false,"path_per_floor":["M","?","?","M","M","R","M","E","T","E","R","M","M","M","R","B",null,"M","M","?","M","$","M","E","R","T","R","?","?","?","M","R","B"],"character_chosen":"IRONCLAD","items_purchased":["Red Skull","HandDrill"],"campfire_rested":0,"item_purchase_floors":[22,22],"current_hp_per_floor":[80,60,53,59,63,63,62,53,53,45,45,66,76,80,80,51,80,59,43,43,52,52,58,59,59,59,59,64,69,69,100,100,0,0],"gold":363,"neow_bonus":"THREE_ENEMY_KILL","is_daily":false,"chose_seed":false,"campfire_upgraded":6,"win_rate":0.0,"timestamp":1609484502,"path_taken":["M","?","?","M","?","R","?","E","T","E","R","M","M","M","R","BOSS","M","M","?","M","$","M","E","R","T","R","?","?","?","?","R","BOSS"],"items_purchased_type":["Relic","Relic"],"build_version":"2020-12-22","purchased_purges":1,"victory":false,"max_hp_per_floor":[80,80,80,80,80,80,80,80,80,80,80,80,80,80,80,80,80,80,80,80,83,83,86,91,91,91,91,107,115,115,121,121,121,121],"relic_stats":{"Singing Bowl":4,"Torii":23,"counters":[20,103],"Golden Idol":123,"Ornamental Fan":[76],"Pantograph":21,"HandDrill":[8],"obtain_stats":[{"NeowsBlessing":0,"Singing Bowl":24,"Torii":28,"Golden Idol":2,"Burning Blood":0,"Ornamental Fan":9,"Pantograph":28,"Coffee Dripper":17,"HandDrill":22,"Red Mask":29,"FossilizedHelix":10,"Red Skull":22,"Meat on the Bone":8},{"NeowsBlessing":0,"Singing Bowl":15,"Torii":17,"Golden Idol":1,"Burning Blood":0,"Ornamental Fan":5,"Pantograph":17,"Coffee Dripper":10,"HandDrill":13,"Red Mask":18,"FossilizedHelix":6,"Red Skull":13,"Meat on the Bone":5},{"NeowsBlessing":0,"Singing Bowl":72,"Torii":86,"Golden Idol":1,"Burning Blood":0,"Ornamental Fan":14,"Pantograph":86,"Coffee Dripper":44,"HandDrill":58,"Red Mask":92,"FossilizedHelix":20,"Red Skull":58,"Meat on the Bone":14}],"Burning Blood":104,"Meat on the Bone":96},"card_choices":[{"not_picked":["Pommel Strike","Heavy Blade"],"picked":"Hemokinesis","floor":1.0},{"not_picked":["Thunderclap","Sword Boomerang","Havoc"],"picked":"SKIP","floor":4.0},{"not_picked":["Thunderclap","Sword Boomerang","Havoc"],"picked":"SKIP","floor":4.0},{"not_picked":["Thunderclap","Dropkick"],"picked":"Disarm","floor":5.0},{"not_picked":["Warcry","Heavy Blade"],"picked":"Blood for Blood","floor":7.0},{"not_picked":["Evolve","Flex","Warcry"],"picked":"SKIP","floor":8.0},{"not_picked":["True Grit","Evolve"],"picked":"Reaper","floor":10.0},{"not_picked":["Anger","Rage"],"picked":"Shockwave","floor":12.0},{"not_picked":["Thunderclap","Entrench","Havoc"],"picked":"SKIP","floor":13.0},{"not_picked":["Fire Breathing","Warcry","Thunderclap"],"picked":"SKIP","floor":14.0},{"not_picked":["Offering","Reaper"],"picked":"Feed","floor":16.0},{"not_picked":["Warcry","Havoc","Sentinel"],"picked":"SKIP","floor":18.0},{"not_picked":["Clothesline","Second Wind","True Grit"],"picked":"SKIP","floor":19.0},{"not_picked":["Clothesline","Second Wind"],"picked":"True Grit","floor":19.0},{"not_picked":["Sword Boomerang+1","Second Wind+1"],"picked":"Dual Wield","floor":21.0},{"not_picked":["Heavy Blade","True Grit","Brutality"],"picked":"SKIP","floor":23.0},{"not_picked":["Burning Pact","Havoc","Wild Strike+1"],"picked":"Singing Bowl","floor":24.0},{"not_picked":["Thunderclap+1","Dual Wield"],"picked":"Rupture","floor":28.0},{"not_picked":["Sword Boomerang","Shrug It Off+1"],"picked":"Dark Embrace+1","floor":29.0},{"not_picked":["True Grit","Wild Strike","Havoc+1"],"picked":"Singing Bowl","floor":31.0}],"player_experience":121009,"relics_obtained":[{"floor":8.0,"key":"Meat on the Bone"},{"floor":9.0,"key":"Ornamental Fan"},{"floor":10.0,"key":"FossilizedHelix"},{"floor":24.0,"key":"Singing Bowl"},{"floor":28.0,"key":"Torii"},{"floor":28.0,"key":"Pantograph"},{"floor":29.0,"key":"Red Mask"}],"event_choices":[{"damage_healed":0.0,"max_hp_gain":0.0,"max_hp_loss":0.0,"gold_gain":0.0,"event_name":"Golden Idol","player_choice":"Take Damage","floor":2.0,"gold_loss":0.0,"damage_taken":20.0,"relics_obtained":["Golden Idol"]},{"cards_removed":["Strike_R"],"damage_healed":0.0,"max_hp_gain":0.0,"max_hp_loss":0.0,"gold_gain":0.0,"event_name":"Golden Wing","player_choice":"Card Removal","floor":3.0,"gold_loss":0.0,"damage_taken":7.0},{"damage_healed":0.0,"max_hp_gain":0.0,"max_hp_loss":0.0,"gold_gain":99.0,"event_name":"Nest","player_choice":"Stole From Cult","floor":20.0,"gold_loss":0.0,"damage_taken":0.0},{"damage_healed":0.0,"max_hp_gain":0.0,"max_hp_loss":0.0,"gold_gain":0.0,"event_name":"Colosseum","player_choice":"Fight","floor":28.0,"gold_loss":0.0,"damage_taken":0.0},{"damage_healed":0.0,"max_hp_gain":0.0,"max_hp_loss":0.0,"gold_gain":0.0,"event_name":"Colosseum","player_choice":"Fought Nobs","floor":28.0,"gold_loss":0.0,"damage_taken":0.0},{"damage_healed":0.0,"max_hp_gain":0.0,"max_hp_loss":0.0,"gold_gain":0.0,"event_name":"Masked Bandits","player_choice":"Fought Bandits","floor":29.0,"gold_loss":0.0,"damage_taken":0.0},{"damage_healed":0.0,"max_hp_gain":0.0,"max_hp_loss":0.0,"gold_gain":0.0,"event_name":"The Library","player_choice":"Read","floor":30.0,"gold_loss":0.0,"damage_taken":0.0,"cards_obtained":["Spot Weakness"]}],"is_beta":false,"boss_relics":[{"not_picked":["SlaversCollar","Cursed Key"],"picked":"Coffee Dripper"}],"items_purged_floors":[22],"is_endless":false,"potions_floor_spawned":[1,8,10,12,13,16,19,23,24,29],"killed_by":"Collector","ascension_level":0}}