{"host":"lkyw40t68mxhwfjf","time":1609524189,"event":{"mods":["2.2 Compatiblity","Act Like it!","Arknights The Spire","BaseMod","Better Note","Hallownest","HololiveMod","Hubris","Koishi","Lobotomy","Marisa¡]Ãú«B¡@Å]²z¨F¡^","Minty Spire (QoL Compilation)","Prisma Mod","Reimu¡]³Õ???¡^","Remilia¡]Á¢¦Ì²ú?¡^","Replay The Spire","RumiaBox-ÅS¦Ì?ªº¯«¯µ²°¤l","StSLib","The Animator","The Servant 0.9.4","WarShipGirlsR/??¤Ö¤kR mod","Youmu¡]»î¾z§¯?¡^","Yuyuko"],"gold_per_floor":[116,116,116,116,128,160,160,179,179,195,195,210,241,201,201,201,201],"floor_reached":16,"playtime":415,"items_purged":[],"score":135,"play_id":"e150f833-14e8-4fd3-9d16-4b71d0a9e91b","local_time":"20210102020309","is_ascension_mode":false,"campfire_choices":[{"floor":7,"key":"RECALL"},{"data":"ats:Flexible Camouflage","floor":11,"key":"SMITH"},{"data":"ats:Explosion Area Strengthen","floor":15,"key":"SMITH"}],"circlet_count":0,"master_deck":["ats:Strike G","ats:Strike S","ats:Strike V+1","ats:Armor Crushing Shot+1","ats:Defend","ats:Defend","ats:Defend","ats:Defend","ats:Emotion Absorption+1","ats:Apocalypse","ats:Cat Scratch","ats:Explosion Area Strengthen+1","ats:Powerful Strike","ats:Flexible Camouflage+1","ats:Revitalization","ats:Healing Drone"],"relics":["ats:Sanity","NeowsBlessing","ats:Originium","ReplayTheSpireMod:Ninjato","Lantern","PaintedHorse:ReiMu"],"acts_visited":["Exordium"],"potions_floor_usage":[13,16],"damage_taken":[{"damage":0,"enemies":"Small Slimes","floor":1,"turns":2},{"damage":0,"enemies":"Cultist","floor":5,"turns":1},{"damage":0,"enemies":"3 Sentries","floor":6,"turns":2},{"damage":0,"enemies":"2 Louse","floor":8,"turns":3},{"damage":5,"enemies":"Large Slime","floor":10,"turns":5},{"damage":5,"enemies":"3 Louse","floor":12,"turns":3},{"damage":6,"enemies":"Gremlin Nob","floor":13,"turns":3},{"damage":83,"enemies":"Hexaghost","floor":16,"turns":11}],"seed_played":"6945523294433142550","potions_obtained":[{"floor":5,"key":"EssenceOfSteel"},{"floor":8,"key":"Dexterity Potion"},{"floor":10,"key":"AttackPotion"}],"is_trial":false,"path_per_floor":["M","?","?","?","M","E","R","M","T","M","R","M","E","?","R","B"],"character_chosen":"DOCTOR_CLASS","items_purchased":[],"campfire_rested":0,"item_purchase_floors":[],"current_hp_per_floor":[72,72,58,58,58,58,58,58,58,61,61,56,53,53,53,0,0],"gold":201,"neow_bonus":"THREE_ENEMY_KILL","is_daily":false,"chose_seed":false,"campfire_upgraded":2,"win_rate":0.0,"timestamp":1609524189,"path_taken":["M","?","?","?","M","E","R","M","T","?","R","M","E","?","R","BOSS"],"items_purchased_type":[],"build_version":"2020-12-22","purchased_purges":0,"victory":false,"max_hp_per_floor":[72,72,72,72,72,72,72,72,72,72,72,72,72,72,72,72,72],"card_choices":[{"not_picked":["ats:Poison Spread","ats:Leaping Hammer"],"picked":"ats:Apocalypse","floor":1},{"not_picked":["ats:Guardian Obelisk","ats:Curse Doll"],"picked":"ats:Cat Scratch","floor":5},{"not_picked":["ats:Cat Scratch","ats:Flexible Camouflage"],"picked":"ats:Explosion Area Strengthen","floor":6},{"not_picked":["ats:Nebulous Foxfire","ats:Poison Spread"],"picked":"ats:Powerful Strike","floor":8},{"not_picked":["ats:Powerful Strike","ats:Burning Ground"],"picked":"ats:Flexible Camouflage","floor":10},{"not_picked":["ats:Support Order","ats:Part Time Job"],"picked":"ats:Revitalization","floor":12},{"not_picked":["ats:Rat Pack","ats:Revitalization"],"picked":"ats:Healing Drone","floor":13}],"player_experience":402733,"relics_obtained":[{"floor":6,"key":"ats:Originium"},{"floor":6,"key":"ReplayTheSpireMod:Ninjato"},{"floor":13,"key":"ats:Originium"},{"floor":13,"key":"Lantern"}],"event_choices":[{"damage_healed":0,"gold_gain":0,"player_choice":"Grow","damage_taken":0,"max_hp_gain":0,"max_hp_loss":0,"event_name":"Living Wall","floor":2,"gold_loss":0,"cards_upgraded":["ats:Emotion Absorption"]},{"damage_healed":0,"gold_gain":0,"player_choice":"Entered Light","damage_taken":14,"max_hp_gain":0,"max_hp_loss":0,"event_name":"Shining Light","floor":3,"gold_loss":0,"cards_upgraded":["ats:Strike V","ats:Armor Crushing Shot"]},{"cards_removed":["ats:Strike C"],"damage_healed":0,"gold_gain":0,"player_choice":"Purged","damage_taken":0,"max_hp_gain":0,"max_hp_loss":0,"event_name":"Purifier","floor":4,"gold_loss":0},{"damage_healed":0,"gold_gain":0,"player_choice":"¶ë?","damage_taken":0,"relics_obtained":["PaintedHorse:ReiMu"],"max_hp_gain":0,"max_hp_loss":0,"event_name":"yidonshenshe","floor":14,"gold_loss":40}],"is_beta":false,"boss_relics":[],"items_purged_floors":[],"is_endless":false,"potions_floor_spawned":[5,8,10,12],"killed_by":"Hexaghost","ascension_level":0}}