{"host":"az4cayk8dou8lmeu","time":1609531197,"event":{"mods":["AchievementEnabler","BaseMod","Minty Spire (QoL Compilation)","Quick Restart","Slay-I"],"gold_per_floor":[110,70,70,81,81,114,189,189,189,189,189,201,55,67,67,169,219,232,249,249,261,277,277,287,287,287,67,67,67,82,94,94,94,94],"floor_reached":33,"playtime":1248,"items_purged":[],"score":247,"play_id":"6a803d48-ec6a-401a-abe0-04e06fcdcaab","local_time":"20210101145957","is_ascension_mode":false,"campfire_choices":[{"data":"Terror","floor":8,"key":"SMITH"},{"data":"Neutralize","floor":10,"key":"SMITH"},{"floor":15,"key":"REST"},{"floor":23,"key":"REST"},{"floor":25,"key":"REST"},{"floor":29,"key":"REST"},{"floor":32,"key":"REST"}],"circlet_count":0,"master_deck":["Strike_G","Strike_G","Strike_G","Strike_G+1","Strike_G","Defend_G+1","Defend_G+1","Defend_G+1","Defend_G","Defend_G","Survivor","Neutralize+1","Quick Slash","Dash+1","Terror+1","Cloak And Dagger+1","Reflex","Slice","Phantasmal Killer","Masterful Stab","Dagger Spray","Deadly Poison+1","Bouncing Flask","Deflect","Flying Knee","Caltrops","Masterful Stab","Caltrops+1"],"relics":["Ring of the Snake","NeowsBlessing","Ancient Tea Set","Happy Flower","Whetstone","Tiny House","Strawberry","WingedGreaves","Bronze Scales","War Paint"],"acts_visited":["Exordium","TheCity"],"potions_floor_usage":[16,33],"damage_taken":[{"damage":0,"enemies":"Small Slimes","floor":1,"turns":1},{"damage":0,"enemies":"2 Louse","floor":4,"turns":1},{"damage":1,"enemies":"3 Sentries","floor":6,"turns":2},{"damage":0,"enemies":"Jaw Worm","floor":12,"turns":2},{"damage":0,"enemies":"Exordium Wildlife","floor":14,"turns":2},{"damage":7,"enemies":"The Guardian","floor":16,"turns":10},{"damage":0,"enemies":"Spheric Guardian","floor":18,"turns":3},{"damage":12,"enemies":"3 Byrds","floor":19,"turns":5},{"damage":36,"enemies":"Centurion and Healer","floor":21,"turns":9},{"damage":9,"enemies":"Snecko","floor":22,"turns":4},{"damage":26,"enemies":"Snake Plant","floor":24,"turns":5},{"damage":12,"enemies":"Chosen and Byrds","floor":30,"turns":3},{"damage":20,"enemies":"Snecko","floor":31,"turns":5},{"damage":74,"enemies":"Automaton","floor":33,"turns":6}],"seed_played":"-3778431414807733269","potions_obtained":[{"floor":1,"key":"Fire Potion"},{"floor":14,"key":"DuplicationPotion"},{"floor":16,"key":"Dexterity Potion"},{"floor":17,"key":"BlessingOfTheForge"},{"floor":21,"key":"Ancient Potion"},{"floor":24,"key":"Regen Potion"}],"is_trial":false,"path_per_floor":["M","$","?","M","$","E","?","R","T","R","?","M","$","M","R","B",null,"M","M","?","M","M","R","M","R","T","$","T","R","M","M","R","B"],"character_chosen":"THE_SILENT","items_purchased":["Dash","Whetstone","Bronze Scales","Caltrops"],"campfire_rested":5,"item_purchase_floors":[2,13,27,27],"current_hp_per_floor":[70,70,70,70,70,69,58,58,58,58,44,44,44,44,65,58,75,75,63,70,34,25,49,23,47,47,47,47,71,59,39,63,0,0],"gold":94,"neow_bonus":"THREE_ENEMY_KILL","is_daily":false,"chose_seed":false,"campfire_upgraded":2,"win_rate":0.0,"timestamp":1609531197,"path_taken":["M","$","?","M","$","E","?","R","T","R","?","M","?","M","R","BOSS","M","M","?","?","M","R","M","R","T","$","?","R","M","M","R","BOSS"],"items_purchased_type":["Card","Relic","Relic","Card"],"build_version":"2020-12-22","purchased_purges":0,"victory":false,"max_hp_per_floor":[70,70,70,70,70,70,70,70,70,70,70,70,70,70,70,70,75,75,75,82,82,82,82,82,82,82,82,82,82,82,82,82,82,82],"card_choices":[{"not_picked":["Calculated Gamble","Blur"],"picked":"Quick Slash","floor":1},{"not_picked":["Calculated Gamble","All Out Attack"],"picked":"Terror","floor":4},{"not_picked":["Heel Hook","Concentrate"],"picked":"Cloak And Dagger","floor":6},{"not_picked":["Bane","Dodge and Roll"],"picked":"Reflex","floor":12},{"not_picked":["All Out Attack","Quick Slash"],"picked":"Slice","floor":14},{"not_picked":["Adrenaline","Night Terror"],"picked":"Phantasmal Killer","floor":16},{"not_picked":["Leg Sweep","Poisoned Stab"],"picked":"Masterful Stab","floor":17},{"not_picked":["Quick Slash","Skewer"],"picked":"Dagger Spray","floor":18},{"not_picked":["Tactician","Setup"],"picked":"Deadly Poison","floor":19},{"not_picked":["Flying Knee","Sucker Punch"],"picked":"Bouncing Flask","floor":21},{"not_picked":["Venomology","PiercingWail+1"],"picked":"Deflect","floor":22},{"not_picked":["Setup+1","Well Laid Plans"],"picked":"Flying Knee","floor":24},{"not_picked":["Escape Plan+1","Concentrate"],"picked":"Masterful Stab","floor":30},{"not_picked":["Sucker Punch","PiercingWail"],"picked":"Caltrops+1","floor":31}],"player_experience":120633,"relics_obtained":[{"floor":6,"key":"Ancient Tea Set"},{"floor":9,"key":"Happy Flower"},{"floor":26,"key":"WingedGreaves"},{"floor":28,"key":"War Paint"}],"event_choices":[{"damage_healed":0,"gold_gain":0,"player_choice":"Leave","damage_taken":0,"max_hp_gain":0,"max_hp_loss":0,"event_name":"The Cleric","floor":3,"gold_loss":0},{"damage_healed":0,"gold_gain":75,"player_choice":"Gather Gold","damage_taken":11,"max_hp_gain":0,"max_hp_loss":0,"event_name":"World of Goop","floor":7,"gold_loss":0},{"damage_healed":0,"gold_gain":0,"player_choice":"Entered Light","damage_taken":14,"max_hp_gain":0,"max_hp_loss":0,"event_name":"Shining Light","floor":11,"gold_loss":0,"cards_upgraded":["Defend_G","Defend_G"]},{"damage_healed":0,"gold_gain":0,"player_choice":"Gave Potion","damage_taken":0,"relics_obtained":["Strawberry"],"max_hp_gain":0,"max_hp_loss":0,"event_name":"WeMeetAgain","floor":20,"gold_loss":0}],"is_beta":false,"boss_relics":[{"not_picked":["Sozu","Astrolabe"],"picked":"Tiny House"}],"items_purged_floors":[],"is_endless":false,"potions_floor_spawned":[1,14,16,18,21,24,31],"killed_by":"Automaton","ascension_level":0}}