{"host":"tmf10eeko6je6wes","time":1609466158,"event":{"mods":["AchievementEnabler","BaseMod","Better Altar","Better Match","Better Note","Better Sensory Stone","Better Skull","Better Third Choice","Colored Map","Colored Powertips","Curses Come First","DeckTracker","Highlight Path","Minty Spire (QoL Compilation)","Permanent Neow","Quick Restart","Relic Sorter","Relic Stats","Shop Mod","StSLib","SuperFastMode","Synergy Search"],"gold_per_floor":[117,117,25,37,48,48,58,58,137,137,149,163,163,163,163,264,314,325,339,359,369,17,17,17,17,92,112,112,112,128,157,157,253,253,272,291,291,291],"floor_reached":37,"playtime":1554,"items_purged":[],"score":433,"play_id":"54918653-7b28-4301-b5d6-72c75de7a027","local_time":"20201231205558","is_ascension_mode":false,"campfire_choices":[{"floor":6,"key":"REST"},{"floor":8,"key":"REST"},{"data":"Wireheading","floor":10,"key":"SMITH"},{"data":"SignatureMove","floor":15,"key":"SMITH"},{"floor":23,"key":"REST"},{"floor":25,"key":"REST"},{"floor":32,"key":"REST"}],"circlet_count":0,"master_deck":["Strike_P","Strike_P","Strike_P","Strike_P","Defend_P","Defend_P","Defend_P","Defend_P","Eruption","Vigilance","EmptyFist","Prostrate","Wireheading+1","WheelKick","ThirdEye+1","Prostrate","DevaForm+1","SignatureMove+1","Judgement","PathToVictory","ReachHeaven","BowlingBash","CutThroughFate","Halt+1","EmptyBody","CarveReality","FlurryOfBlows+1","Writhe","Chrysalis","Bandage Up","DeceiveReality+1","SashWhip","MasterReality","CurseOfTheBell","Study+1","WreathOfFlame+1"],"relics":["PureWater","Lizard Tail","Ornamental Fan","Tiny House","Bottled Tornado","Question Card","Nunchaku","Ice Cream","Calling Bell","CeramicFish","Eternal Feather","Peace Pipe"],"acts_visited":["Exordium","TheCity","TheBeyond"],"potions_floor_usage":[16,27,30,31,31,35],"damage_taken":[{"damage":0,"enemies":"Small Slimes","floor":1,"turns":2},{"damage":3,"enemies":"Cultist","floor":4,"turns":5},{"damage":0,"enemies":"2 Louse","floor":5,"turns":1},{"damage":20,"enemies":"2 Fungi Beasts","floor":7,"turns":4},{"damage":0,"enemies":"Large Slime","floor":11,"turns":4},{"damage":5,"enemies":"Exordium Thugs","floor":12,"turns":7},{"damage":51,"enemies":"Slime Boss","floor":16,"turns":10},{"damage":1,"enemies":"Chosen","floor":18,"turns":3},{"damage":17,"enemies":"Spheric Guardian","floor":19,"turns":4},{"damage":0,"enemies":"Snecko","floor":20,"turns":3},{"damage":36,"enemies":"Shelled Parasite and Fungi","floor":21,"turns":5},{"damage":27,"enemies":"Snake Plant","floor":27,"turns":3},{"damage":11,"enemies":"Snecko","floor":30,"turns":6},{"damage":40,"enemies":"Book of Stabbing","floor":31,"turns":5},{"damage":37,"enemies":"Champ","floor":33,"turns":12},{"damage":21,"enemies":"Orb Walker","floor":35,"turns":4},{"damage":48,"enemies":"3 Darklings","floor":36,"turns":10},{"damage":20,"enemies":"4 Shapes","floor":37,"turns":1}],"seed_played":"803624004772054749","potions_obtained":[{"floor":4,"key":"PowerPotion"},{"floor":11,"key":"Explosive Potion"},{"floor":16,"key":"CultistPotion"},{"floor":17,"key":"CultistPotion"},{"floor":20,"key":"Ambrosia"},{"floor":21,"key":"Swift Potion"},{"floor":27,"key":"SkillPotion"},{"floor":33,"key":"Block Potion"},{"floor":35,"key":"CultistPotion"}],"is_trial":false,"path_per_floor":["M","?","$","M","M","R","M","R","T","R","M","M","?","?","R","B",null,"M","M","M","M","$","R","?","R","T","M","?","?","M","E","R","B",null,"M","M","M"],"character_chosen":"WATCHER","items_purchased":["Prostrate","Wireheading","Bottled Tornado","EmptyBody","CarveReality"],"campfire_rested":5,"item_purchase_floors":[3,3,22,22,22],"current_hp_per_floor":[51,51,51,48,48,69,49,70,70,70,70,65,65,65,65,14,77,76,59,59,23,23,46,46,69,69,42,42,42,35,38,61,28,77,60,16,0,0],"gold":291,"neow_bonus":"ONE_RARE_RELIC","is_daily":false,"chose_seed":false,"campfire_upgraded":2,"win_rate":0.0,"timestamp":1609466158,"path_taken":["M","?","$","M","M","R","M","R","T","R","?","M","?","?","R","BOSS","M","M","M","M","$","R","?","R","T","M","?","?","M","E","R","BOSS","M","M","M"],"items_purchased_type":["Card","Card","Relic","Card","Card"],"build_version":"2020-12-22","purchased_purges":0,"victory":false,"max_hp_per_floor":[72,72,72,72,72,72,72,72,72,72,72,72,72,72,72,72,77,77,77,77,77,77,77,77,77,77,77,77,77,77,77,77,77,77,77,77,77,77],"relic_stats":{"Peace Pipe":0,"Lizard Tail":38,"Nunchaku":[8],"counters":[18,89],"Ornamental Fan":[92],"CeramicFish":18,"Eternal Feather":0,"Question Card":9,"obtain_stats":[{"Ice Cream":31,"Calling Bell":34,"Peace Pipe":34,"Lizard Tail":0,"Nunchaku":28,"Tiny House":17,"Ornamental Fan":9,"CeramicFish":34,"Eternal Feather":34,"PureWater":0,"Bottled Tornado":22,"Question Card":26},{"Ice Cream":14,"Calling Bell":15,"Peace Pipe":15,"Lizard Tail":0,"Nunchaku":12,"Tiny House":7,"Ornamental Fan":4,"CeramicFish":15,"Eternal Feather":15,"PureWater":0,"Bottled Tornado":11,"Question Card":11},{"Ice Cream":62,"Calling Bell":74,"Peace Pipe":74,"Lizard Tail":0,"Nunchaku":51,"Tiny House":33,"Ornamental Fan":12,"CeramicFish":74,"Eternal Feather":74,"PureWater":0,"Bottled Tornado":48,"Question Card":48}]},"card_choices":[{"not_picked":["BowlingBash","CrushJoints"],"picked":"EmptyFist","floor":1},{"not_picked":["Evaluate","FollowUp"],"picked":"WheelKick","floor":4},{"not_picked":["JustLucky","Tantrum"],"picked":"ThirdEye","floor":5},{"not_picked":["SignatureMove","JustLucky"],"picked":"Prostrate","floor":7},{"not_picked":["SignatureMove","Prostrate"],"picked":"DevaForm","floor":11},{"not_picked":["Indignation","WaveOfTheHand"],"picked":"SignatureMove","floor":12},{"not_picked":["ConjureBlade","LessonLearned"],"picked":"Judgement","floor":16},{"not_picked":["BattleHymn","FollowUp"],"picked":"PathToVictory","floor":17},{"not_picked":["Halt","JustLucky"],"picked":"ReachHeaven","floor":18},{"not_picked":["FollowUp","Scrawl"],"picked":"BowlingBash","floor":19},{"not_picked":["FollowUp","Indignation"],"picked":"CutThroughFate","floor":20},{"not_picked":["EmptyFist","Indignation"],"picked":"Halt+1","floor":21},{"not_picked":["Wallop","FlyingSleeves","Perseverance"],"picked":"FlurryOfBlows+1","floor":27},{"not_picked":["Madness","Mind Blast","Impatience"],"picked":"Chrysalis","floor":29},{"not_picked":["Dramatic Entrance","Sadistic Nature","Jack Of All Trades"],"picked":"Bandage Up","floor":29},{"not_picked":["EmptyFist","FlyingSleeves","Wallop"],"picked":"DeceiveReality+1","floor":30},{"not_picked":["Swivel","FlyingSleeves","EmptyFist"],"picked":"SashWhip","floor":31},{"not_picked":["Brilliance","DevaForm","LessonLearned"],"picked":"MasterReality","floor":33},{"not_picked":["FlurryOfBlows","EmptyFist","Consecrate+1"],"picked":"Study+1","floor":35},{"not_picked":["ClearTheMind","Consecrate","Perseverance+1"],"picked":"WreathOfFlame+1","floor":36}],"player_experience":39989,"relics_obtained":[{"floor":9,"key":"Ornamental Fan"},{"floor":26,"key":"Question Card"},{"floor":31,"key":"Ice Cream"},{"floor":34,"key":"CeramicFish"},{"floor":34,"key":"Eternal Feather"},{"floor":34,"key":"Peace Pipe"}],"event_choices":[{"damage_healed":0,"gold_gain":0,"player_choice":"Bought 0 Potions","damage_taken":0,"max_hp_gain":0,"max_hp_loss":0,"event_name":"The Woman in Blue","floor":2,"gold_loss":0},{"damage_healed":0,"gold_gain":0,"player_choice":"Leave","damage_taken":0,"max_hp_gain":0,"max_hp_loss":0,"event_name":"The Cleric","floor":13,"gold_loss":0},{"damage_healed":0,"gold_gain":0,"player_choice":"Grow","damage_taken":0,"max_hp_gain":0,"max_hp_loss":0,"event_name":"Living Wall","floor":14,"gold_loss":0,"cards_upgraded":["DevaForm"]},{"damage_healed":0,"gold_gain":0,"player_choice":"Ignored","damage_taken":0,"max_hp_gain":0,"max_hp_loss":0,"event_name":"betterNote:BetterNote","floor":24,"gold_loss":0,"cards_obtained":["Defend_P"]},{"damage_healed":0,"gold_gain":0,"player_choice":"Opened","damage_taken":0,"relics_obtained":["Nunchaku"],"max_hp_gain":0,"max_hp_loss":0,"event_name":"The Mausoleum","floor":28,"gold_loss":0,"cards_obtained":["Writhe"]},{"damage_healed":0,"gold_gain":2,"player_choice":"1","damage_taken":0,"max_hp_gain":0,"max_hp_loss":0,"event_name":"betterStone:BetterStone","floor":29,"gold_loss":0}],"is_beta":false,"boss_relics":[{"not_picked":["VioletLotus","Busted Crown"],"picked":"Tiny House"},{"not_picked":["Snecko Eye","Fusion Hammer"],"picked":"Calling Bell"}],"items_purged_floors":[],"is_endless":false,"potions_floor_spawned":[4,11,16,20,21,27,33,35],"killed_by":"4 Shapes","ascension_level":0}}