{"host":"uikxj58mzlixykyi","time":1609513655,"event":{"mods":["AchievementEnabler","BaseMod","BetterRewards","Colored Map","Colored Powertips","Downfall","Highlight Path","Minty Spire (QoL Compilation)","Rare Cards Sparkle","Replay The Spire","Shop Mod","StSLib"],"gold_per_floor":[114,129,144,159,174,174,349,364,364,364,60,60,90,165,165,265,265,280,295,45,45,145,145,160,160,160,175,205,220,235,250,250,350,350,265,265,280,330,330,360,360,375,375,100,115,130,145,160,160,160],"floor_reached":51,"playtime":2097,"items_purged":["Doubt","sneckomod:Bewildered","Guardian:Aged"],"score":1030,"play_id":"7032b21a-598a-469b-ac74-1d05b7963136","local_time":"20210101170735","daily_mods":["SealedDeck","downfall:Jewelcrafting","Lethality"],"is_ascension_mode":false,"campfire_choices":[{"data":"Tools of the Trade","floor":15.0,"key":"SMITH"},{"data":"Replay:Bag of Tricks","floor":23.0,"key":"SMITH"},{"data":"Finisher","floor":25.0,"key":"SMITH"},{"data":"Prepared","floor":32.0,"key":"SMITH"},{"data":"1","floor":41,"key":"LIFT"},{"data":"2","floor":49,"key":"LIFT"}],"circlet_count":0,"master_deck":["Guardian:ExploitGems","Guardian:ExploitGems","Dagger Throw","Dagger Throw+1","Prepared+1","Tactician","Reflex+1","Reflex","Noxious Fumes","Blade Dance","Blade Dance+1","Accuracy","Acrobatics","Dagger Throw","Cloak And Dagger+1","ReplayTheSpireMod:The Works","Blade Dance","Tools of the Trade+1","Finisher+1","Replay:Bag of Tricks+1","ReplayTheSpireMod:Scrap Shanks","Adrenaline","Injury","Finisher+1"],"relics":["Ring of the Snake","Guardian:PickAxe","Art of War","War Paint","Incense Burner","ReplayTheSpireMod:CursedCoin","Replay:Bronze Core","Chemical X","MutagenicStrength","Meat on the Bone","Replay:Baseball","Replay:Ancient Bell","Bag of Marbles","Replay:Bottled Flurry","Girya","Basket Of Snakes","Vajra","Thread and Needle","Lee\u0027s Waffle"],"acts_visited":["Exordium","TheCity","TheBeyond"],"potions_floor_usage":[],"damage_taken":[{"damage":0.0,"enemies":"Cultist","floor":1.0,"turns":1.0},{"damage":0.0,"enemies":"Small Slimes","floor":2.0,"turns":1.0},{"damage":0.0,"enemies":"2 Louse","floor":3.0,"turns":1.0},{"damage":0.0,"enemies":"Blue Slaver","floor":4.0,"turns":1.0},{"damage":0.0,"enemies":"Exordium Wildlife","floor":5.0,"turns":1.0},{"damage":6.0,"enemies":"3 Louse","floor":8.0,"turns":2.0},{"damage":0.0,"enemies":"Lagavulin","floor":13.0,"turns":2.0},{"damage":0.0,"enemies":"Fading Forest","floor":16.0,"turns":7.0},{"damage":10.0,"enemies":"Chosen","floor":18.0,"turns":2.0},{"damage":0.0,"enemies":"3 Byrds","floor":19.0,"turns":2.0},{"damage":0.0,"enemies":"Centurion and Healer","floor":24.0,"turns":1.0},{"damage":0.0,"enemies":"3 Cultists","floor":27.0,"turns":2.0},{"damage":0.0,"enemies":"Gremlin Leader","floor":28.0,"turns":1.0},{"damage":0.0,"enemies":"Snake Plant","floor":29.0,"turns":1.0},{"damage":0.0,"enemies":"Centurion and Healer","floor":30.0,"turns":1.0},{"damage":0.0,"enemies":"Cultist and Chosen","floor":31.0,"turns":2.0},{"damage":0.0,"enemies":"Collector","floor":33.0,"turns":1.0},{"damage":0.0,"enemies":"3 Darklings","floor":35.0,"turns":1.0},{"damage":1,"enemies":"3 Shapes","floor":37,"turns":2},{"damage":0,"enemies":"Mind Bloom Boss Battle","floor":38,"turns":1},{"damage":0,"enemies":"Reptomancer","floor":40,"turns":1},{"damage":0,"enemies":"Spire Growth","floor":42,"turns":1},{"damage":0,"enemies":"Maw","floor":45,"turns":1},{"damage":0,"enemies":"Jaw Worm Horde","floor":46,"turns":1},{"damage":0,"enemies":"Transient","floor":47,"turns":2},{"damage":0,"enemies":"Maw","floor":48,"turns":1},{"damage":0,"enemies":"Awakened One","floor":50,"turns":2}],"seed_played":"-2495295926900846280","potions_obtained":[{"floor":1.0,"key":"CunningPotion"},{"floor":4.0,"key":"PowerPotion"},{"floor":8.0,"key":"CunningPotion"},{"floor":18.0,"key":"AttackPotion"},{"floor":27.0,"key":"SpeedPotion"},{"floor":33.0,"key":"Elixir"},{"floor":35.0,"key":"SteroidPotion"},{"floor":40,"key":"SteroidPotion"}],"is_trial":false,"path_per_floor":["M","M","M","M","M","R","?","M","T","?","$","R","E","$","R","B",null,"M","M","$","?","?","R","M","R","T","M","E","M","M","M","R","B",null,"M","?","M","?","?","E","R","M","T","$","M","M","M","M","R","B",null],"character_chosen":"THE_SILENT","items_purchased":["Tools of the Trade","Finisher","War Paint","ReplayTheSpireMod:CursedCoin","Chemical X","Lee\u0027s Waffle"],"campfire_rested":0,"item_purchase_floors":[11,11,11,14,20,44],"current_hp_per_floor":[70,70,70,70,70,70,70,64,64,50,50,50,50,50,50,60,70,60,60,60,60,60,60,60,60,60,60,60,60,60,60,60,60,70,70,70,69,69,69,69,69,69,69,77,77,77,77,77,77,77],"gold":160,"neow_bonus":"","is_daily":true,"chose_seed":false,"campfire_upgraded":4,"win_rate":0.0,"timestamp":1609513655,"path_taken":["M","M","M","M","?","R","?","M","T","?","?","R","E","$","R","BOSS","M","M","$","?","?","R","M","R","T","?","E","M","M","M","R","BOSS","M","?","M","?","?","E","R","M","T","$","M","M","M","M","R","BOSS"],"items_purchased_type":["Card","Card","Relic","Relic","Relic","Relic"],"build_version":"2020-12-22","purchased_purges":3,"victory":true,"max_hp_per_floor":[70,70,70,70,70,70,70,70,70,70,70,70,70,70,70,70,70,70,70,70,70,70,70,70,70,70,70,70,70,70,70,70,70,70,70,70,70,70,70,70,70,70,70,77,77,77,77,77,77,77],"card_choices":[{"not_picked":["Leg Sweep","Deflect"],"picked":"Acrobatics","floor":1.0},{"not_picked":["Fluid Movement","Bullet Time"],"picked":"Dagger Throw","floor":2.0},{"not_picked":["Dagger Spray","Expertise","Deadly Poison"],"picked":"SKIP","floor":3.0},{"not_picked":["Slice","Crippling Poison"],"picked":"Cloak And Dagger","floor":4.0},{"not_picked":["Sucker Punch","Dodge and Roll"],"picked":"ReplayTheSpireMod:The Works","floor":5.0},{"not_picked":["Bouncing Flask","Backflip"],"picked":"Blade Dance","floor":8.0},{"not_picked":["Heel Hook","Malaise","Reflex"],"picked":"SKIP","floor":13.0},{"not_picked":["Storm of Steel","Doppelganger"],"picked":"Replay:Bag of Tricks","floor":16.0},{"not_picked":["Dodge and Roll","Heel Hook"],"picked":"ReplayTheSpireMod:Scrap Shanks","floor":18.0},{"not_picked":["Leg Sweep","Deadly Poison","Poisoned Stab"],"picked":"SKIP","floor":19.0},{"not_picked":["Hidden Blade","Expertise","Quick Slash"],"picked":"SKIP","floor":24.0},{"not_picked":["Sucker Punch+1","Backflip","Dodge and Roll"],"picked":"SKIP","floor":27.0},{"not_picked":["Dash","Reflex"],"picked":"ReplayTheSpireMod:Shiv Toss","floor":28.0},{"not_picked":["ReplayTheSpireMod:Exploit Weakness+1","Concentrate","Envenom"],"picked":"SKIP","floor":29.0},{"not_picked":["Bane+1","Catalyst","Hidden Blade"],"picked":"SKIP","floor":30.0},{"not_picked":["Slice","Quick Slash","Outmaneuver+1"],"picked":"SKIP","floor":31.0},{"not_picked":["Night Terror","Venomology"],"picked":"Adrenaline","floor":33.0},{"not_picked":["Voices","ReplayTheSpireMod:Doomed"],"picked":"Guardian:Aged","floor":34.0},{"not_picked":["Parasite","ReplayTheSpireMod:Faulty Equipment"],"picked":"Injury","floor":34.0},{"not_picked":["Replay:Hysterical Blindness","Regret"],"picked":"ReplayTheSpireMod:IOU","floor":34.0},{"not_picked":["Noxious Fumes+1","Sucker Punch","Endless Agony+1"],"picked":"SKIP","floor":35.0},{"not_picked":["Choke+1","A Thousand Cuts","Hidden Blade"],"picked":"SKIP","floor":37},{"not_picked":["Hidden Blade","Dagger Spray","ReplayTheSpireMod:Shiv Toss+1"],"picked":"SKIP","floor":40},{"not_picked":["Dodge and Roll","Caltrops+1","Backflip+1"],"picked":"SKIP","floor":42},{"not_picked":["Slice+1","Hidden Blade+1"],"picked":"Finisher+1","floor":45},{"not_picked":["Leg Sweep+1","Poisoned Stab","Backstab+1"],"picked":"SKIP","floor":46},{"not_picked":["Hidden Blade+1","Blade Dance","Bouncing Flask+1"],"picked":"SKIP","floor":47},{"not_picked":["Eviscerate","Slice+1","ReplayTheSpireMod:Scrap Shanks+1"],"picked":"SKIP","floor":48}],"player_experience":85278,"relics_obtained":[{"floor":9.0,"key":"Art of War"},{"floor":13.0,"key":"Incense Burner"},{"floor":26.0,"key":"Meat on the Bone"},{"floor":28.0,"key":"Replay:Baseball"},{"floor":38,"key":"Basket Of Snakes"},{"floor":40,"key":"Vajra"},{"floor":43,"key":"Thread and Needle"}],"event_choices":[{"damage_healed":0.0,"max_hp_gain":0.0,"max_hp_loss":0.0,"gold_gain":175.0,"event_name":"Liars Game","player_choice":"AGREE","floor":7.0,"gold_loss":0.0,"damage_taken":0.0,"cards_obtained":["Doubt"]},{"damage_healed":0.0,"max_hp_gain":0.0,"max_hp_loss":0.0,"gold_gain":0.0,"event_name":"Shining Light","player_choice":"Entered Light","floor":10.0,"gold_loss":0.0,"damage_taken":14.0,"cards_upgraded":["Reflex","Dagger Throw"]},{"damage_healed":0.0,"max_hp_gain":0.0,"max_hp_loss":0.0,"gold_gain":0.0,"event_name":"Drug Dealer","player_choice":"Inject Mutagens","floor":21.0,"gold_loss":0.0,"damage_taken":0.0,"relics_obtained":["MutagenicStrength"]},{"damage_healed":0.0,"max_hp_gain":0.0,"max_hp_loss":0.0,"gold_gain":100.0,"event_name":"Golden Shrine","player_choice":"Pray","floor":22.0,"gold_loss":0.0,"damage_taken":0.0},{"damage_healed":0,"gold_gain":0,"player_choice":"Fight","damage_taken":0,"max_hp_gain":0,"max_hp_loss":0,"event_name":"MindBloom","floor":38,"gold_loss":0},{"cards_removed":["ReplayTheSpireMod:Shiv Toss"],"damage_healed":0,"gold_gain":0,"player_choice":"Removed Skill","damage_taken":0,"max_hp_gain":0,"max_hp_loss":0,"event_name":"Falling","floor":39,"gold_loss":0}],"is_beta":false,"boss_relics":[{"not_picked":["Replay:Grab Bag","Black Star"],"picked":"Replay:Bronze Core"},{"not_picked":["SacredBark","Snecko Scales"],"picked":"Replay:Ancient Bell"},{"not_picked":["MealTicket","Toy Ornithopter"],"picked":"Bag of Marbles"},{"not_picked":["Divine Protection","Mercury Hourglass"],"picked":"Replay:Bottled Flurry"},{"not_picked":["CaptainsWheel","Mango"],"picked":"Girya"}],"items_purged_floors":[14,20,44],"is_endless":false,"potions_floor_spawned":[1,4,8,18,27,31,33,35,40,46,48],"ascension_level":0}}