{"host":"1jimgl3xh17fr2bv","time":1609469007,"event":{"mods":["BaseMod","Downfall","Hermit","Minty Spire (QoL Compilation)","StSLib"],"gold_per_floor":[110,110,129,129,147,147,2,17,41,41,100,100,200,219,219,219,219],"floor_reached":16,"playtime":749,"items_purged":[],"score":90,"play_id":"245160c8-33b0-4723-996e-9116c04ab1c2","local_time":"20201231214327","is_ascension_mode":false,"campfire_choices":[{"data":"hermit:SprayPray","floor":6,"key":"SMITH"},{"floor":10,"key":"REST"},{"floor":12,"key":"REST"},{"floor":15,"key":"REST"}],"circlet_count":0,"master_deck":["hermit:Strike_Hermit","hermit:Strike_Hermit","hermit:Strike_Hermit","hermit:Strike_Hermit","hermit:Defend_Hermit","hermit:Defend_Hermit","hermit:Defend_Hermit","hermit:Defend_Hermit","hermit:Snapshot","hermit:Covet","hermit:Cheat","hermit:Combo","hermit:Headshot","hermit:SprayPray+1","hermit:CalledShot","hermit:FlashPowder","hermit:Glare"],"relics":["hermit:Momento","Golden Idol","Orrery","Lantern"],"acts_visited":["Exordium"],"potions_floor_usage":[16,16],"damage_taken":[{"damage":0,"enemies":"2 Louse","floor":1,"turns":3},{"damage":0,"enemies":"Small Slimes","floor":3,"turns":1},{"damage":16,"enemies":"Jaw Worm","floor":5,"turns":4},{"damage":34,"enemies":"Gremlin Gang","floor":8,"turns":6},{"damage":10,"enemies":"Exordium Wildlife","floor":14,"turns":4},{"damage":71,"enemies":"The Guardian","floor":16,"turns":12}],"seed_played":"-6001143866487469425","potions_obtained":[{"floor":1,"key":"Weak Potion"},{"floor":14,"key":"BlessingOfTheForge"}],"is_trial":false,"path_per_floor":["M","$","M","?","M","R","$","M","T","R","?","R","?","M","R","B"],"character_chosen":"HERMIT","items_purchased":["Orrery"],"campfire_rested":3,"item_purchase_floors":[7],"current_hp_per_floor":[75,75,75,57,41,41,41,7,7,29,29,51,51,41,63,0,0],"gold":219,"neow_bonus":"THREE_CARDS","is_daily":false,"chose_seed":false,"campfire_upgraded":1,"win_rate":0.0,"timestamp":1609469007,"path_taken":["M","$","M","?","M","R","$","M","T","R","?","R","?","M","R","BOSS"],"items_purchased_type":["Relic"],"build_version":"2020-12-22","purchased_purges":0,"victory":false,"max_hp_per_floor":[75,75,75,75,75,75,75,75,75,75,75,75,75,75,75,75,75],"card_choices":[{"not_picked":["hermit:Scavenge","hermit:WideOpen"],"picked":"hermit:Cheat","floor":0},{"not_picked":["hermit:EyeOfTheStorm","hermit:Headshot"],"picked":"hermit:Combo","floor":1},{"not_picked":["hermit:Brawl","hermit:Roulette"],"picked":"hermit:Headshot","floor":3},{"not_picked":["hermit:TakeAim","hermit:HoleUp"],"picked":"hermit:SprayPray","floor":5},{"not_picked":["hermit:Shortfuse","hermit:Misfire"],"picked":"hermit:CalledShot","floor":7},{"not_picked":["hermit:Roulette","hermit:Maintenance"],"picked":"hermit:FlashPowder","floor":7},{"not_picked":["hermit:PistolWhip","hermit:Ricochet"],"picked":"hermit:Glare","floor":8},{"not_picked":["hermit:BodyArmor","hermit:Headshot","hermit:CalledShot"],"picked":"SKIP","floor":14}],"player_experience":369516,"relics_obtained":[{"floor":9,"key":"Lantern"}],"event_choices":[{"damage_healed":0,"gold_gain":0,"player_choice":"Take Damage","damage_taken":18,"relics_obtained":["Golden Idol"],"max_hp_gain":0,"max_hp_loss":0,"event_name":"Golden Idol","floor":4,"gold_loss":0},{"damage_healed":0,"gold_gain":59,"player_choice":"Gained Gold","damage_taken":0,"max_hp_gain":0,"max_hp_loss":0,"event_name":"Golden Wing","floor":11,"gold_loss":0},{"damage_healed":0,"gold_gain":100,"player_choice":"Pray","damage_taken":0,"max_hp_gain":0,"max_hp_loss":0,"event_name":"Golden Shrine","floor":13,"gold_loss":0}],"is_beta":false,"boss_relics":[],"items_purged_floors":[],"is_endless":false,"potions_floor_spawned":[1,14],"killed_by":"The Guardian","ascension_level":0}}