{"host":"bf1tnxyvjw6wp3cl","time":1609538985,"event":{"mods":["AchievementEnabler","BaseMod","Block Reminder","Colored Powertips","Minty Spire (QoL Compilation)","Quick Restart","Relic Stats","StSLib","SuperFastMode"],"gold_per_floor":[117,117,131,54,69,69,80,115,115,127,127,127,138,150,150,246,246,262,262,276,289,306,332,332,332,357,295,295,314,314,327,327,431,431,448,465,515,535,452,452,467,467,467,27,27,45,45,57,57,57],"floor_reached":51,"playtime":1464,"items_purged":[],"score":723,"play_id":"1e6e876d-83a8-4bb1-9fcb-856cc82e8e3c","local_time":"20210101170945","is_ascension_mode":false,"campfire_choices":[{"data":"Storm","floor":6,"key":"SMITH"},{"floor":12,"key":"REST"},{"floor":15,"key":"REST"},{"floor":24,"key":"REST"},{"data":"Defragment","floor":30,"key":"SMITH"},{"data":"Defragment","floor":32,"key":"SMITH"},{"data":"Chill","floor":40,"key":"SMITH"},{"data":"Biased Cognition","floor":45,"key":"SMITH"},{"data":"Machine Learning","floor":49,"key":"SMITH"}],"circlet_count":0,"master_deck":["Strike_B","Strike_B","Strike_B","Strike_B","Defend_B","Defend_B","Defend_B","Defend_B","Zap+1","Dualcast","Heatsinks+1","Storm+1","Static Discharge","Leap","Blizzard","Steam","Defragment+1","Steam","Machine Learning+1","Darkness","Self Repair+1","Turbo","Self Repair","Defragment+1","Conserve Battery","Biased Cognition+1","Self Repair+1","Self Repair","Turbo","Static Discharge","Coolheaded","Chill+1","Conserve Battery+1","Biased Cognition+1","Leap+1","Parasite","Gash+1"],"relics":["Cracked Core","Thread and Needle","MealTicket","Vajra","Runic Pyramid","Eternal Feather","MawBank","MutagenicStrength","Sozu","Mango","Ornamental Fan","Orichalcum","Toolbox"],"acts_visited":["Exordium","TheCity","TheBeyond"],"potions_floor_usage":[10,22,22],"damage_taken":[{"damage":0,"enemies":"2 Louse","floor":1,"turns":2},{"damage":2,"enemies":"Jaw Worm","floor":3,"turns":2},{"damage":2,"enemies":"Cultist","floor":5,"turns":3},{"damage":16,"enemies":"Exordium Wildlife","floor":7,"turns":3},{"damage":15,"enemies":"Gremlin Nob","floor":8,"turns":4},{"damage":3,"enemies":"Large Slime","floor":10,"turns":3},{"damage":3,"enemies":"Red Slaver","floor":13,"turns":3},{"damage":12,"enemies":"Lots of Slimes","floor":14,"turns":3},{"damage":30,"enemies":"Slime Boss","floor":16,"turns":7},{"damage":4,"enemies":"Shell Parasite","floor":18,"turns":6},{"damage":8,"enemies":"Spheric Guardian","floor":20,"turns":4},{"damage":10,"enemies":"Snecko","floor":21,"turns":6},{"damage":20,"enemies":"Snake Plant","floor":22,"turns":3},{"damage":68,"enemies":"Slavers","floor":23,"turns":6},{"damage":32,"enemies":"3 Cultists","floor":29,"turns":6},{"damage":8,"enemies":"Snecko","floor":31,"turns":5},{"damage":71,"enemies":"Automaton","floor":33,"turns":11},{"damage":31,"enemies":"3 Darklings","floor":35,"turns":4},{"damage":33,"enemies":"3 Shapes","floor":36,"turns":3},{"damage":0,"enemies":"Mind Bloom Boss Battle","floor":37,"turns":6},{"damage":38,"enemies":"Jaw Worm Horde","floor":38,"turns":4},{"damage":13,"enemies":"3 Darklings","floor":41,"turns":4},{"damage":24,"enemies":"Spire Growth","floor":46,"turns":4},{"damage":0,"enemies":"Writhing Mass","floor":48,"turns":5},{"damage":44,"enemies":"Time Eater","floor":50,"turns":7}],"seed_played":"8672277611953805148","potions_obtained":[{"floor":1,"key":"Energy Potion"},{"floor":7,"key":"EssenceOfDarkness"},{"floor":10,"key":"FairyPotion"},{"floor":14,"key":"EssenceOfDarkness"},{"floor":23,"key":"FearPotion"},{"floor":33,"key":"Swift Potion"}],"is_trial":false,"path_per_floor":["M","?","M","$","M","R","M","E","T","M","?","R","M","M","R","B",null,"M","$","M","M","M","E","R","?","T","$","?","M","R","M","R","B",null,"M","M","?","M","$","R","M","$","T","$","R","M","?","M","R","B",null],"character_chosen":"DEFECT","items_purchased":["Storm","Self Repair","Coolheaded","Chill","Orichalcum","Biased Cognition","Toolbox"],"campfire_rested":3,"item_purchase_floors":[4,27,39,39,44,44,44],"current_hp_per_floor":[75,60,58,58,56,56,40,25,25,22,22,44,41,29,51,21,75,71,75,67,57,47,12,46,46,46,61,61,46,58,67,75,21,75,61,45,89,85,89,89,89,89,89,89,89,89,89,89,89,85],"gold":57,"neow_bonus":"ONE_RARE_RELIC","is_daily":false,"chose_seed":false,"campfire_upgraded":6,"win_rate":0.0,"timestamp":1609538985,"path_taken":["M","?","M","$","M","R","M","E","T","M","?","R","?","M","R","BOSS","M","$","M","M","M","E","R","?","T","$","?","M","R","M","R","BOSS","M","M","?","M","$","R","M","$","T","$","R","M","?","M","R","BOSS"],"items_purchased_type":["Card","Card","Card","Card","Relic","Card","Relic"],"build_version":"2020-12-22","purchased_purges":0,"victory":true,"max_hp_per_floor":[75,75,75,75,75,75,75,75,75,75,75,75,75,75,75,75,75,75,75,75,75,75,75,75,75,75,75,75,75,75,75,75,75,75,75,75,89,89,89,89,89,89,89,89,89,89,89,89,89,89],"relic_stats":{"Sozu":4,"counters":[25,114],"Ornamental Fan":[8],"MealTicket":23,"Eternal Feather":32,"Orichalcum":[18],"MawBank":12,"obtain_stats":[{"Vajra":9,"Thread and Needle":0,"Eternal Feather":23,"Mango":37,"Orichalcum":44,"MawBank":26,"Sozu":34,"Ornamental Fan":43,"MutagenicStrength":28,"Toolbox":44,"MealTicket":8,"Cracked Core":0,"Runic Pyramid":17},{"Vajra":5,"Thread and Needle":0,"Eternal Feather":14,"Mango":20,"Orichalcum":22,"MawBank":14,"Sozu":17,"Ornamental Fan":22,"MutagenicStrength":14,"Toolbox":22,"MealTicket":5,"Cracked Core":0,"Runic Pyramid":9},{"Vajra":14,"Thread and Needle":0,"Eternal Feather":55,"Mango":90,"Orichalcum":98,"MawBank":55,"Sozu":77,"Ornamental Fan":98,"MutagenicStrength":55,"Toolbox":98,"MealTicket":14,"Cracked Core":0,"Runic Pyramid":30}]},"card_choices":[{"not_picked":["Gash","Go for the Eyes"],"picked":"Heatsinks","floor":1},{"not_picked":["Streamline","Conserve Battery","Undo"],"picked":"SKIP","floor":3},{"not_picked":["Leap","Conserve Battery"],"picked":"Static Discharge","floor":5},{"not_picked":["Hologram","Scrape"],"picked":"Leap","floor":7},{"not_picked":["Gash","FTL"],"picked":"Blizzard","floor":8},{"not_picked":["Sweeping Beam","Blizzard"],"picked":"Steam","floor":10},{"not_picked":["Stack","Coolheaded"],"picked":"Defragment","floor":13},{"not_picked":["Go for the Eyes","Hyperbeam"],"picked":"Steam","floor":14},{"not_picked":["Seek","All For One"],"picked":"Machine Learning","floor":16},{"not_picked":["Sunder","Barrage+1","Rebound"],"picked":"SKIP","floor":18},{"not_picked":["Redo","Recycle+1"],"picked":"Darkness","floor":20},{"not_picked":["Barrage","Compile Driver"],"picked":"Self Repair+1","floor":21},{"not_picked":["Redo+1","Hologram+1"],"picked":"Turbo","floor":22},{"not_picked":["FTL","Rebound+1","Multi-Cast"],"picked":"SKIP","floor":23},{"not_picked":["Streamline+1","Skim+1"],"picked":"Defragment","floor":29},{"not_picked":["FTL","Fusion"],"picked":"Conserve Battery","floor":31},{"not_picked":["Hyperbeam","Meteor Strike"],"picked":"Biased Cognition","floor":33},{"not_picked":["Sweeping Beam+1","Redo"],"picked":"Self Repair+1","floor":35},{"not_picked":["FTL","Hello World+1"],"picked":"Self Repair","floor":36},{"not_picked":["Recycle+1","Genetic Algorithm"],"picked":"Turbo","floor":37},{"not_picked":["Heatsinks","Conserve Battery+1"],"picked":"Static Discharge","floor":38},{"not_picked":["Go for the Eyes","Stack+1"],"picked":"Conserve Battery+1","floor":41},{"not_picked":["Compile Driver","Sweeping Beam+1"],"picked":"Leap+1","floor":46},{"not_picked":["Recycle","Streamline+1"],"picked":"Gash+1","floor":48}],"player_experience":155756,"relics_obtained":[{"floor":8,"key":"MealTicket"},{"floor":9,"key":"Vajra"},{"floor":23,"key":"Eternal Feather"},{"floor":26,"key":"MawBank"},{"floor":37,"key":"Mango"},{"floor":43,"key":"Ornamental Fan"}],"event_choices":[{"damage_healed":0,"gold_gain":0,"player_choice":"Entered Light","damage_taken":15,"max_hp_gain":0,"max_hp_loss":0,"event_name":"Shining Light","floor":2,"gold_loss":0,"cards_upgraded":["Heatsinks","Zap"]},{"cards_removed":["Injury"],"damage_healed":0,"gold_gain":0,"player_choice":"Purged","damage_taken":0,"max_hp_gain":0,"max_hp_loss":0,"event_name":"Purifier","floor":11,"gold_loss":0},{"damage_healed":0,"gold_gain":0,"player_choice":"Ignored","damage_taken":0,"max_hp_gain":0,"max_hp_loss":0,"event_name":"Vampires","floor":25,"gold_loss":0},{"damage_healed":0,"gold_gain":0,"player_choice":"Inject Mutagens","damage_taken":0,"relics_obtained":["MutagenicStrength"],"max_hp_gain":0,"max_hp_loss":0,"event_name":"Drug Dealer","floor":28,"gold_loss":0},{"damage_healed":0,"gold_gain":0,"player_choice":"Fight","damage_taken":0,"max_hp_gain":0,"max_hp_loss":0,"event_name":"MindBloom","floor":37,"gold_loss":0},{"damage_healed":0,"gold_gain":0,"player_choice":"Forge","damage_taken":0,"max_hp_gain":0,"max_hp_loss":0,"event_name":"Accursed Blacksmith","floor":47,"gold_loss":0,"cards_upgraded":["Biased Cognition"]}],"is_beta":false,"boss_relics":[{"not_picked":["FrozenCore","Fusion Hammer"],"picked":"Runic Pyramid"},{"not_picked":["Black Star","Coffee Dripper"],"picked":"Sozu"}],"items_purged_floors":[],"is_endless":false,"potions_floor_spawned":[1,7,10,14,20,23,33,35,37,41,46],"ascension_level":0}}