{"host":"87fdiiwflhrwsj8a","time":1609526425,"event":{"mods":["Aspiration","BaseMod","Better Match","Better Third Choice","BetterRewards","Colored Map","Conspire","GifTheSpireLib","Infinite Spire","Minty Spire (QoL Compilation)","Quick Restart","Relic Sorter","Replay The Spire","Robot Space Explorer","StSLib","Stuff the Spire","The Cursed","The Jungle"],"gold_per_floor":[109,109,109,120,140,157,157,157,157,74,107,126,41,59,144,222,222,237,237,237,255,273,300,300,327,327,342,91,104,104,65,65,142,142,162,162,162,162,162,179,196,231,241,273,273,308,321,321,321,338,338,413,490,490,489,364,177,176,176,187,187,198,268,260,261,261,266,265,353,395,395,384,384,384,384,384,388,388,387,387,403,403,408,408,378,378,415,415,415,415],"floor_reached":89,"playtime":4434,"items_purged":[],"score":5554,"play_id":"94c27207-ec18-445c-9d76-2cc095461394","local_time":"20210101134025","is_ascension_mode":true,"campfire_choices":[{"floor":7.0,"key":"REST"},{"data":"Accuracy","floor":7.0,"key":"SMITH"},{"floor":24.0,"key":"RECALL"},{"floor":30.0,"key":"REST"},{"floor":32.0,"key":"REST"},{"floor":66.0,"key":"REST"},{"floor":78.0,"key":"REST"},{"floor":82.0,"key":"REST"},{"floor":84.0,"key":"REST"},{"floor":86.0,"key":"REST"}],"circlet_count":0,"master_deck":["AscendersBane","Defend_G","Defend_G","Defend_G","Defend_G","Defend_G","Survivor","Neutralize","Die Die Die","Accuracy+1","Prepared","Prepared","Hidden Blade","Apotheosis+1","Accuracy+1","Accuracy+1","Accuracy+1","Accuracy+1","Tools of the Trade+1","Cloak And Dagger","Deflect","Pot Of Greed+1","Pot Of Greed+1","Pot Of Greed+1","Reflex","Phantasmal Killer+1","Infinite Blades","StuffTheSpire:DoubleShiv","Cloak And Dagger","After Image+1","Hidden Blade+1","Infinite Blades+1","Replay:Bag of Tricks+1","Reflex","Flash of Steel+1","Pot Of Greed","Concentrate","Calculated Gamble","Deflect","A Thousand Cuts+1","conspire:PoisonWeapons","Storm of Steel+1","Blade Dance","conspire:Banana+1","Reflex","Accuracy","infinitespire:Punishment+1","Eviscerate+1","Pot Of Greed","Outmaneuver","Phantasmal Killer+1","After Image+1","Concentrate","Caltrops","Deflect","Eviscerate+1","Blur+1","Acrobatics","After Image+1"],"relics":["Ring of the Snake","infinitespire:Beetle Shell","Pondfish Scales","Divine Protection","infinitespire:Golems Mask","conspire:GiftBox","Frozen Eye","infinitespire:Magic Flask","Molten Egg 2","Membership Card","Paper Crane","aspiration:HummingbirdHeart","ClockworkSouvenir","Gambling Chip","Anchor","conspire:TreasureMap","Omamori","Medical Kit","Matryoshka","Bottled Lightning","Golden Egg","Ice Cream","Bag of Preparation","Lantern","StuffTheSpire:NeowsTribute","Replay:Rubber Ducky","Strawberry","Replay:Mystery Machine","Replay:WaspNest","StuffTheSpire:WitherSkull","Grinning Jar","Fusion Hammer","Bottled Tornado","aspiration:HatOfInfinitePower","conspire:Flyswatter","Quantum Egg","Replay:Drink Me","aspiration:ArtOfWarUpgrade","StuffTheSpire:Wildfire","ReplayFunnel","aspiration:TomeofQuesting","Regal Pillow","Snack Pack","Ninja Scroll","Replay:Bottled Flurry","ReplayTheSpireMod:Lightbulb","Shuriken","StuffTheSpire:Rhapsscallions","WristBlade","Vajra","infinitespire:PuzzleCube","StuffTheSpire:GrapeVine","StuffTheSpire:Gunfinga","Painkiller Herb"],"acts_visited":["Exordium","TheCity","TheBeyond","Exordium","TheCity","TheBeyond"],"potions_floor_usage":[],"damage_taken":[{"damage":0.0,"enemies":"Cultist","floor":1.0,"turns":3.0},{"damage":0.0,"enemies":"Small Slimes","floor":4.0,"turns":2.0},{"damage":0.0,"enemies":"2 Louse","floor":5.0,"turns":1.0},{"damage":0.0,"enemies":"Large Slime","floor":6.0,"turns":4.0},{"damage":0.0,"enemies":"3 Sentries","floor":11.0,"turns":6.0},{"damage":0.0,"enemies":"Exordium Thugs","floor":12.0,"turns":3.0},{"damage":0.0,"enemies":"2 Fungi Beasts","floor":14.0,"turns":1.0},{"damage":0.0,"enemies":"Hexaghost","floor":16.0,"turns":6.0},{"damage":0.0,"enemies":"3 Byrds","floor":18.0,"turns":3.0},{"damage":0.0,"enemies":"Shell Parasite","floor":21.0,"turns":3.0},{"damage":0.0,"enemies":"Centurion and Healer","floor":22.0,"turns":3.0},{"damage":0.0,"enemies":"Nightmare","floor":23.0,"turns":5.0},{"damage":0.0,"enemies":"Gremlin Leader","floor":25.0,"turns":3.0},{"damage":0.0,"enemies":"Shelled Parasite and Fungi","floor":27.0,"turns":2.0},{"damage":0.0,"enemies":"3 Cultists","floor":29.0,"turns":3.0},{"damage":0.0,"enemies":"conspire:MysteriousRune","floor":33.0,"turns":4.0},{"damage":0.0,"enemies":"3 Darklings","floor":35.0,"turns":2.0},{"damage":0.0,"enemies":"Orb Walker","floor":40.0,"turns":2.0},{"damage":0.0,"enemies":"4 Shapes","floor":41.0,"turns":2.0},{"damage":0.0,"enemies":"R_Hoarder","floor":42.0,"turns":3.0},{"damage":0.0,"enemies":"Transient","floor":43.0,"turns":3.0},{"damage":0.0,"enemies":"Nemesis","floor":44.0,"turns":3.0},{"damage":0.0,"enemies":"R_Hoarder","floor":46.0,"turns":2.0},{"damage":0.0,"enemies":"Spire Growth","floor":47.0,"turns":3.0},{"damage":0.0,"enemies":"3 Darklings","floor":50.0,"turns":2.0},{"damage":0.0,"enemies":"Donu and Deca","floor":52.0,"turns":4.0},{"damage":0.0,"enemies":"conspire:OrnateMirror","floor":53.0,"turns":3.0},{"damage":0.0,"enemies":"Cultist","floor":55.0,"turns":1.0},{"damage":0.0,"enemies":"2 Louse","floor":58.0,"turns":1.0},{"damage":0.0,"enemies":"Lagavulin","floor":60.0,"turns":2.0},{"damage":0.0,"enemies":"Gremlin Nob","floor":62.0,"turns":2.0},{"damage":0.0,"enemies":"Nightmare","floor":64.0,"turns":3.0},{"damage":0.0,"enemies":"Small Slimes","floor":65.0,"turns":2.0},{"damage":0.0,"enemies":"Blue Slaver","floor":67.0,"turns":2.0},{"damage":0.0,"enemies":"Exordium Wildlife","floor":68.0,"turns":1.0},{"damage":0.0,"enemies":"Hexaghost","floor":70.0,"turns":2.0},{"damage":0.0,"enemies":"2 Thieves","floor":72.0,"turns":2.0},{"damage":0.0,"enemies":"3 Byrds","floor":74.0,"turns":2.0},{"damage":0.0,"enemies":"conspire:SneckoGhost","floor":77.0,"turns":1.0},{"damage":0.0,"enemies":"Snecko","floor":79.0,"turns":1.0},{"damage":0.0,"enemies":"Book of Stabbing","floor":81.0,"turns":2.0},{"damage":0.0,"enemies":"conspire:Head Lice","floor":83.0,"turns":1.0},{"damage":0.0,"enemies":"conspire:HollyBat","floor":85.0,"turns":3.0},{"damage":0.0,"enemies":"Champ","floor":87.0,"turns":3.0},{"damage":0,"enemies":"3 Shapes","floor":89,"turns":1}],"seed_played":"8379601219079560609","potions_obtained":[{"floor":4.0,"key":"infinitespire:BlackPotion"},{"floor":5.0,"key":"Explosive Potion"}],"is_trial":false,"path_per_floor":["M","T","?","M","M","M","R","?","T","$","E","M","$","M","R_BF","B",null,"M","?","?","M","M","NM","R","E","T","M","$","M","R","$","R","B",null,"M","?","AVR","PTL","PTL","M","M","E","M","E","T","E","M","?","T","M","R","B","B",null,"M","?","$","M","$","E","R","E","T","NM","M","R","M","M","R_BF","B",null,"M","?","M","?","?","E","R","M","T","E","R","E","R","M","R","B",null,"?"],"character_chosen":"THE_SILENT","items_purchased":["infinitespire:Beetle Shell","Divine Protection","conspire:GiftBox","Frozen Eye","Molten Egg 2","Membership Card","Paper Crane","aspiration:HummingbirdHeart","ClockworkSouvenir","Gambling Chip","Anchor","Accuracy","Prepared","Hidden Blade","conspire:TreasureMap","Omamori","Apotheosis","Medical Kit","Matryoshka","Bottled Lightning","Golden Egg","Accuracy","Accuracy","Ice Cream","Accuracy","Bag of Preparation","Accuracy","Lantern","Tools of the Trade","Grinning Jar","After Image","Quantum Egg","Hidden Blade","Infinite Blades","Ninja Scroll","conspire:Banana"],"campfire_rested":8,"item_purchase_floors":[0,0,0,0,0,0,0,0,0,0,0,0,0,0,0,0,0,0,0,0,0,0,0,0,0,0,0,0,10,13,28,28,28,31,57,57],"current_hp_per_floor":[17,24,24,24,24,24,45,45,45,45,45,45,45,45,45,45,66,66,66,66,66,66,66,66,66,66,66,66,66,73,73,73,73,55,55,55,55,55,55,55,55,55,55,55,55,55,55,55,55,55,55,55,55,55,55,55,55,55,55,55,55,55,55,58,58,58,60,60,60,60,60,62,62,62,62,58,64,64,66,66,68,68,70,70,72,72,74,74,74,74],"gold":415,"neow_bonus":"","is_daily":false,"chose_seed":false,"campfire_upgraded":1,"win_rate":0.0,"timestamp":1609526425,"path_taken":["M","?","?","?","M","M","R","?","T","$","E","M","?","M","R_BF","BOSS","M","?","?","M","?","NM","R","E","T","M","$","M","R","$","R","BOSS","M","?","AVR","PTL","PTL","M","M","E","M","E","T","E","M","?","?","M","R","BOSS","BOSS","M","?","$","M","$","E","R","E","T","NM","M","R","M","M","R_BF","BOSS","M","?","M","?","?","E","R","?","T","E","R","E","R","M","R","BOSS","?"],"items_purchased_type":["Relic","Relic","Relic","Relic","Relic","Relic","Relic","Relic","Relic","Relic","Relic","Card","Card","Card","Relic","Relic","Card","Relic","Relic","Relic","Relic","Card","Card","Relic","Card","Relic","Card","Relic","Card","Relic","Card","Relic","Card","Card","Relic","Card"],"build_version":"2020-12-22","purchased_purges":0,"victory":false,"max_hp_per_floor":[66,73,73,73,73,73,73,73,73,73,73,73,73,73,73,73,73,73,73,73,73,73,73,73,73,73,73,73,73,73,73,73,73,55,55,55,55,55,55,55,55,55,55,55,55,55,55,55,55,55,55,55,55,55,55,55,55,55,55,55,55,55,55,58,58,58,60,60,60,60,60,62,62,62,62,62,64,64,66,66,68,68,70,70,72,72,74,74,74,74],"card_choices":[{"not_picked":["Malaise","Grand Finale"],"picked":"Die Die Die","floor":0.0},{"not_picked":["StuffTheSpire:Injection+1","StuffTheSpire:Python","Quick Slash+1"],"picked":"SKIP","floor":1.0},{"not_picked":["Footwork","Riddle With Holes+1","Dagger Spray+1"],"picked":"SKIP","floor":4.0},{"not_picked":["StuffTheSpire:Injection+1","Flying Knee+1","Quick Slash+1"],"picked":"SKIP","floor":5.0},{"not_picked":["Underhanded Strike+1","Flying Knee+1","Dodge and Roll"],"picked":"SKIP","floor":6.0},{"not_picked":["Doppelganger","PiercingWail"],"picked":"Cloak And Dagger","floor":11.0},{"not_picked":["Flying Knee+1","StuffTheSpire:Injection+1"],"picked":"Deflect","floor":12.0},{"not_picked":["Expertise","StuffTheSpire:Python"],"picked":"Reflex","floor":14.0},{"not_picked":["ReplayTheSpireMod:Necrosis","Doppelganger"],"picked":"Phantasmal Killer","floor":16.0},{"not_picked":["Skewer+1","Slice+1","StuffTheSpire:Python"],"picked":"SKIP","floor":18.0},{"not_picked":["Underhanded Strike+1","Caltrops"],"picked":"Infinite Blades","floor":21.0},{"not_picked":["Noxious Fumes+1","Dodge and Roll"],"picked":"StuffTheSpire:DoubleShiv","floor":22.0},{"not_picked":["Dagger Spray+1","Grand Finale+1","Deadly Poison+1"],"picked":"SKIP","floor":23.0},{"not_picked":["StuffTheSpire:Injection+1","StuffTheSpire:Python"],"picked":"Cloak And Dagger","floor":25.0},{"not_picked":["Prepared","Replay:Poison Smokescreen","StuffTheSpire:BumpUp+1"],"picked":"SKIP","floor":27.0},{"not_picked":["Dagger Spray+1","Glass Knife+1","StuffTheSpire:Repulse"],"picked":"SKIP","floor":29.0},{"not_picked":["Grand Finale+1","Malaise"],"picked":"Replay:Bag of Tricks","floor":33.0},{"not_picked":["StuffTheSpire:Python","Outmaneuver"],"picked":"Reflex","floor":35.0},{"not_picked":["PanicButton","Purity"],"picked":"Flash of Steel+1","floor":36.0},{"not_picked":["Slice+1","Dodge and Roll","Infinite Blades"],"picked":"SKIP","floor":40.0},{"not_picked":["StuffTheSpire:Injection+1","Deadly Poison"],"picked":"Concentrate","floor":41.0},{"not_picked":["Setup","Dodge and Roll"],"picked":"Calculated Gamble","floor":42.0},{"not_picked":["Noxious Fumes","Backflip"],"picked":"Deflect","floor":43.0},{"not_picked":["Hidden Blade","conspire:PoisonWeapons+1"],"picked":"A Thousand Cuts","floor":44.0},{"not_picked":["Backflip","StuffTheSpire:Injection+1","ReplayTheSpireMod:Speed Training"],"picked":"SKIP","floor":46.0},{"not_picked":["Backflip","Catalyst"],"picked":"conspire:PoisonWeapons","floor":47.0},{"not_picked":["Toxin Wave","Backflip+1","Dodge and Roll+1"],"picked":"SKIP","floor":50.0},{"not_picked":["Malaise","A Thousand Cuts"],"picked":"Storm of Steel","floor":53.0},{"not_picked":["Cloak And Dagger","Poisoned Stab+1"],"picked":"Blade Dance","floor":55.0},{"not_picked":["Deadly Poison","Poisoned Stab+1","Dagger Throw+1"],"picked":"SKIP","floor":58.0},{"not_picked":["Slice+1","Escape Plan"],"picked":"Reflex","floor":60.0},{"not_picked":["Quick Slash+1","ReplayTheSpireMod:Speed Training"],"picked":"Accuracy","floor":62.0},{"not_picked":["infinitespire:Gouge","infinitespire:Menacing"],"picked":"infinitespire:Punishment","floor":64.0},{"not_picked":["Backflip","Slice+1"],"picked":"Eviscerate+1","floor":64.0},{"not_picked":["Choke+1","StuffTheSpire:ClusterCrunch+1","StuffTheSpire:BumpUp+1"],"picked":"SKIP","floor":65.0},{"not_picked":["Quick Slash+1","StuffTheSpire:ClusterCrunch+1"],"picked":"Outmaneuver","floor":67.0},{"not_picked":["Setup","Flechettes+1"],"picked":"Phantasmal Killer","floor":68.0},{"not_picked":["Malaise","Burst"],"picked":"After Image","floor":70.0},{"not_picked":["Prepared","StuffTheSpire:Repulse"],"picked":"Concentrate","floor":72.0},{"not_picked":["Flechettes+1","Poisoned Stab+1"],"picked":"Deflect","floor":74.0},{"not_picked":["StuffTheSpire:Injection+1","StuffTheSpire:Incursion+1"],"picked":"Eviscerate+1","floor":77.0},{"not_picked":["Masterful Stab+1","Fluid Movement"],"picked":"Blur+1","floor":79.0},{"not_picked":["Fluid Movement","Poisoned Stab+1"],"picked":"Acrobatics","floor":81.0},{"not_picked":["StuffTheSpire:BumpUp+1","Dagger Throw+1","Backflip"],"picked":"SKIP","floor":83.0},{"not_picked":["Flying Knee+1","Dagger Throw+1","Slice+1"],"picked":"SKIP","floor":85.0},{"not_picked":["Malaise","StuffTheSpire:FinalStruggle+1"],"picked":"After Image","floor":87.0}],"player_experience":2620989,"relics_obtained":[{"floor":2.0,"key":"Replay:Rubber Ducky"},{"floor":2.0,"key":"Strawberry"},{"floor":9.0,"key":"Replay:Mystery Machine"},{"floor":9.0,"key":"Replay:WaspNest"},{"floor":11.0,"key":"StuffTheSpire:WitherSkull"},{"floor":23.0,"key":"Bottled Tornado"},{"floor":25.0,"key":"aspiration:HatOfInfinitePower"},{"floor":26.0,"key":"conspire:Flyswatter"},{"floor":42.0,"key":"StuffTheSpire:Wildfire"},{"floor":44.0,"key":"ReplayFunnel"},{"floor":45.0,"key":"aspiration:TomeofQuesting"},{"floor":46.0,"key":"Regal Pillow"},{"floor":49.0,"key":"Snack Pack"},{"floor":60.0,"key":"Replay:Bottled Flurry"},{"floor":62.0,"key":"ReplayTheSpireMod:Lightbulb"},{"floor":63.0,"key":"Shuriken"},{"floor":64.0,"key":"StuffTheSpire:Rhapsscallions"},{"floor":77.0,"key":"Vajra"},{"floor":80.0,"key":"infinitespire:PuzzleCube"},{"floor":81.0,"key":"StuffTheSpire:GrapeVine"},{"floor":83.0,"key":"StuffTheSpire:Gunfinga"}],"event_choices":[{"damage_healed":0.0,"max_hp_gain":0.0,"max_hp_loss":0.0,"gold_gain":0.0,"event_name":"Upgrade Shrine","player_choice":"Upgraded","floor":3.0,"gold_loss":0.0,"damage_taken":0.0,"cards_upgraded":["Apotheosis"]},{"cards_removed":["Strike_G"],"damage_healed":0.0,"max_hp_gain":0.0,"max_hp_loss":0.0,"gold_gain":0.0,"event_name":"Purifier","player_choice":"Purged","floor":8.0,"gold_loss":0.0,"damage_taken":0.0},{"damage_healed":0.0,"max_hp_gain":0.0,"max_hp_loss":0.0,"gold_gain":0.0,"event_name":"Ghosts","player_choice":"Ignored","floor":20.0,"gold_loss":0.0,"damage_taken":0.0},{"damage_healed":0.0,"max_hp_gain":0.0,"max_hp_loss":0.0,"gold_gain":0.0,"event_name":"SensoryStone","player_choice":"Memory 1","floor":36.0,"gold_loss":0.0,"damage_taken":0.0},{"damage_healed":0.0,"max_hp_gain":0.0,"max_hp_loss":0.0,"gold_gain":0.0,"event_name":"Tomb of Lord Red Mask","player_choice":"Ignored","floor":48.0,"gold_loss":0.0,"damage_taken":0.0},{"damage_healed":0.0,"max_hp_gain":0.0,"max_hp_loss":0.0,"gold_gain":0.0,"event_name":"betterMatch:BetterMatch","player_choice":"3","floor":56.0,"gold_loss":0.0,"damage_taken":0.0,"cards_obtained":[]},{"damage_healed":0.0,"max_hp_gain":0.0,"max_hp_loss":0.0,"gold_gain":0.0,"event_name":"The Library","player_choice":"Read","floor":73.0,"gold_loss":0.0,"damage_taken":0.0,"cards_obtained":["Caltrops"]},{"damage_healed":0.0,"max_hp_gain":0.0,"max_hp_loss":0.0,"gold_gain":0.0,"event_name":"The Mausoleum","player_choice":"Ignored","floor":75.0,"gold_loss":0.0,"damage_taken":0.0},{"damage_healed":0.0,"max_hp_gain":0.0,"max_hp_loss":0.0,"gold_gain":0.0,"event_name":"The Woman in Blue","player_choice":"Bought 0 Potions","floor":76.0,"gold_loss":0.0,"damage_taken":0.0}],"is_beta":false,"boss_relics":[{"not_picked":["StuffTheSpire:Kangaroo","conspire:SlowCooker"],"picked":"Fusion Hammer"},{"not_picked":["Painkiller Herb","Black Star"],"picked":"Replay:Drink Me"},{"not_picked":["Runic Dome","Honey Jar","Velvet Choker"]},{"not_picked":["Snecko Eye","conspire:SlowCooker"],"picked":"WristBlade"},{"not_picked":["aspiration:PoetsPen_weak","conspire:SeveredTorchhead"],"picked":"Painkiller Herb"}],"items_purged_floors":[],"is_endless":true,"potions_floor_spawned":[4,5,6,11,16,21,22,33,41,42,46,53,60,62,65,68,70,72,85,87],"killed_by":"3 Shapes","ascension_level":20}}