{"host":"yfdtuf6ojcxn06xg","time":1609544042,"event":{"mods":["2.2 Compatiblity","AchievementEnabler","BaseMod","Colored Map","Colored Powertips","Downfall","Hermit","JesterMod","Jorbs\u0027s Wanderer Trilogy","Minty Spire (QoL Compilation)","Quick Restart","Rare Cards Sparkle","Relic Stats","Replay The Spire","StSLib","The Cursed","The Disciple","The Hierophant","The Jungle","The Necromancer","The Servant 0.9.4"],"gold_per_floor":[109,184,184,202,220,220,253,253,253,22,33,63,63,80,80,185,185,200,299,299,315,329,329,329],"floor_reached":23,"playtime":1206,"items_purged":["Doubt"],"score":237,"play_id":"7e4aae70-7f4c-4d1f-8869-4ba4b09c29a4","local_time":"20210101183402","is_ascension_mode":true,"campfire_choices":[{"data":"Demon Form","floor":6,"key":"SMITH"},{"data":"Heavy Blade","floor":13,"key":"SMITH"},{"floor":15,"key":"DIG"}],"circlet_count":0,"master_deck":["Strike_R","Strike_R","Strike_R","Strike_R","Strike_R","Defend_R","Defend_R","Defend_R","Defend_R","Heavy Blade+1","Demon Form+1","Reckless Charge","Sword Boomerang","Flex","Disarm","Offering","Run Through+1","ReplayTheSpireMod:Splinters"],"relics":["Burning Blood","Chameleon Ring","ReplayTheSpireMod:Ring of Challenge","Bag of Marbles","ReplayTheSpireMod:TigerMarble","ReplayTheSpireMod:Spearhead","Toy Ornithopter","Ring of Chaos","Eternal Feather"],"acts_visited":["Exordium","TheCity"],"potions_floor_usage":[7,12,12,22,22],"damage_taken":[{"damage":10,"enemies":"Small Slimes","floor":1,"turns":4},{"damage":5,"enemies":"Cultist","floor":4,"turns":4},{"damage":1,"enemies":"2 Louse","floor":5,"turns":2},{"damage":5,"enemies":"Replay:BlueRogue","floor":7,"turns":5},{"damage":9,"enemies":"Blue Slaver","floor":11,"turns":3},{"damage":6,"enemies":"Gremlin Nob","floor":12,"turns":3},{"damage":23,"enemies":"Large Slime","floor":14,"turns":5},{"damage":69,"enemies":"Fading Forest","floor":16,"turns":11},{"damage":6,"enemies":"Chosen","floor":18,"turns":3},{"damage":11,"enemies":"3 Byrds","floor":21,"turns":4},{"damage":53,"enemies":"Snake Plant","floor":22,"turns":5},{"damage":48,"enemies":"Book of Stabbing","floor":23,"turns":4}],"seed_played":"-2453379672930919541","potions_obtained":[{"floor":4,"key":"EssenceOfSteel"},{"floor":5,"key":"FearPotion"},{"floor":7,"key":"SteroidPotion"},{"floor":16,"key":"ColorlessPotion"},{"floor":21,"key":"DuplicationPotion"}],"is_trial":false,"path_per_floor":["M","?","?","M","M","R","E","?","T","$","M","E","R","M","R_BF","B",null,"M","?","?","M","M","E"],"character_chosen":"IRONCLAD","items_purchased":["ReplayTheSpireMod:TigerMarble"],"campfire_rested":0,"item_purchase_floors":[10],"current_hp_per_floor":[81,70,70,71,76,76,77,77,77,77,74,74,74,57,57,16,85,85,85,85,80,43,0,0],"gold":329,"neow_bonus":"RANDOM_EVENT","is_daily":false,"chose_seed":false,"campfire_upgraded":2,"win_rate":0.0,"timestamp":1609544042,"path_taken":["M","?","?","?","M","R","E","?","T","$","M","E","R","M","R_BF","BOSS","M","?","?","M","?","E"],"items_purchased_type":["Relic"],"build_version":"2020-12-22","purchased_purges":1,"victory":false,"max_hp_per_floor":[85,85,85,85,85,85,85,85,85,85,85,85,85,85,85,85,85,85,85,85,85,85,85,85],"relic_stats":{"counters":[12,53],"Eternal Feather":0,"obtain_stats":[{"ReplayTheSpireMod:Spearhead":12,"Chameleon Ring":7,"Eternal Feather":20,"Ring of Chaos":17,"Bag of Marbles":9,"ReplayTheSpireMod:TigerMarble":10,"ReplayTheSpireMod:Ring of Challenge":8,"Burning Blood":0,"Toy Ornithopter":15},{"ReplayTheSpireMod:Spearhead":6,"Chameleon Ring":4,"Eternal Feather":9,"Ring of Chaos":8,"Bag of Marbles":4,"ReplayTheSpireMod:TigerMarble":4,"ReplayTheSpireMod:Ring of Challenge":4,"Burning Blood":0,"Toy Ornithopter":7},{"ReplayTheSpireMod:Spearhead":21,"Chameleon Ring":15,"Eternal Feather":40,"Ring of Chaos":37,"Bag of Marbles":15,"ReplayTheSpireMod:TigerMarble":15,"ReplayTheSpireMod:Ring of Challenge":15,"Burning Blood":0,"Toy Ornithopter":26}],"Burning Blood":66,"Toy Ornithopter":10},"card_choices":[{"not_picked":["Headbutt","Armaments","Massacre"],"picked":"SKIP","floor":1},{"not_picked":["ReplayTheSpireMod:Corrosion Curse","Cleave"],"picked":"Heavy Blade","floor":4},{"not_picked":["Twin Strike","Flex"],"picked":"Demon Form","floor":5},{"not_picked":["Defy Death","Armaments"],"picked":"Reckless Charge","floor":7},{"not_picked":["Warcry","Clothesline"],"picked":"Sword Boomerang","floor":11},{"not_picked":["Rampage","Havoc"],"picked":"Flex","floor":12},{"not_picked":["Sword Boomerang","Wild Strike"],"picked":"Disarm","floor":14},{"not_picked":["Exhume","Berserk"],"picked":"Offering","floor":16},{"not_picked":["Clothesline","True Grit"],"picked":"Run Through+1","floor":18},{"not_picked":["Burning Pact","Clothesline","Entrench"],"picked":"SKIP","floor":21},{"not_picked":["Shockwave","ReplayReversal","Body Slam+1"],"picked":"SKIP","floor":22}],"player_experience":176077,"relics_obtained":[{"floor":7,"key":"Chameleon Ring"},{"floor":8,"key":"ReplayTheSpireMod:Ring of Challenge"},{"floor":9,"key":"Bag of Marbles"},{"floor":12,"key":"ReplayTheSpireMod:Spearhead"},{"floor":15,"key":"Toy Ornithopter"}],"event_choices":[{"damage_healed":0,"gold_gain":0,"player_choice":"Donut","damage_taken":0,"max_hp_gain":5,"max_hp_loss":0,"event_name":"Big Fish","floor":0,"gold_loss":0},{"damage_healed":0,"gold_gain":75,"player_choice":"Gather Gold","damage_taken":11,"max_hp_gain":0,"max_hp_loss":0,"event_name":"World of Goop","floor":2,"gold_loss":0},{"cards_removed":["Bash"],"damage_healed":0,"gold_gain":0,"player_choice":"Offered Basic","damage_taken":0,"max_hp_gain":0,"max_hp_loss":0,"event_name":"Bonfire Elementals","floor":3,"gold_loss":0},{"damage_healed":0,"gold_gain":99,"player_choice":"Stole From Cult","damage_taken":0,"max_hp_gain":0,"max_hp_loss":0,"event_name":"Nest","floor":19,"gold_loss":0}],"is_beta":false,"boss_relics":[{"not_picked":["Velvet Choker","Empty Cage"],"picked":"Ring of Chaos"}],"items_purged_floors":[10],"is_endless":false,"potions_floor_spawned":[4,5,7,16,21],"killed_by":"Book of Stabbing","ascension_level":1}}