{"host":"iml8x8es9od4zowg","time":1609500120,"event":{"mods":["BaseMod","Hermit","Minty Spire (QoL Compilation)","StSLib","The Jungle","¡¼?Úª?ø«¡½REMEMod"],"gold_per_floor":[117,134,134,99,99,99,61,100,125,143,143,143,161,180,180,180,180],"floor_reached":16,"playtime":788,"items_purged":[],"score":131,"play_id":"a3db1b26-509e-4bed-aa0a-50c6040df4b5","local_time":"20210101202200","is_ascension_mode":true,"campfire_choices":[{"data":"hermit:HeroicBravado","floor":6,"key":"SMITH"},{"data":"hermit:LuckOfTheDraw","floor":12,"key":"SMITH"},{"data":"hermit:Determination","floor":15,"key":"SMITH"}],"circlet_count":0,"master_deck":["hermit:Strike_Hermit","hermit:Strike_Hermit","hermit:Strike_Hermit","hermit:Strike_Hermit","hermit:Defend_Hermit","hermit:Defend_Hermit","hermit:Defend_Hermit","hermit:Defend_Hermit","hermit:Snapshot","hermit:Covet","hermit:LuckOfTheDraw+1","hermit:Glare","hermit:HeroicBravado+1","hermit:Dive","hermit:Determination+1","hermit:Deadeye","hermit:Determination+1","hermit:CalledShot","hermit:EyeOfTheStorm"],"relics":["hermit:Momento","REME_ComplimentaryCards","NeowsBlessing","Golden Idol","REME_HandOfSuture","Bag of Marbles"],"acts_visited":["Exordium"],"potions_floor_usage":[16],"damage_taken":[{"damage":0,"enemies":"Small Slimes","floor":1,"turns":1},{"damage":0,"enemies":"2 Louse","floor":2,"turns":1},{"damage":0,"enemies":"Lagavulin","floor":8,"turns":3},{"damage":0,"enemies":"Cultist","floor":10,"turns":2},{"damage":0,"enemies":"Looter","floor":13,"turns":2},{"damage":0,"enemies":"Blue Slaver","floor":14,"turns":1},{"damage":78,"enemies":"Hexaghost","floor":16,"turns":14}],"seed_played":"6864191684477140021","potions_obtained":[{"floor":8,"key":"DistilledChaos"},{"floor":13,"key":"SteroidPotion"}],"is_trial":false,"path_per_floor":["M","M","?","?","?","R","$","E","T","M","?","R","M","M","R","B"],"character_chosen":"HERMIT","items_purchased":["hermit:Determination"],"campfire_rested":0,"item_purchase_floors":[7],"current_hp_per_floor":[75,75,57,75,75,75,75,75,75,75,75,75,75,75,75,0,0],"gold":180,"neow_bonus":"THREE_ENEMY_KILL","is_daily":false,"chose_seed":false,"campfire_upgraded":3,"win_rate":0.0,"timestamp":1609500120,"path_taken":["M","M","?","?","?","R","$","E","T","?","?","R","M","M","R","BOSS"],"items_purchased_type":["Card"],"build_version":"2020-12-22","purchased_purges":0,"victory":false,"max_hp_per_floor":[75,75,75,75,75,75,75,75,75,75,75,75,75,75,75,75,75],"card_choices":[{"not_picked":["hermit:EyeOfTheStorm","hermit:Misfire"],"picked":"hermit:LuckOfTheDraw","floor":1},{"not_picked":["hermit:Coalescence","hermit:TakeCover"],"picked":"hermit:Glare","floor":2},{"not_picked":["hermit:HighNoon","hermit:Dive"],"picked":"hermit:Deadeye","floor":8},{"not_picked":["hermit:Grudge","hermit:HighCaliber","hermit:TrackingShot"],"picked":"SKIP","floor":10},{"not_picked":["hermit:ItchyTrigger","hermit:LowProfile"],"picked":"hermit:CalledShot","floor":13},{"not_picked":["hermit:Grudge","hermit:SprayPray"],"picked":"hermit:EyeOfTheStorm","floor":14}],"player_experience":511677,"relics_obtained":[{"floor":8,"key":"REME_HandOfSuture"},{"floor":9,"key":"Bag of Marbles"}],"event_choices":[{"damage_healed":0,"gold_gain":0,"player_choice":"Take Damage","damage_taken":18,"relics_obtained":["Golden Idol"],"max_hp_gain":0,"max_hp_loss":0,"event_name":"Golden Idol","floor":3,"gold_loss":0},{"damage_healed":18,"gold_gain":0,"player_choice":"Healed","damage_taken":0,"max_hp_gain":0,"max_hp_loss":0,"event_name":"The Cleric","floor":4,"gold_loss":35},{"damage_healed":0,"gold_gain":0,"player_choice":"2 cards matched","damage_taken":0,"max_hp_gain":0,"max_hp_loss":0,"event_name":"Match and Keep!","floor":5,"gold_loss":0,"cards_obtained":["hermit:HeroicBravado","hermit:Dive"]}],"is_beta":false,"boss_relics":[],"items_purged_floors":[],"is_endless":false,"potions_floor_spawned":[8,13],"killed_by":"Hexaghost","ascension_level":1}}