{"host":"v1m5rkjj38qutr02","time":1609510329,"event":{"mods":["Act Like it!","BaseMod","Conspire","Gensokyo","GungeonMod","Hallownest","Minty Spire (QoL Compilation)","Replay The Spire","StSLib","The Bug Knight","Youmu£®ªÍ∆«—˝√Œ£©"],"gold_per_floor":[110,110,110,133,133,167,124,124,124,53,83,56,56,84,84,84,84],"floor_reached":16,"playtime":273,"items_purged":[],"score":172,"play_id":"fac67253-bf65-4262-83dd-c8dd6c52249b","local_time":"20210101221209","is_ascension_mode":true,"campfire_choices":[{"data":"FIFO Queue","floor":8.0,"key":"SMITH"},{"data":"Double Energy","floor":13.0,"key":"SMITH"},{"data":"Double Energy","floor":15,"key":"SMITH"}],"circlet_count":0,"master_deck":["Strike_B","Strike_B","Strike_B","Strike_B","Defend_B","Defend_B","Defend_B","Defend_B","Zap","Dualcast","FIFO Queue+1","Double Energy+1","Heatsinks+1","Static Discharge+1","Redo","Double Energy+1"],"relics":["Cracked Core","NeowsBlessing","Golden Idol","CeramicFish","Golden Egg"],"acts_visited":["Exordium"],"potions_floor_usage":[16],"damage_taken":[{"damage":0.0,"enemies":"2 Louse","floor":1.0,"turns":1.0},{"damage":0.0,"enemies":"Small Slimes","floor":4.0,"turns":1.0},{"damage":0.0,"enemies":"Gremlin Nob","floor":6.0,"turns":1.0},{"damage":3.0,"enemies":"Jaw Worm","floor":11.0,"turns":4.0},{"damage":19,"enemies":"3 Louse","floor":14,"turns":4},{"damage":36,"enemies":"The Guardian","floor":16,"turns":6}],"seed_played":"-5688302413092907686","potions_obtained":[{"floor":1.0,"key":"SmokeBomb"},{"floor":4.0,"key":"FocusPotion"},{"floor":14,"key":"FearPotion"}],"is_trial":false,"path_per_floor":["M","?","?","M","?","E","$","R","T","$","M","?","R","M","R","B"],"character_chosen":"DEFECT","items_purchased":["Heatsinks+1","Static Discharge"],"campfire_rested":0,"item_purchase_floors":[7,10],"current_hp_per_floor":[68,73,73,73,73,73,73,73,73,73,70,70,70,51,51,15,15],"gold":84,"neow_bonus":"THREE_ENEMY_KILL","is_daily":false,"chose_seed":false,"campfire_upgraded":3,"win_rate":0.0,"timestamp":1609510329,"path_taken":["M","?","?","?","?","E","?","R","T","$","M","?","R","M","R","BOSS"],"items_purchased_type":["Card","Card"],"build_version":"2020-12-22","purchased_purges":0,"victory":false,"max_hp_per_floor":[75,80,80,80,80,80,80,80,80,80,80,80,80,80,80,80,80],"card_choices":[{"not_picked":["Beam Cell","Loop"],"picked":"FIFO Queue","floor":1.0},{"not_picked":["Reinforced Body","Hologram"],"picked":"Double Energy","floor":4.0},{"not_picked":["FIFO Queue","ReplayRNGCard","Compile Driver"],"picked":"SKIP","floor":6.0},{"not_picked":["Gash","Sunder"],"picked":"Redo","floor":11.0},{"not_picked":["Stack","Genetic Algorithm"],"picked":"Double Energy","floor":14}],"player_experience":394894,"relics_obtained":[{"floor":6.0,"key":"CeramicFish"},{"floor":9.0,"key":"Golden Egg"}],"event_choices":[{"damage_healed":0.0,"max_hp_gain":5.0,"max_hp_loss":0.0,"gold_gain":0.0,"event_name":"Big Fish","player_choice":"Donut","floor":2.0,"gold_loss":0.0,"damage_taken":0.0},{"damage_healed":0.0,"max_hp_gain":0.0,"max_hp_loss":0.0,"gold_gain":0.0,"event_name":"Golden Idol","player_choice":"Take Wound","floor":3.0,"gold_loss":0.0,"damage_taken":0.0,"relics_obtained":["Golden Idol"],"cards_obtained":["Injury"]},{"cards_removed":["Injury"],"damage_healed":0.0,"max_hp_gain":0.0,"max_hp_loss":0.0,"gold_gain":0.0,"event_name":"Wheel of Change","player_choice":"Card Removal","floor":5.0,"gold_loss":0.0,"damage_taken":0.0},{"damage_healed":0.0,"max_hp_gain":0.0,"max_hp_loss":0.0,"gold_gain":0.0,"event_name":"World of Goop","player_choice":"Left Gold","floor":12.0,"gold_loss":27.0,"damage_taken":0.0}],"is_beta":false,"boss_relics":[],"items_purged_floors":[],"is_endless":false,"potions_floor_spawned":[1,4,14],"killed_by":"The Guardian","ascension_level":8}}