{"host":"bu0lvejwxlz725fi","time":1609522024,"event":{"mods":["AchievementEnabler","Astrologer","BaseMod","Colored Powertips","Downfall","Hermit","Jorbs\u0027s Wanderer Trilogy","Minty Spire (QoL Compilation)","Quick Restart","Robot Space Explorer","StSLib","The Bug Knight","The Disciple","The Hierophant","The Necromancer","The Runesmith","The Servant 0.9.4","The Wild Card"],"gold_per_floor":[116,142,43,62,81,81,75,96,96,96,135,135,178,226,226,234,234],"floor_reached":16,"playtime":784,"items_purged":[],"score":181,"play_id":"ac7b318c-ef3a-4848-bfc4-787a0b9eb437","local_time":"20210101182704","is_ascension_mode":false,"campfire_choices":[{"data":"hierophant:ChurchCoffers","floor":6,"key":"SMITH"},{"data":"hierophant:WrathOfGod","floor":10,"key":"SMITH"},{"floor":12,"key":"REST"},{"floor":15,"key":"REST"}],"circlet_count":0,"master_deck":["hierophant:Strike_Hierophant","hierophant:Strike_Hierophant","hierophant:Strike_Hierophant","hierophant:Strike_Hierophant","hierophant:Punish","hierophant:Defend_Hierophant","hierophant:Defend_Hierophant","hierophant:Defend_Hierophant","hierophant:Defend_Hierophant","hierophant:ChurchCoffers+1","hierophant:Doubloon","hierophant:CursedGold","hierophant:Flagellation","hierophant:Smite","hierophant:MorningPrayer","hierophant:Embezzle","hierophant:WrathOfGod+1","hierophant:RustyCrate","hierophant:Doubloon","hierophant:Doubloon","hierophant:DeathKnell","hierophant:FieryStrike","hierophant:FieryStrike"],"relics":["hierophant:PropheticMaskRelic","NeowsBlessing","Bottled Flame","Gambling Chip"],"acts_visited":["Exordium"],"potions_floor_usage":[16],"damage_taken":[{"damage":0,"enemies":"Jaw Worm","floor":1,"turns":1},{"damage":0,"enemies":"2 Louse","floor":2,"turns":1},{"damage":0,"enemies":"Small Slimes","floor":4,"turns":1},{"damage":0,"enemies":"3 Louse","floor":5,"turns":2},{"damage":10,"enemies":"Gremlin Gang","floor":7,"turns":1},{"damage":4,"enemies":"Lots of Slimes","floor":8,"turns":3},{"damage":15,"enemies":"3 Sentries","floor":11,"turns":1},{"damage":0,"enemies":"3 Louse","floor":13,"turns":2},{"damage":15,"enemies":"Exordium Wildlife","floor":14,"turns":2}],"seed_played":"3194408963298822648","potions_obtained":[{"floor":1,"key":"SpeedPotion"},{"floor":5,"key":"Explosive Potion"},{"floor":7,"key":"Weak Potion"},{"floor":14,"key":"Explosive Potion"}],"is_trial":false,"path_per_floor":["M","M","$","M","M","R","M","M","T","R","E","R","M","M","R","B"],"character_chosen":"HIEROPHANT","items_purchased":["hierophant:Smite","hierophant:MorningPrayer"],"campfire_rested":2,"item_purchase_floors":[3,3],"current_hp_per_floor":[75,75,75,75,75,75,65,61,61,61,46,68,68,53,75,0,0],"gold":234,"neow_bonus":"THREE_ENEMY_KILL","is_daily":false,"chose_seed":false,"campfire_upgraded":2,"win_rate":0.0,"timestamp":1609522024,"path_taken":["M","M","$","M","M","R","M","M","T","R","E","R","M","M","R","BOSS"],"items_purchased_type":["Card","Card"],"build_version":"2020-12-22","purchased_purges":0,"victory":false,"max_hp_per_floor":[75,75,75,75,75,75,75,75,75,75,75,75,75,75,75,75,75],"card_choices":[{"not_picked":["hierophant:PristineSoul","hierophant:MorningPrayer"],"picked":"hierophant:CursedGold","floor":1},{"not_picked":["hierophant:RecallFunds","hierophant:Sermon"],"picked":"hierophant:Flagellation","floor":2},{"not_picked":["hierophant:TollTheBells","hierophant:FlamingChariot"],"picked":"hierophant:Embezzle","floor":4},{"not_picked":["hierophant:Bribe","hierophant:Empathy"],"picked":"hierophant:WrathOfGod","floor":5},{"not_picked":["hierophant:Remorse","hierophant:Encroach","hierophant:HammerAndAnvil"],"picked":"SKIP","floor":7},{"not_picked":["hierophant:Community","hierophant:OrnateBuckler"],"picked":"hierophant:RustyCrate","floor":8},{"not_picked":["hierophant:Upheaval","hierophant:AuricShield"],"picked":"hierophant:DeathKnell","floor":11},{"not_picked":["hierophant:RepressedViolence","hierophant:Encroach"],"picked":"hierophant:FieryStrike","floor":13},{"not_picked":["hierophant:FaithHealing","hierophant:Dazzle"],"picked":"hierophant:FieryStrike","floor":14}],"player_experience":138699,"relics_obtained":[{"floor":9,"key":"Bottled Flame"},{"floor":11,"key":"Gambling Chip"}],"event_choices":[],"is_beta":false,"boss_relics":[],"items_purged_floors":[],"is_endless":false,"potions_floor_spawned":[1,5,7,14],"killed_by":"Hexaghost","ascension_level":0}}