{"host":"nmjik3bzoelmmajy","time":1609460927,"event":{"mods":["BaseMod","Better Third Choice","Colored Map","DeckTracker","Minty Spire (QoL Compilation)","Quick Restart","Say the Spire","StSLib","SuperFastMode"],"gold_per_floor":[114,129,129,129,129,157,157,185,185,96,96,109,125,141,141,218,218,228,258,258,258,164,164,164],"floor_reached":23,"playtime":949,"items_purged":["Strike_G","Writhe"],"score":490,"play_id":"f8c67c24-2c57-47ae-95af-d1e8607418d5","local_time":"20210101092847","is_ascension_mode":true,"campfire_choices":[{"data":"Dagger Spray","floor":7,"key":"SMITH"},{"data":"Well Laid Plans","floor":11,"key":"SMITH"},{"data":"Cloak And Dagger","floor":15,"key":"SMITH"}],"circlet_count":0,"master_deck":["AscendersBane","Strike_G","Strike_G","Strike_G","Defend_G","Defend_G","Defend_G","Defend_G","Defend_G","Survivor+1","Neutralize","Backflip+1","Dagger Spray+1","Backstab","PiercingWail","Well Laid Plans+1","Caltrops","Cloak And Dagger+1","Burst","Blade Dance","Prepared","Accuracy"],"relics":["Ring of the Snake","NeowsBlessing","Smiling Mask","Art of War","War Paint","Ornamental Fan","WristBlade","Red Mask","Calipers"],"acts_visited":["Exordium","TheCity"],"potions_floor_usage":[8,14,16,19,23],"damage_taken":[{"damage":0.0,"enemies":"Cultist","floor":1.0,"turns":1.0},{"damage":0.0,"enemies":"Small Slimes","floor":2.0,"turns":2.0},{"damage":0,"enemies":"Lagavulin","floor":6,"turns":1},{"damage":9,"enemies":"3 Sentries","floor":8,"turns":7},{"damage":0,"enemies":"2 Louse","floor":12,"turns":3},{"damage":0,"enemies":"Blue Slaver","floor":13,"turns":4},{"damage":2,"enemies":"Exordium Thugs","floor":14,"turns":4},{"damage":0,"enemies":"The Guardian","floor":16,"turns":16},{"damage":19,"enemies":"Spheric Guardian","floor":18,"turns":4},{"damage":12,"enemies":"Masked Bandits","floor":19,"turns":5},{"damage":34,"enemies":"Slavers","floor":23,"turns":3}],"seed_played":"3949896390247689502","potions_obtained":[{"floor":6,"key":"Block Potion"},{"floor":8,"key":"Explosive Potion"},{"floor":13,"key":"Explosive Potion"},{"floor":18,"key":"GamblersBrew"},{"floor":19,"key":"ColorlessPotion"}],"is_trial":false,"path_per_floor":["M","M","?","?","T","E","R","E","T","$","R","M","M","M","R","B",null,"M","?","?","?","$","E"],"character_chosen":"THE_SILENT","items_purchased":["Well Laid Plans","Accuracy"],"campfire_rested":0,"item_purchase_floors":[10,22],"current_hp_per_floor":[59,59,59,52,52,52,52,43,43,43,43,43,43,41,41,41,60,41,29,29,29,29,0,0],"gold":164,"neow_bonus":"THREE_ENEMY_KILL","is_daily":false,"chose_seed":false,"campfire_upgraded":3,"win_rate":0.0,"timestamp":1609460927,"path_taken":["M","?","?","?","?","E","R","E","T","$","R","M","M","?","R","BOSS","M","?","?","?","$","E"],"items_purchased_type":["Card","Card"],"build_version":"2020-12-22","purchased_purges":2,"victory":false,"max_hp_per_floor":[66,66,66,66,66,66,66,66,66,66,66,66,66,66,66,66,66,66,66,66,66,66,66,66],"card_choices":[{"not_picked":["Acrobatics","Finisher"],"picked":"Backflip","floor":1.0},{"not_picked":["Skewer","Expertise"],"picked":"Dagger Spray","floor":2.0},{"not_picked":["Slice","Expertise"],"picked":"Backstab","floor":6},{"not_picked":["Predator","Dash"],"picked":"PiercingWail","floor":8},{"not_picked":["Predator","Dagger Throw"],"picked":"Caltrops","floor":12},{"not_picked":["Dodge and Roll","Underhanded Strike","Unload"],"picked":"SKIP","floor":13},{"not_picked":["Sucker Punch","Slice"],"picked":"Cloak And Dagger","floor":14},{"not_picked":["A Thousand Cuts","Wraith Form v2"],"picked":"Burst","floor":16},{"not_picked":["Poisoned Stab","Flying Knee+1"],"picked":"Blade Dance","floor":18},{"not_picked":["Skewer","Dagger Spray"],"picked":"Prepared","floor":19}],"player_experience":492945,"relics_obtained":[{"floor":5,"key":"Smiling Mask"},{"floor":6,"key":"Art of War"},{"floor":8,"key":"War Paint"},{"floor":9,"key":"Ornamental Fan"},{"floor":19,"key":"Red Mask"}],"event_choices":[{"damage_healed":59,"gold_gain":0,"player_choice":"Leave","damage_taken":0,"max_hp_gain":0,"max_hp_loss":66,"event_name":"betterThird:BetterShining","floor":3,"gold_loss":0},{"cards_removed":["Strike_G"],"damage_healed":0,"gold_gain":0,"player_choice":"Card Removal","damage_taken":7,"max_hp_gain":0,"max_hp_loss":0,"event_name":"Golden Wing","floor":4,"gold_loss":0},{"damage_healed":0,"gold_gain":0,"player_choice":"Fought Bandits","damage_taken":0,"max_hp_gain":0,"max_hp_loss":0,"event_name":"Masked Bandits","floor":19,"gold_loss":0},{"damage_healed":0,"gold_gain":0,"player_choice":"Ignored","damage_taken":0,"max_hp_gain":0,"max_hp_loss":0,"event_name":"Cursed Tome","floor":20,"gold_loss":0},{"damage_healed":0,"gold_gain":0,"player_choice":"Opened","damage_taken":0,"relics_obtained":["Calipers"],"max_hp_gain":0,"max_hp_loss":0,"event_name":"The Mausoleum","floor":21,"gold_loss":0,"cards_obtained":["Writhe"]}],"is_beta":false,"boss_relics":[{"not_picked":["Black Star","Ring of the Serpent"],"picked":"WristBlade"}],"items_purged_floors":[10,22],"is_endless":false,"potions_floor_spawned":[6,8,13,18,19],"killed_by":"Slavers","ascension_level":16}}