{"host":"bux1pdxjwq4dkad9","time":1609482752,"event":{"mods":["ATMod(阿瑾Mod)","BaseMod","Colored Map","Evolution","HumanHunterMod(怪物杀人mod)","Minty Spire (QoL Compilation)","MostiFishMod","Quick Restart","StSLib","SuperFastMode","TestMod","【遗物Mod】死灵法师NEW","【遗物Mod】简单游戏","【遗物卡牌】REMEMod"],"gold_per_floor":[114,128,142,67,80,80,109,125,125,153,131,131,161,175,175,258,258,271,271,271,288,306,306,306,306],"floor_reached":24,"playtime":1967,"items_purged":["Strike_W"],"score":640,"play_id":"0c95e0b7-d417-48fc-b5ce-cff21bb9f5c0","local_time":"20210101143232","is_ascension_mode":true,"campfire_choices":[{"data":"HalloweenModCandy","floor":6.0,"key":"SMITH"},{"data":"HalloweenModCandy","floor":12.0,"key":"SMITH"},{"data":"Cloudkill","floor":15.0,"key":"SMITH"},{"floor":23,"key":"RECALL"}],"circlet_count":0,"master_deck":["AscendersBane","Strike_W","Defend_W","Defend_W","Defend_W","Negative_Energy_Arrows","Bone_Wall","AT_RealFormLess","Cloudkill+1","HalloweenModTrick","HalloweenModCandy+1","HalloweenModGhostCostume","HalloweenModCandy+1"],"relics":["Vampire_Amulet","EVO:Axolotl","AT_ATBox","DaveBox","testmod-TestBox","REME_ComplimentaryCards","HaiYi:Twilight","HalloweenModHalloween","Blue Candle","SynthV:TestCard","testmod-Motorcycle","EasyMod:Easy_4","Lantern","Happy Flower","AT_ForceNature","testmod-SaigiyounoYou"],"acts_visited":["Exordium","TheCity"],"potions_floor_usage":[22,24,24],"damage_taken":[{"damage":0.0,"enemies":"Cultist","floor":1.0,"turns":1.0},{"damage":0.0,"enemies":"Jaw Worm","floor":2.0,"turns":4.0},{"damage":7.0,"enemies":"2 Louse","floor":3.0,"turns":5.0},{"damage":1.0,"enemies":"Looter","floor":5.0,"turns":2.0},{"damage":0.0,"enemies":"3 Sentries","floor":7.0,"turns":1.0},{"damage":55.0,"enemies":"Gremlin Gang","floor":8.0,"turns":6.0},{"damage":9.0,"enemies":"Lagavulin","floor":10.0,"turns":11.0},{"damage":0.0,"enemies":"Exordium Thugs","floor":11.0,"turns":4.0},{"damage":10.0,"enemies":"3 Sentries","floor":13.0,"turns":3.0},{"damage":14.0,"enemies":"Exordium Wildlife","floor":14.0,"turns":5.0},{"damage":13.0,"enemies":"The Guardian","floor":16.0,"turns":15.0},{"damage":129.0,"enemies":"Chosen","floor":18.0,"turns":14.0},{"damage":45.0,"enemies":"3 Byrds","floor":21.0,"turns":8.0},{"damage":106,"enemies":"Snecko","floor":22,"turns":18},{"damage":90,"enemies":"Gremlin Leader","floor":24,"turns":6}],"seed_played":"5113978374688089255","potions_obtained":[{"floor":1.0,"key":"testmod-SpacePotion"},{"floor":2.0,"key":"SkillPotion"},{"floor":13.0,"key":"Weak Potion"},{"floor":14.0,"key":"testmod-TimePotion"},{"floor":16.0,"key":"Weak Potion"},{"floor":21.0,"key":"SneckoOil"}],"is_trial":false,"path_per_floor":["M","M","M","$","M","R","E","M","T","E","M","R","E","M","R","B",null,"M","?","?","M","M","R","E"],"character_chosen":"NECROMANCER","items_purchased":[],"campfire_rested":0,"item_purchase_floors":[],"current_hp_per_floor":[59,59,59,59,58,58,58,35,35,59,59,59,49,55,55,58,59,31,31,31,59,59,59,0,0],"gold":306,"neow_bonus":"REMOVE_TWO","is_daily":false,"chose_seed":false,"campfire_upgraded":3,"win_rate":0.0,"timestamp":1609482752,"path_taken":["M","?","M","$","M","R","E","M","T","E","M","R","E","M","R","BOSS","M","?","?","M","M","R","E"],"items_purchased_type":[],"build_version":"2020-12-22","purchased_purges":1,"victory":false,"max_hp_per_floor":[59,59,59,59,59,59,59,59,59,59,59,59,59,59,59,59,59,59,59,59,59,59,59,59,59],"card_choices":[{"not_picked":["HalloweenModCandy","HalloweenModTrick"],"picked":"HalloweenModGhostCostume","floor":1.0},{"not_picked":["HalloweenModTrick","HalloweenModGhostCostume","HalloweenModTrick","HalloweenModTrick"],"picked":"HalloweenModCandy","floor":2.0},{"not_picked":["HalloweenModCandy","HalloweenModGhostCostume","HalloweenModTrick","HalloweenModGhostCostume"],"picked":"HalloweenModTrick","floor":3.0},{"not_picked":["HalloweenModTrick","HalloweenModGhostCostume","HalloweenModTrick","HalloweenModGhostCostume"],"picked":"HalloweenModCandy","floor":5.0},{"not_picked":["HalloweenModCandy","HalloweenModTrick","HalloweenModCandy","HalloweenModCandy"],"picked":"HalloweenModGhostCostume","floor":7.0},{"not_picked":["HalloweenModGhostCostume","HalloweenModTrick","HalloweenModCandy","HalloweenModTrick","HalloweenModTrick"],"picked":"SKIP","floor":8.0},{"not_picked":["HalloweenModGhostCostume","HalloweenModTrick","HalloweenModCandy","HalloweenModCandy"],"picked":"HalloweenModCandy","floor":10.0},{"not_picked":["HalloweenModTrick","HalloweenModGhostCostume","HalloweenModCandy","HalloweenModGhostCostume","HalloweenModGhostCostume"],"picked":"SKIP","floor":11.0},{"not_picked":["HalloweenModGhostCostume","HalloweenModTrick","HalloweenModCandy","HalloweenModCandy","HalloweenModCandy"],"picked":"SKIP","floor":13.0},{"not_picked":["HalloweenModTrick","HalloweenModCandy","HalloweenModGhostCostume","HalloweenModCandy","HalloweenModTrick"],"picked":"SKIP","floor":14.0},{"not_picked":["HalloweenModGhostCostume","HalloweenModTrick","HalloweenModCandy","HalloweenModGhostCostume+1","HalloweenModGhostCostume"],"picked":"SKIP","floor":18.0},{"not_picked":["HalloweenModCandy","HalloweenModTrick","HalloweenModGhostCostume","HalloweenModGhostCostume","HalloweenModTrick+1"],"picked":"SKIP","floor":21.0},{"not_picked":["HalloweenModCandy","HalloweenModTrick","HalloweenModGhostCostume","HalloweenModTrick","HalloweenModTrick"],"picked":"SKIP","floor":22}],"player_experience":3169156,"relics_obtained":[{"floor":1.0,"key":"SynthV:TestCard"},{"floor":7.0,"key":"testmod-Motorcycle"},{"floor":10.0,"key":"Happy Flower"},{"floor":13.0,"key":"AT_ForceNature"}],"event_choices":[{"damage_healed":0.0,"max_hp_gain":0.0,"max_hp_loss":0.0,"gold_gain":0.0,"event_name":"给自己的盒子","player_choice":"Ignored","floor":19.0,"gold_loss":0.0,"damage_taken":0.0},{"damage_healed":0.0,"max_hp_gain":0.0,"max_hp_loss":0.0,"gold_gain":0.0,"event_name":"Vampires","player_choice":"Ignored","floor":20.0,"gold_loss":0.0,"damage_taken":0.0}],"is_beta":false,"boss_relics":[{"not_picked":["RhineFirstAidKit","Transparent"],"picked":"testmod-SaigiyounoYou"}],"items_purged_floors":[4],"is_endless":false,"potions_floor_spawned":[1,2,3,13,14,16,21],"killed_by":"Gremlin Leader","ascension_level":20}}