{"host":"ydujlihd8f5px9gp","time":1609528205,"event":{"mods":["AchievementEnabler","BaseMod","Block Reminder","Colored Map","Minty Spire (QoL Compilation)","ojb\u0027s Info Mod"],"gold_per_floor":[112,131,141,152,164,164,196,214,268,282,282,157,176,126,126,230,230,245,170,170,70,89,89,101,101,125,125,125,125,125,224,224,224,224],"floor_reached":33,"playtime":961,"items_purged":["Defend_R","Strike_R"],"score":247,"play_id":"b8b14228-8e8a-490c-8c00-60b9815cbe57","local_time":"20210101171005","is_ascension_mode":false,"campfire_choices":[{"data":"Clash","floor":6,"key":"SMITH"},{"data":"Bash","floor":11,"key":"SMITH"},{"data":"Shrug It Off","floor":15,"key":"SMITH"},{"data":"Dropkick","floor":23,"key":"SMITH"},{"data":"Strike_R","floor":27,"key":"SMITH"},{"floor":32,"key":"REST"}],"circlet_count":0,"master_deck":["Strike_R+1","Defend_R+1","Defend_R+1","Bash+1","Clash+1","Dropkick+1","Shrug It Off+1"],"relics":["Burning Blood","War Paint","Blood Vial","Empty Cage","Shuriken","Art of War","MutagenicStrength","InkBottle"],"acts_visited":["Exordium","TheCity"],"potions_floor_usage":[7,33,33],"damage_taken":[{"damage":6,"enemies":"Cultist","floor":1,"turns":3},{"damage":6,"enemies":"Jaw Worm","floor":2,"turns":5},{"damage":3,"enemies":"Small Slimes","floor":3,"turns":3},{"damage":7,"enemies":"Looter","floor":4,"turns":5},{"damage":19,"enemies":"Lots of Slimes","floor":5,"turns":6},{"damage":17,"enemies":"3 Sentries","floor":7,"turns":9},{"damage":4,"enemies":"Blue Slaver","floor":8,"turns":2},{"damage":5,"enemies":"Looter","floor":10,"turns":3},{"damage":5,"enemies":"3 Louse","floor":13,"turns":3},{"damage":40,"enemies":"The Guardian","floor":16,"turns":14},{"damage":8,"enemies":"Spheric Guardian","floor":18,"turns":4},{"damage":14,"enemies":"2 Thieves","floor":22,"turns":5},{"damage":21,"enemies":"Chosen and Byrds","floor":24,"turns":8},{"damage":21,"enemies":"Collector","floor":33,"turns":3}],"seed_played":"8755400125299860450","potions_obtained":[{"floor":3,"key":"Fire Potion"},{"floor":7,"key":"CultistPotion"},{"floor":10,"key":"Swift Potion"},{"floor":13,"key":"BlessingOfTheForge"},{"floor":22,"key":"EssenceOfSteel"}],"is_trial":false,"path_per_floor":["M","M","M","M","M","R","E","M","T","M","R","$","M","?","R","B",null,"M","?","?","$","M","R","M","$","T","R","?","?","T","?","R","B"],"character_chosen":"IRONCLAD","items_purchased":["Shrug It Off"],"campfire_rested":1,"item_purchase_floors":[12],"current_hp_per_floor":[88,88,88,87,74,74,63,65,65,68,68,68,71,71,71,39,88,86,86,86,86,80,80,67,67,67,67,50,50,50,50,77,58,58],"gold":224,"neow_bonus":"TEN_PERCENT_HP_BONUS","is_daily":false,"chose_seed":false,"campfire_upgraded":5,"win_rate":0.0,"timestamp":1609528205,"path_taken":["M","M","?","M","M","R","E","M","T","M","R","$","M","?","R","BOSS","M","?","?","$","?","R","M","$","T","R","?","?","?","?","R","BOSS"],"items_purchased_type":["Card"],"build_version":"2020-12-22","purchased_purges":2,"victory":false,"max_hp_per_floor":[88,88,88,88,88,88,88,88,88,88,88,88,88,88,88,88,88,88,88,88,88,88,88,88,88,88,88,93,93,93,93,93,93,93],"card_choices":[{"not_picked":["Havoc","Reckless Charge","Whirlwind"],"picked":"SKIP","floor":1},{"not_picked":["Wild Strike","Clothesline","Inflame"],"picked":"SKIP","floor":2},{"not_picked":["Flex","Sever Soul","Body Slam"],"picked":"SKIP","floor":3},{"not_picked":["Clothesline","Infernal Blade","Carnage"],"picked":"SKIP","floor":4},{"not_picked":["Rupture","Heavy Blade"],"picked":"Clash","floor":5},{"not_picked":["Body Slam","Dual Wield"],"picked":"Dropkick","floor":7},{"not_picked":["Iron Wave","Brutality","Armaments"],"picked":"SKIP","floor":8},{"not_picked":["Thunderclap","Headbutt","Rage"],"picked":"SKIP","floor":10},{"not_picked":["Battle Trance","Hemokinesis","Blood for Blood"],"picked":"SKIP","floor":13},{"not_picked":["Perfected Strike+1","Blood for Blood","Twin Strike"],"picked":"SKIP","floor":18},{"not_picked":["Flex+1","Heavy Blade+1","Wild Strike"],"picked":"SKIP","floor":22},{"not_picked":["Battle Trance","Power Through","Fire Breathing"],"picked":"SKIP","floor":24}],"player_experience":90592,"relics_obtained":[{"floor":7,"key":"War Paint"},{"floor":9,"key":"Blood Vial"},{"floor":26,"key":"Art of War"},{"floor":30,"key":"InkBottle"}],"event_choices":[{"cards_removed":["Defend_R"],"damage_healed":0,"gold_gain":0,"player_choice":"Card Removal","damage_taken":0,"max_hp_gain":0,"max_hp_loss":0,"event_name":"The Cleric","floor":14,"gold_loss":50},{"cards_removed":["Strike_R"],"damage_healed":0,"gold_gain":0,"player_choice":"Gave Gold","damage_taken":0,"max_hp_gain":0,"max_hp_loss":0,"event_name":"Beggar","floor":19,"gold_loss":75},{"damage_healed":0,"gold_gain":0,"player_choice":"Gave Potion","damage_taken":0,"relics_obtained":["Shuriken"],"max_hp_gain":0,"max_hp_loss":0,"event_name":"WeMeetAgain","floor":20,"gold_loss":0},{"damage_healed":0,"gold_gain":0,"player_choice":"Shed Blood","damage_taken":22,"max_hp_gain":5,"max_hp_loss":0,"event_name":"Forgotten Altar","floor":28,"gold_loss":0},{"damage_healed":0,"gold_gain":0,"player_choice":"Inject Mutagens","damage_taken":0,"relics_obtained":["MutagenicStrength"],"max_hp_gain":0,"max_hp_loss":0,"event_name":"Drug Dealer","floor":29,"gold_loss":0},{"damage_healed":0,"gold_gain":99,"player_choice":"Stole From Cult","damage_taken":0,"max_hp_gain":0,"max_hp_loss":0,"event_name":"Nest","floor":31,"gold_loss":0}],"is_beta":false,"boss_relics":[{"not_picked":["Philosopher\u0027s Stone","Calling Bell"],"picked":"Empty Cage"}],"items_purged_floors":[12,21],"is_endless":false,"potions_floor_spawned":[3,7,10,13,16,22,24],"killed_by":"Collector","ascension_level":0}}