{"host":"yassvrowvc2yfwp2","time":1609478491,"event":{"mods":["2.2 Compatiblity","Act Like it!","BaseMod","Better Note","Downfall","HololiveMod","Jorbs\u0027s Wanderer Trilogy","Minty Spire (QoL Compilation)","Prisma Mod","Rare Cards Sparkle","Reimu£®≤©¿ˆ¡È√Œ£©","Replay The Spire","Spicy Shops","StSLib","The Bug Knight","The Cursed","The Servant 0.9.4"],"gold_per_floor":[114,129,144,144,94,124,49,79,79,94,124,124,154,179,179,287,287,316,316,343,343,353,353],"floor_reached":22,"playtime":1636,"items_purged":[],"score":314,"play_id":"0282dbc1-ecf4-4506-8d2b-05eedf7b05d4","local_time":"20210101132131","daily_mods":["Heirloom","Diverse","Elite Swarm"],"is_ascension_mode":false,"campfire_choices":[{"floor":12,"key":"REST"},{"data":"sneckomod:UnknownRareAttack","floor":15,"key":"SMITH"}],"circlet_count":0,"master_deck":["Strike_G","Strike_G","Strike_G","Strike_G","Strike_G","Defend_G","Defend_G","Defend_G","Defend_G","Survivor","Neutralize","stsjorbsmod:Hurt","PrismaMod:MiyuCheapDexBuff","Melter","sneckomod:UnknownRareAttack+1","PrismaMod:ChloeHalloween","PrismaMod:MiyuCheapStrBuff","Guardian:StasisField","stsjorbsmod:Procrastination","CleanRite:ReiMu","stsjorbsmod:MagicMirror","stsjorbsmod:IvoryTower","champ:ShieldSigil","Fluid Movement+1"],"relics":["Ring of the Snake","Mango","champ:DeflectingBracers","Akabeko","Ancient Tea Set","Bag of Marbles","Pet Ghost","Replay:Bandana","Runic Dome"],"acts_visited":["Exordium","TheCity"],"potions_floor_usage":[11,20],"damage_taken":[{"damage":1.0,"enemies":"Cultist","floor":1.0,"turns":5.0},{"damage":0.0,"enemies":"Small Slimes","floor":2.0,"turns":4.0},{"damage":0.0,"enemies":"2 Louse","floor":3.0,"turns":4.0},{"damage":21,"enemies":"3 Sentries","floor":6,"turns":8},{"damage":30,"enemies":"Lagavulin","floor":8,"turns":7},{"damage":1,"enemies":"Exordium Wildlife","floor":10,"turns":4},{"damage":0,"enemies":"Gremlin Nob","floor":11,"turns":3},{"damage":0,"enemies":"Replay:BlueRogue","floor":13,"turns":1},{"damage":0,"enemies":"3 Louse","floor":14,"turns":2},{"damage":42,"enemies":"Slime Boss","floor":16,"turns":12},{"damage":22,"enemies":"3 Byrds","floor":18,"turns":8},{"damage":10,"enemies":"3 Cultists","floor":20,"turns":5},{"damage":14,"enemies":"Shelled Parasite and Fungi","floor":22,"turns":7}],"seed_played":"-2495295926900846280","potions_obtained":[{"floor":1.0,"key":"GamblersBrew"},{"floor":3.0,"key":"Dexterity Potion"},{"floor":10,"key":"Explosive Potion"},{"floor":13,"key":"Adrenaline Potion"}],"is_trial":false,"path_per_floor":["M","M","M","?","?","E","$","E","T","M","E","R","E","M","R","B",null,"M","?","M","?","M"],"character_chosen":"THE_SILENT","items_purchased":["Akabeko"],"campfire_rested":1,"item_purchase_floors":[7],"current_hp_per_floor":[83,83,83,83,83,62,62,32,32,31,31,56,56,56,56,39,105,83,83,73,73,59,59],"gold":353,"neow_bonus":"","is_daily":true,"chose_seed":false,"campfire_upgraded":1,"win_rate":0.0,"timestamp":1609478491,"path_taken":["M","M","?","?","?","E","?","E","T","?","E","R","E","M","R","BOSS","M","?","?","?","M"],"items_purchased_type":["Relic"],"build_version":"2020-12-22","purchased_purges":0,"victory":false,"max_hp_per_floor":[84,84,84,84,84,84,84,84,84,84,84,84,84,84,84,105,105,105,105,105,105,105,105],"card_choices":[{"not_picked":["ReplayTheSpireMod:Limb From Limb","HollowMod:DescendingDark"],"picked":"stsjorbsmod:Hurt","floor":1.0},{"not_picked":["Rupture","Rewind"],"picked":"PrismaMod:MiyuCheapDexBuff","floor":2.0},{"not_picked":["Fasting2","hexamod:NightmareGuise"],"picked":"Melter","floor":3.0},{"not_picked":["Dreaming:ReiMu","Hololive_AWSL"],"picked":"sneckomod:UnknownRareAttack","floor":6},{"not_picked":["HollowMod:PureVessel","stsjorbsmod:ArcaneForm"],"picked":"PrismaMod:ChloeHalloween","floor":8},{"not_picked":["Poisoned Stab","hexamod:HeatCrush"],"picked":"PrismaMod:MiyuCheapStrBuff","floor":10},{"not_picked":["PrismaMod:IllyaUberPoisonChannel","Slimebound:DouseInSlime"],"picked":"Guardian:StasisField","floor":11},{"not_picked":["Duplication","Hololive_FlareMind"],"picked":"CleanRite:ReiMu","floor":13},{"not_picked":["PrismaMod:MiyuUberAOEAttack","TheCursedMod:Stretching"],"picked":"stsjorbsmod:MagicMirror","floor":14},{"not_picked":["champ:EnchantCrown","Seek"],"picked":"stsjorbsmod:IvoryTower","floor":16},{"not_picked":["EmptyBody","PrismaMod:MiyuEvokeAll"],"picked":"champ:ShieldSigil","floor":18},{"not_picked":["CutThroughFate+1","ReplayTheSpireMod:Strike From Hell"],"picked":"Fluid Movement+1","floor":20}],"player_experience":1972269,"relics_obtained":[{"floor":6,"key":"champ:DeflectingBracers"},{"floor":8,"key":"Ancient Tea Set"},{"floor":9,"key":"Bag of Marbles"},{"floor":11,"key":"Pet Ghost"},{"floor":13,"key":"Replay:Bandana"}],"event_choices":[{"cards_removed":["Defend_G"],"damage_healed":0,"gold_gain":0,"player_choice":"Card Removal","damage_taken":0,"max_hp_gain":0,"max_hp_loss":0,"event_name":"The Cleric","floor":5,"gold_loss":50},{"damage_healed":0,"gold_gain":0,"player_choice":"Ignored","damage_taken":0,"max_hp_gain":0,"max_hp_loss":0,"event_name":"N\u0027loth","floor":19,"gold_loss":0}],"is_beta":false,"boss_relics":[{"not_picked":["Snecko Heart","Painkiller Herb"],"picked":"Runic Dome"}],"items_purged_floors":[],"is_endless":false,"potions_floor_spawned":[1,3,10,13,14],"killed_by":"Shelled Parasite and Fungi","ascension_level":0}}