{"host":"newqdrzxfhh2im9e","time":1609526732,"event":{"mods":["AchievementEnabler","BaseMod","BetterRewards","Block Reminder","Colored Map","Jorbs\u0027s Wanderer Trilogy","Minty Spire (QoL Compilation)","Rare Cards Sparkle","Shop Mod","StSLib"],"gold_per_floor":[209,5,180,180,29,29,54,54,54,74,74,88,9,21,21,116,116,127,139,65,65,92,92,92],"floor_reached":23,"playtime":681,"items_purged":[],"score":234,"play_id":"6ae39faf-0230-4164-b86a-b8352416d6d7","local_time":"20210101104532","is_ascension_mode":true,"campfire_choices":[{"data":"Static Discharge","floor":6,"key":"SMITH"},{"data":"Force Field","floor":8,"key":"SMITH"},{"data":"Storm","floor":11,"key":"SMITH"},{"data":"Sunder","floor":15,"key":"SMITH"}],"circlet_count":0,"master_deck":["Strike_B","Strike_B","Strike_B","Strike_B","Defend_B","Defend_B","Defend_B","Defend_B","Zap","Dualcast","Static Discharge+1","Force Field+1","Storm+1","All For One","Heatsinks","Sweeping Beam","Sunder+1","Core Surge","Beam Cell+1","Stack","Chaos","Necronomicurse"],"relics":["Cracked Core","Vajra","Runic Capacitor","MealTicket","Shuriken","SlaversCollar","Necronomicon","Dream Catcher"],"acts_visited":["Exordium","TheCity"],"potions_floor_usage":[7,7,12,14,16,16,16],"damage_taken":[{"damage":1,"enemies":"2 Louse","floor":1,"turns":2},{"damage":18,"enemies":"3 Sentries","floor":7,"turns":4},{"damage":1,"enemies":"Small Slimes","floor":10,"turns":3},{"damage":0,"enemies":"Cultist","floor":12,"turns":4},{"damage":6,"enemies":"Lots of Slimes","floor":14,"turns":4},{"damage":49,"enemies":"Hexaghost","floor":16,"turns":7},{"damage":16,"enemies":"Shell Parasite","floor":18,"turns":4},{"damage":20,"enemies":"Spheric Guardian","floor":19,"turns":4},{"damage":26,"enemies":"Slavers","floor":23,"turns":2}],"seed_played":"-6205502008601233617","potions_obtained":[{"floor":1,"key":"FocusPotion"},{"floor":10,"key":"EntropicBrew"},{"floor":14,"key":"Explosive Potion"},{"floor":16,"key":"PotionOfCapacity"}],"is_trial":false,"path_per_floor":["M","$","?","?","$","R","E","R","T","M","R","M","$","M","R","B",null,"M","M","$","?","T","E"],"character_chosen":"DEFECT","items_purchased":["Vajra","Block Potion","Runic Capacitor","Heatsinks","Sweeping Beam","Chaos"],"campfire_rested":0,"item_purchase_floors":[2,2,5,13,13,20],"current_hp_per_floor":[74,74,74,74,74,74,56,56,56,55,55,55,70,64,64,15,60,44,24,39,23,23,0,0],"gold":92,"neow_bonus":"HUNDRED_GOLD","is_daily":false,"chose_seed":false,"campfire_upgraded":4,"win_rate":0.0,"timestamp":1609526732,"path_taken":["M","$","?","?","$","R","E","R","T","?","R","M","?","M","R","BOSS","M","M","$","?","?","E"],"items_purchased_type":["Relic","Potion","Relic","Card","Card","Card"],"build_version":"2020-12-22","purchased_purges":0,"victory":false,"max_hp_per_floor":[75,75,75,75,75,75,75,75,75,75,75,75,75,75,75,75,75,75,75,75,75,75,75,75],"card_choices":[{"not_picked":["Steam","Redo"],"picked":"Static Discharge","floor":1},{"not_picked":["Cold Snap","Redo"],"picked":"Force Field","floor":7},{"not_picked":["Redo","Turbo"],"picked":"Storm","floor":10},{"not_picked":["Cold Snap","Coolheaded"],"picked":"All For One","floor":12},{"not_picked":["Undo","Coolheaded"],"picked":"Sunder","floor":14},{"not_picked":["Buffer","Biased Cognition"],"picked":"Core Surge","floor":16},{"not_picked":["Redo","Stack+1"],"picked":"Beam Cell+1","floor":18},{"not_picked":["Hologram","Steam"],"picked":"Stack","floor":19}],"player_experience":667636,"relics_obtained":[{"floor":7,"key":"MealTicket"},{"floor":9,"key":"Shuriken"},{"floor":21,"key":"Necronomicon"},{"floor":22,"key":"Dream Catcher"}],"event_choices":[{"damage_healed":0,"gold_gain":175,"player_choice":"AGREE","damage_taken":0,"max_hp_gain":0,"max_hp_loss":0,"event_name":"Liars Game","floor":3,"gold_loss":0,"cards_obtained":["Doubt"]},{"cards_removed":["Doubt"],"damage_healed":0,"gold_gain":0,"player_choice":"Removed Curses","damage_taken":0,"max_hp_gain":0,"max_hp_loss":0,"event_name":"Fountain of Cleansing","floor":4,"gold_loss":0},{"damage_healed":0,"gold_gain":0,"player_choice":"Obtained Book","damage_taken":16,"max_hp_gain":0,"max_hp_loss":0,"event_name":"Cursed Tome","floor":21,"gold_loss":0}],"is_beta":false,"boss_relics":[{"not_picked":["Runic Dome","FrozenCore"],"picked":"SlaversCollar"}],"items_purged_floors":[],"is_endless":false,"potions_floor_spawned":[1,10,14,16],"killed_by":"Slavers","ascension_level":5}}