{"host":"0azimyi6n3ugndj4","time":1609542351,"event":{"mods":["2.2 Compatiblity","BaseMod","Bestiary","Conspire","Curses Come First","Defuse TimeMaze Blight","Hermit","Hyrulean Relics","Infinite Spire","Minty Spire (QoL Compilation)","Relic Stats","Replay The Spire","StSLib","SuperFastMode","The Cursed","Uncapped","¡¼?Úª?ø«¡½REMEMod"],"gold_per_floor":[129,129,29,29,29,29,104,104,151,241,271,271,546,2,2,215,215,254,254,254,250,92,92,52,330,355,394,484,484,484],"floor_reached":29,"playtime":475,"items_purged":["ReplayTheSpireMod:Restless Dread"],"score":880,"play_id":"d283506e-576d-4daf-a5f6-5fe9392c2a40","local_time":"20210102080551","daily_mods":["SealedDeck","Hoarder","Insanity","Chimera","Specialized","Vintage","ControlledChaos","Allstar","Heirloom","Time Dilation","Flight","Elite Swarm","Lethality","Midas","Binary"],"is_ascension_mode":true,"campfire_choices":[{"data":"ReplayTheSpireMod:Restless Dread","floor":6,"key":"PURGE"},{"data":"ReplayTheSpireMod:Restless Dread","floor":8,"key":"PURGE"},{"floor":15,"key":"REST"},{"floor":23,"key":"REST"}],"circlet_count":0,"master_deck":["Demon Form","Wraith Form v2","Echo Form","DevaForm","AscendersBane","Bash","Survivor","Zap","Eruption","Strike_R","Strike_G","Strike_B","Defend_R","Defend_G","Defend_P","Iron Wave","Power Through","Perfected Strike","ReplayTheSpireMod:Limb From Limb","Run Through","Cleave","Armaments","Headbutt","Rampage","True Grit","REME_FearOfPain","ReplayTheSpireMod:LeadingStrike","Replay:Undeath\u0027s Touch","Pummel","Perfected Strike","Clothesline","Clash","Sword Boomerang","Anger","Battle Trance","Cleave","Heavy Blade","Havoc","ReplayTheSpireMod:Strike From Hell","Wild Strike","Headbutt","ReplayTheSpireMod:Corrosion Curse","Flex","Iron Wave","Iron Wave","conspire:ExplosiveBarrier","Clothesline","ReplayTheSpireMod:LeadingStrike","Sentinel","REME_Cut","Run Through","REME_FearOfPain","Twin Strike","Dual Wield","Intimidate","Perfected Strike","Clash","Run Through","Headbutt","Clash","Iron Wave","Shrug It Off","Dropkick","Warcry","Replay:Undeath\u0027s Touch","Bloodletting","Bloodletting","Bloodletting","Bloodletting","Bloodletting","Bloodletting","Bloodletting","Bloodletting","Bloodletting","Bloodletting","Bloodletting","Bloodletting","Bloodletting","Bloodletting","Bloodletting","Battle Trance","Battle Trance","Battle Trance","REME_SingleHolding","REME_SingleHolding","REME_SingleHolding","Ghostly Armor","Ghostly Armor","Ghostly Armor","Headbutt","Headbutt","Headbutt","Perfected Strike","Perfected Strike","Perfected Strike","Inflame","Inflame","Inflame","Body Slam","Body Slam","Body Slam","Armaments","Armaments","Armaments","Sword Boomerang","Sword Boomerang","Sword Boomerang","conspire:Charge","conspire:Charge","conspire:Charge","MasterReality","MasterReality","MasterReality","Ghostly","Ghostly","Ghostly","Regret","Regret","Regret","Parasite","Parasite","Parasite","Exhume","Exhume","Exhume"],"relics":["TheCursedMod:BlackMagic101","Frozen Eye","Busted Crown","REME_ComplimentaryCards","Gambling Chip","Peace Pipe","ReplayTheSpireMod:Ring of Exchange","zeldaRelics:BlueTunic","NlothsMask","zeldaRelics:CourageTriforce","conspire:DecoderRing","infinitespire:Cubic Diamond","infinitespire:Lucky Rock","ReplayTheSpireMod:Lightbulb","Cauldron","REME_DemonsWealth","MealTicket","ClockworkSouvenir","Ginger","Blue Doll","Pen Nib","zeldaRelics:WisdomPiece","Question Card"],"acts_visited":["Exordium","TheCity"],"potions_floor_usage":[16,16,28,28,29],"damage_taken":[{"damage":3,"enemies":"Small Slimes","floor":1,"turns":2},{"damage":11,"enemies":"Small Slimes","floor":4,"turns":3},{"damage":29,"enemies":"3 Sentries","floor":7,"turns":6},{"damage":22,"enemies":"Lagavulin","floor":10,"turns":4},{"damage":0,"enemies":"2 Louse","floor":11,"turns":1},{"damage":65,"enemies":"Hexaghost","floor":16,"turns":5},{"damage":11,"enemies":"Spheric Guardian","floor":18,"turns":3},{"damage":33,"enemies":"2 Thieves","floor":21,"turns":3},{"damage":27,"enemies":"Book of Stabbing","floor":25,"turns":3},{"damage":3,"enemies":"Cultist and Chosen","floor":27,"turns":2},{"damage":27,"enemies":"Nightmare","floor":28,"turns":4},{"damage":17,"enemies":"Centurion and Healer","floor":29,"turns":1}],"seed_played":"740785661182082233","potions_obtained":[{"floor":4,"key":"Energy Potion"},{"floor":10,"key":"Dexterity Potion"},{"floor":14,"key":"conspire:TimeTravelPotion"},{"floor":20,"key":"PowerPotion"},{"floor":20,"key":"Toxic Potion"},{"floor":21,"key":"Block Potion"},{"floor":24,"key":"Flashbang"},{"floor":24,"key":"DistilledChaos"},{"floor":27,"key":"BloodPotion"},{"floor":28,"key":"Adrenaline Potion"}],"is_trial":true,"path_per_floor":["M","?","?","?","?","R","E","R","T","E","M","?","?","$","R","B",null,"M","AVR","?","M","$","R","?","E","T","M","NM","M"],"character_chosen":"IRONCLAD","items_purchased":["infinitespire:Lucky Rock","ReplayTheSpireMod:Lightbulb","Cauldron","Pen Nib"],"campfire_rested":2,"item_purchase_floors":[14,14,14,22],"current_hp_per_floor":[71,71,71,66,66,66,43,43,43,27,33,33,33,33,55,2,57,46,46,46,13,28,50,50,23,23,20,8,0,0],"gold":484,"neow_bonus":"","is_daily":false,"chose_seed":false,"campfire_upgraded":0,"win_rate":0.0,"timestamp":1609542351,"path_taken":["M","?","?","?","?","R","E","R","T","E","?","?","?","$","R","BOSS","M","AVR","?","?","?","R","?","E","T","M","NM","?"],"items_purchased_type":["Relic","Relic","Relic","Relic"],"build_version":"2020-12-22","purchased_purges":1,"victory":false,"max_hp_per_floor":[75,75,75,75,75,75,75,75,75,75,75,75,75,75,75,75,75,75,75,75,75,75,75,75,75,75,75,75,75,75],"relic_stats":{"Peace Pipe":2,"Busted Crown":22,"counters":[12,37],"Gambling Chip":[67],"MealTicket":15,"Pen Nib":[2],"Ginger":[0],"Question Card":2,"obtain_stats":[{"zeldaRelics:BlueTunic":4,"ReplayTheSpireMod:Ring of Exchange":2,"Blue Doll":21,"infinitespire:Cubic Diamond":12,"Ginger":19,"Burning Blood":0,"ClockworkSouvenir":19,"Frozen Eye":0,"REME_DemonsWealth":17,"Gambling Chip":0,"conspire:DecoderRing":11,"MealTicket":18,"zeldaRelics:CouragePiece":7,"TheCursedMod:BlackMagic101":12,"zeldaRelics:WisdomPiece":26,"Pen Nib":22,"infinitespire:Lucky Rock":14,"Question Card":27,"zeldaRelics:CourageTriforce":25,"Peace Pipe":1,"Cauldron":14,"Busted Crown":0,"ReplayTheSpireMod:Lightbulb":14,"REME_ComplimentaryCards":0,"NlothsMask":5},{"zeldaRelics:BlueTunic":2,"ReplayTheSpireMod:Ring of Exchange":1,"Blue Doll":8,"infinitespire:Cubic Diamond":5,"Ginger":7,"Burning Blood":0,"ClockworkSouvenir":7,"Frozen Eye":0,"REME_DemonsWealth":6,"Gambling Chip":0,"conspire:DecoderRing":5,"MealTicket":7,"zeldaRelics:CouragePiece":3,"TheCursedMod:BlackMagic101":5,"zeldaRelics:WisdomPiece":9,"Pen Nib":8,"infinitespire:Lucky Rock":5,"Question Card":10,"zeldaRelics:CourageTriforce":9,"Peace Pipe":1,"Cauldron":5,"Busted Crown":0,"ReplayTheSpireMod:Lightbulb":5,"REME_ComplimentaryCards":0,"NlothsMask":2},{"zeldaRelics:BlueTunic":5,"ReplayTheSpireMod:Ring of Exchange":2,"Blue Doll":27,"infinitespire:Cubic Diamond":16,"Ginger":24,"Burning Blood":0,"ClockworkSouvenir":24,"Frozen Eye":0,"REME_DemonsWealth":21,"Gambling Chip":0,"conspire:DecoderRing":16,"MealTicket":24,"zeldaRelics:CouragePiece":11,"TheCursedMod:BlackMagic101":16,"zeldaRelics:WisdomPiece":30,"Pen Nib":27,"infinitespire:Lucky Rock":16,"Question Card":32,"zeldaRelics:CourageTriforce":30,"Peace Pipe":2,"Cauldron":16,"Busted Crown":0,"ReplayTheSpireMod:Lightbulb":16,"REME_ComplimentaryCards":0,"NlothsMask":5}]},"card_choices":[{"not_picked":[],"picked":"Parasite","floor":25},{"not_picked":["infinitespire:Pacifist"],"picked":"Exhume","floor":28}],"player_experience":1489877,"relics_obtained":[{"floor":1,"key":"Peace Pipe"},{"floor":2,"key":"ReplayTheSpireMod:Ring of Exchange"},{"floor":4,"key":"zeldaRelics:BlueTunic"},{"floor":7,"key":"zeldaRelics:CouragePiece"},{"floor":10,"key":"zeldaRelics:CouragePiece"},{"floor":11,"key":"conspire:DecoderRing"},{"floor":18,"key":"MealTicket"},{"floor":21,"key":"Blue Doll"},{"floor":25,"key":"zeldaRelics:CouragePiece"},{"floor":26,"key":"zeldaRelics:WisdomPiece"},{"floor":27,"key":"Question Card"},{"floor":28,"key":"zeldaRelics:WisdomPiece"}],"event_choices":[{"damage_healed":0,"gold_gain":0,"player_choice":"Argue","damage_taken":0,"max_hp_gain":0,"max_hp_loss":0,"event_name":"conspire:LoneGhost","floor":3,"gold_loss":0},{"damage_healed":0,"gold_gain":0,"player_choice":"Trade","damage_taken":0,"relics_obtained":["NlothsMask"],"max_hp_gain":0,"max_hp_loss":0,"event_name":"FaceTrader","floor":5,"gold_loss":0},{"damage_healed":0,"gold_gain":275,"player_choice":"Desecrate","damage_taken":0,"max_hp_gain":0,"max_hp_loss":0,"event_name":"Golden Shrine","floor":13,"gold_loss":0,"cards_obtained":["Regret"]},{"damage_healed":0,"gold_gain":0,"player_choice":"Got Potions","damage_taken":0,"max_hp_gain":0,"max_hp_loss":0,"event_name":"Lab","floor":20,"gold_loss":0},{"damage_healed":0,"gold_gain":0,"player_choice":"Bought 3 Potions","damage_taken":0,"max_hp_gain":0,"max_hp_loss":0,"event_name":"The Woman in Blue","floor":24,"gold_loss":0}],"is_beta":false,"boss_relics":[{"not_picked":["Ooze Armor","Medical Kit"],"picked":"REME_DemonsWealth"}],"items_purged_floors":[19],"is_endless":true,"potions_floor_spawned":[4,10,21,27,28],"killed_by":"Centurion and Healer","ascension_level":20}}