{"host":"2gugywxuw0nvjb3h","time":1609477321,"event":{"mods":["AchievementEnabler","BaseMod","Better Altar","Better Match","Better Note","Better Sensory Stone","Better Skull","Better Third Choice","BetterRewards","Colored Map","Colored Powertips","Curses Come First","Evolution","Filter the Spire","GifTheSpireLib","Key Reminder","Minty Spire (QoL Compilation)","Rare Cards Sparkle","Relic Sorter","Spicy Shops","StSLib"],"gold_per_floor":[114,114,114,189,214,214,249,249,276,276,306,15,15,15,15,141,141,157,157,175,191,102,102,138,158,233,246,265,265,31,31,31,31,31],"floor_reached":33,"playtime":2761,"items_purged":[],"score":261,"play_id":"fc701450-9a21-4a1b-9fd5-3abf73b6fd73","local_time":"20201231220201","is_ascension_mode":false,"campfire_choices":[{"floor":6,"key":"REST"},{"floor":8,"key":"REST"},{"floor":10,"key":"REST"},{"floor":15,"key":"REST"},{"floor":23,"key":"REST"},{"floor":32,"key":"REST"}],"circlet_count":0,"master_deck":["BowlingBash","Strike_P","Strike_P","Defend_P","Defend_P+1","Defend_P","Defend_P","Eruption","Vigilance","Collect+1","SashWhip","EmptyFist","Consecrate","Halt","A Thousand Cuts","Devotion","Tantrum+1","FlyingSleeves+1","TalkToTheHand","Finesse","FlurryOfBlows","Sanctity","ClearTheMind+1","JustLucky+1","Decay","Dramatic Entrance"],"relics":["PureWater","EVO:Axolotl","Golden Idol","Ancient Tea Set","Orichalcum","Juzu Bracelet","Bag of Preparation","StoneCalendar","Sozu","GoldenEye","Toxic Egg 2","Membership Card","Bronze Scales","ClockworkSouvenir"],"acts_visited":["Exordium","TheCity"],"potions_floor_usage":[18],"damage_taken":[{"damage":1,"enemies":"Jaw Worm","floor":1,"turns":6},{"damage":0,"enemies":"Small Slimes","floor":5,"turns":3},{"damage":18,"enemies":"3 Sentries","floor":7,"turns":8},{"damage":40,"enemies":"Hexaghost","floor":16,"turns":10},{"damage":11,"enemies":"Spheric Guardian","floor":18,"turns":5},{"damage":7,"enemies":"2 Thieves","floor":20,"turns":3},{"damage":3,"enemies":"Cultist and Chosen","floor":21,"turns":6},{"damage":18,"enemies":"Gremlin Leader","floor":24,"turns":6},{"damage":17,"enemies":"Snecko","floor":25,"turns":5},{"damage":4,"enemies":"Centurion and Healer","floor":27,"turns":5},{"damage":26,"enemies":"Snake Plant","floor":28,"turns":7},{"damage":60,"enemies":"Automaton","floor":33,"turns":6}],"seed_played":"-3600152388184452379","potions_obtained":[{"floor":16,"key":"DistilledChaos"}],"is_trial":false,"path_per_floor":["M","?","?","?","M","R","E","R","T","R","?","$","?","$","R","B",null,"M","?","M","M","$","R","E","M","T","M","M","?","$","?","R","B"],"character_chosen":"WATCHER","items_purchased":["Bag of Preparation","Halt","Finesse","Membership Card","Dramatic Entrance","Bronze Scales","ClockworkSouvenir"],"campfire_rested":6,"item_purchase_floors":[12,12,22,30,30,30,30],"current_hp_per_floor":[71,53,39,28,28,49,31,52,52,72,72,72,49,49,70,30,72,61,61,54,51,51,72,54,37,37,33,7,7,7,7,28,0,0],"gold":31,"neow_bonus":"","is_daily":false,"chose_seed":false,"campfire_upgraded":0,"win_rate":0.0,"timestamp":1609477321,"path_taken":["M","?","?","?","?","R","E","R","T","R","?","$","?","?","R","BOSS","M","?","M","M","$","R","E","M","T","M","M","?","$","?","R","BOSS"],"items_purchased_type":["Relic","Card","Card","Relic","Card","Relic","Relic"],"build_version":"2020-12-22","purchased_purges":0,"victory":false,"max_hp_per_floor":[72,72,72,72,72,72,72,72,72,72,72,72,72,72,72,72,72,72,72,72,72,72,72,72,72,72,72,72,72,72,72,72,72,72],"card_choices":[{"not_picked":["CutThroughFate","Crescendo"],"picked":"SashWhip","floor":1},{"not_picked":["Fasting2","ClearTheMind"],"picked":"EmptyFist","floor":5},{"not_picked":["Brilliance","Devotion"],"picked":"Consecrate","floor":7},{"not_picked":["ConjureBlade","Alpha"],"picked":"Devotion","floor":16},{"not_picked":["InnerPeace","SashWhip"],"picked":"Tantrum+1","floor":18},{"not_picked":["EmptyBody","SashWhip"],"picked":"FlyingSleeves+1","floor":20},{"not_picked":["ClearTheMind","LikeWater+1"],"picked":"TalkToTheHand","floor":21},{"not_picked":["SignatureMove+1","WheelKick"],"picked":"FlurryOfBlows","floor":24},{"not_picked":["WindmillStrike","SashWhip"],"picked":"Sanctity","floor":25},{"not_picked":["FlurryOfBlows","Vengeance+1"],"picked":"ClearTheMind+1","floor":27},{"not_picked":["BowlingBash","Swivel+1"],"picked":"JustLucky+1","floor":28}],"player_experience":129607,"relics_obtained":[{"floor":7,"key":"Ancient Tea Set"},{"floor":9,"key":"Orichalcum"},{"floor":24,"key":"GoldenEye"},{"floor":26,"key":"Toxic Egg 2"}],"event_choices":[{"damage_healed":0,"gold_gain":0,"player_choice":"Take Damage","damage_taken":18,"relics_obtained":["Golden Idol"],"max_hp_gain":0,"max_hp_loss":0,"event_name":"Golden Idol","floor":2,"gold_loss":0},{"damage_healed":53,"gold_gain":0,"player_choice":"Upgrade","damage_taken":14,"max_hp_gain":0,"max_hp_loss":72,"event_name":"betterThird:BetterShining","floor":3,"gold_loss":0,"cards_upgraded":["Defend_P","Collect"]},{"damage_healed":0,"gold_gain":75,"player_choice":"Gold","damage_taken":11,"max_hp_gain":0,"max_hp_loss":0,"event_name":"betterThird:BetterGoop","floor":4,"gold_loss":0},{"damage_healed":0,"gold_gain":30,"player_choice":"Searched \u00272\u0027 times","damage_taken":0,"relics_obtained":["Juzu Bracelet"],"max_hp_gain":0,"max_hp_loss":0,"event_name":"Dead Adventurer","floor":11,"gold_loss":0},{"cards_removed":["Strike_P"],"damage_healed":0,"gold_gain":0,"player_choice":"Purged","damage_taken":0,"max_hp_gain":0,"max_hp_loss":0,"event_name":"Purifier","floor":19,"gold_loss":0},{"cards_removed":["Strike_P"],"damage_healed":0,"gold_gain":0,"player_choice":"Give","damage_taken":0,"max_hp_gain":0,"max_hp_loss":0,"event_name":"betterNote:BetterNote","floor":29,"gold_loss":0,"cards_obtained":["None"]},{"damage_healed":0,"gold_gain":0,"player_choice":"Ignored","damage_taken":0,"max_hp_gain":0,"max_hp_loss":0,"event_name":"Ghosts","floor":31,"gold_loss":0}],"is_beta":false,"boss_relics":[{"not_picked":["Cursed Key","VioletLotus"],"picked":"Sozu"}],"items_purged_floors":[],"is_endless":false,"potions_floor_spawned":[16,18,24],"killed_by":"Automaton","ascension_level":0}}