{"host":"x1qj4d8ympd5jdqh","time":1609470624,"event":{"mods":["AchievementEnabler","AlwaysNeverKeys","BaseMod","Colored Map","Custom Start","DeckTracker","Highlight Path","Minty Spire (QoL Compilation)","StSLib","SuperFastMode"],"gold_per_floor":[118,118,118,143,143,143,159,84,84,119,134,134,175,199,199,199,199],"floor_reached":16,"playtime":346,"items_purged":["Strike_R"],"score":220,"play_id":"9777ce5a-8661-4db7-8be3-d0e751d0a8ad","local_time":"20210101121024","is_ascension_mode":true,"campfire_choices":[{"floor":6.0,"key":"DIG"},{"floor":12.0,"key":"REST"},{"floor":15.0,"key":"REST"}],"circlet_count":0,"master_deck":["AscendersBane","Strike_R","Strike_R+1","Strike_R","Strike_R","Defend_R","Defend_R","Defend_R","Defend_R","Bash","Rampage","Headbutt+1","Offering","Combust","Second Wind","Exhume","Armaments"],"relics":["Burning Blood","Shovel","Turnip","Golden Idol","Mercury Hourglass","Paper Frog","Whetstone"],"acts_visited":["Exordium"],"potions_floor_usage":[16],"damage_taken":[{"damage":8.0,"enemies":"2 Louse","floor":1.0,"turns":2.0},{"damage":5.0,"enemies":"Small Slimes","floor":4.0,"turns":4.0},{"damage":1.0,"enemies":"Cultist","floor":7.0,"turns":3.0},{"damage":44.0,"enemies":"Gremlin Nob","floor":10.0,"turns":4.0},{"damage":16.0,"enemies":"Blue Slaver","floor":11.0,"turns":3.0},{"damage":45.0,"enemies":"Lagavulin","floor":13.0,"turns":6.0},{"damage":6.0,"enemies":"Exordium Thugs","floor":14.0,"turns":6.0},{"damage":26,"enemies":"Slime Boss","floor":16,"turns":7}],"seed_played":"972521630564459335","potions_obtained":[{"floor":1.0,"key":"FairyPotion"},{"floor":10.0,"key":"Swift Potion"},{"floor":14.0,"key":"EssenceOfSteel"}],"is_trial":false,"path_per_floor":["M","?","?","M","?","R","M","$","T","E","M","R","E","M","R","B"],"character_chosen":"IRONCLAD","items_purchased":[],"campfire_rested":2,"item_purchase_floors":[],"current_hp_per_floor":[66,55,55,56,56,56,61,61,61,23,13,31,13,13,31,5,5],"gold":199,"neow_bonus":"ONE_RARE_RELIC","is_daily":false,"chose_seed":false,"campfire_upgraded":0,"win_rate":0.0,"timestamp":1609470624,"path_taken":["M","?","?","M","?","R","?","$","T","E","M","R","E","M","R","BOSS"],"items_purchased_type":[],"build_version":"2020-12-22","purchased_purges":1,"victory":false,"max_hp_per_floor":[68,68,62,62,62,62,62,62,62,62,62,62,62,62,62,62,62],"card_choices":[{"not_picked":["True Grit","Shrug It Off"],"picked":"Rampage","floor":1.0},{"not_picked":["Clash","Clothesline"],"picked":"Headbutt","floor":4.0},{"not_picked":["Cleave","Wild Strike"],"picked":"Combust","floor":7.0},{"not_picked":["Anger","Bloodletting"],"picked":"Second Wind","floor":10.0},{"not_picked":["Headbutt","Twin Strike"],"picked":"Exhume","floor":11.0},{"not_picked":["Searing Blow","Cleave"],"picked":"Armaments","floor":13.0},{"not_picked":["Sentinel","Rage","Havoc"],"picked":"SKIP","floor":14.0}],"player_experience":1303629,"relics_obtained":[{"floor":6.0,"key":"Mercury Hourglass"},{"floor":10.0,"key":"Paper Frog"},{"floor":13.0,"key":"Whetstone"}],"event_choices":[{"damage_healed":0.0,"max_hp_gain":0.0,"max_hp_loss":0.0,"gold_gain":0.0,"event_name":"Scrap Ooze","player_choice":"Success","floor":2.0,"gold_loss":0.0,"damage_taken":11.0,"relics_obtained":["Turnip"]},{"damage_healed":0.0,"max_hp_gain":0.0,"max_hp_loss":6.0,"gold_gain":0.0,"event_name":"Golden Idol","player_choice":"Lose Max HP","floor":3.0,"gold_loss":0.0,"damage_taken":0.0,"relics_obtained":["Golden Idol"]},{"damage_healed":0.0,"max_hp_gain":0.0,"max_hp_loss":0.0,"gold_gain":0.0,"event_name":"Match and Keep!","player_choice":"1 cards matched","floor":5.0,"gold_loss":0.0,"damage_taken":0.0,"cards_obtained":["Offering"]}],"is_beta":false,"boss_relics":[],"items_purged_floors":[8],"is_endless":false,"potions_floor_spawned":[1,10,11,14],"killed_by":"Slime Boss","ascension_level":20}}