{"host":"yuqw1qbhv58x22od","time":1609526185,"event":{"mods":["BaseMod","Infinite Spire","Minty Spire (QoL Compilation)","Replay The Spire","StSLib","The Servant 0.9.4"],"gold_per_floor":[115,115,125,140,150,150,160,160,233,244,194,38,51,65,65,65,65],"floor_reached":16,"playtime":741,"items_purged":[],"score":146,"play_id":"0b83e33f-4e67-491c-877d-89d1fcad50b5","local_time":"20210101163625","is_ascension_mode":false,"campfire_choices":[{"data":"Flex","floor":6,"key":"SMITH"},{"data":"Intimidate","floor":8,"key":"SMITH"},{"data":"Searing Blow","floor":15,"key":"SMITH"}],"circlet_count":0,"master_deck":["Strike_R","Strike_R","Strike_R","Strike_R","Strike_R","Defend_R","Defend_R","Defend_R","Defend_R","Bash+1","Warcry+1","Flex","Flex+1","Intimidate+1","Clash","Jack Of All Trades","Searing Blow+1","Disarm","Infernal Blade"],"relics":["Burning Blood","Mercury Hourglass"],"acts_visited":["Exordium"],"potions_floor_usage":[16,16],"damage_taken":[{"damage":0,"enemies":"Small Slimes","floor":1,"turns":3},{"damage":1,"enemies":"Cultist","floor":3,"turns":3},{"damage":9,"enemies":"2 Louse","floor":4,"turns":3},{"damage":28,"enemies":"Large Slime","floor":5,"turns":9},{"damage":8,"enemies":"Blue Slaver","floor":7,"turns":5},{"damage":8,"enemies":"Exordium Wildlife","floor":10,"turns":4},{"damage":5,"enemies":"Looter","floor":13,"turns":2},{"damage":12,"enemies":"3 Louse","floor":14,"turns":2}],"seed_played":"8062046340447059187","potions_obtained":[{"floor":1,"key":"Block Potion"},{"floor":5,"key":"SteroidPotion"},{"floor":10,"key":"Reflective Coating"}],"is_trial":false,"path_per_floor":["M","?","M","M","M","R","M","R","T","M","?","$","M","M","R","B"],"character_chosen":"IRONCLAD","items_purchased":["Jack Of All Trades","Searing Blow"],"campfire_rested":0,"item_purchase_floors":[12,12],"current_hp_per_floor":[80,80,80,77,55,55,53,53,53,51,51,51,52,46,46,0,0],"gold":65,"neow_bonus":"UPGRADE_CARD","is_daily":false,"chose_seed":false,"campfire_upgraded":3,"win_rate":0.0,"timestamp":1609526185,"path_taken":["M","?","M","M","M","R","M","R","T","M","?","$","M","?","R","BOSS"],"items_purchased_type":["Card","Card"],"build_version":"2020-12-22","purchased_purges":0,"victory":false,"max_hp_per_floor":[80,80,80,80,80,80,80,80,80,80,80,80,80,80,80,80,80],"card_choices":[{"not_picked":["ReplayTheSpireMod:Muscle Training","Dark Embrace"],"picked":"Warcry","floor":1},{"not_picked":["Body Slam","Headbutt"],"picked":"Flex","floor":3},{"not_picked":["Sword Boomerang","Warcry"],"picked":"Burning Pact","floor":4},{"not_picked":["Iron Wave","Run Through"],"picked":"Flex","floor":5},{"not_picked":["Warcry","Wild Strike"],"picked":"Intimidate","floor":7},{"not_picked":["Sword Boomerang","Wild Strike"],"picked":"Clash","floor":10},{"not_picked":["Sentinel","ReplayTheSpireMod:Corrosion Curse"],"picked":"Disarm","floor":13},{"not_picked":["Reckless Charge","Run Through"],"picked":"Infernal Blade","floor":14}],"player_experience":159618,"relics_obtained":[{"floor":9,"key":"Mercury Hourglass"}],"event_choices":[{"cards_removed":["Burning Pact"],"damage_healed":0,"gold_gain":0,"player_choice":"Card Removal","damage_taken":0,"max_hp_gain":0,"max_hp_loss":0,"event_name":"The Cleric","floor":11,"gold_loss":50}],"is_beta":false,"boss_relics":[],"items_purged_floors":[],"is_endless":false,"potions_floor_spawned":[1,5,10],"killed_by":"The Guardian","ascension_level":0}}