{"host":"7o30bgpqouqblh42","time":1609516925,"event":{"mods":["AchievementEnabler","Aspiration","BaseMod","Colored Map","Downfall","Highlight Path","Minty Spire (QoL Compilation)","StSLib","SuperFastMode"],"gold_per_floor":[118,118,8,24,199,230,330,346,346,358,422,432,432,432,432,533,533,552,651,651,667,685,685,719,719,719,719,751,8,24,37,37,134,134,152,52,64,64,64,84,112,131,156,167,199,199,199,249,249,249,249],"floor_reached":50,"playtime":3646,"items_purged":["Defend_P","Doubt","Strike_P"],"score":592,"play_id":"159a9b2c-8cf1-4dd5-acd2-803791c75a61","local_time":"20210101110205","is_ascension_mode":false,"campfire_choices":[{"floor":13,"key":"REST"},{"data":"ReachHeaven","floor":15,"key":"SMITH"},{"floor":23,"key":"RECALL"},{"floor":25,"key":"REST"},{"floor":32,"key":"REST"},{"floor":46,"key":"REST"},{"data":"Ragnarok","floor":49,"key":"SMITH"}],"circlet_count":0,"master_deck":["Strike_P","Strike_P","Defend_P","Defend_P","Defend_P","Eruption","Vigilance","EmptyMind","Halt+1","ReachHeaven+1","CutThroughFate","Crescendo+1","Wallop","Indignation+1","ClearTheMind+1","Scrawl+1","CurseOfTheBell","Ragnarok+1","PathToVictory+1","PathToVictory+1","Protect+1","LessonLearned","PathToVictory+1","Omniscience+1","Flex+1","Inflame+1"],"relics":["PureWater","NeowsBlessing","Toxic Egg 2","aspiration:StickyExplosives_weak","Orichalcum","Calling Bell","Blood Vial","Mercury Hourglass","Thread and Needle","Gremlin Horn","Ice Cream","The Courier","Guardian:PocketSentry","CaptainsWheel","Shuriken","aspiration:IroncladSkillbook","Happy Flower","StoneCalendar","Art of War","Lizard Tail"],"acts_visited":["Exordium","TheCity","TheBeyond"],"potions_floor_usage":[10,11,16,22,24,28,33,40,41,41,42,47],"damage_taken":[{"damage":0,"enemies":"Cultist","floor":1,"turns":1},{"damage":0,"enemies":"2 Louse","floor":4,"turns":1},{"damage":0,"enemies":"3 Sentries","floor":6,"turns":2},{"damage":0,"enemies":"Small Slimes","floor":8,"turns":3},{"damage":1,"enemies":"Red Slaver","floor":10,"turns":3},{"damage":33,"enemies":"Lagavulin Event","floor":11,"turns":7},{"damage":15,"enemies":"Exordium Wildlife","floor":12,"turns":3},{"damage":16,"enemies":"Hexaghost","floor":16,"turns":4},{"damage":14,"enemies":"Shell Parasite","floor":18,"turns":2},{"damage":6,"enemies":"3 Byrds","floor":21,"turns":4},{"damage":4,"enemies":"Snake Plant","floor":22,"turns":2},{"damage":31,"enemies":"Slavers","floor":24,"turns":5},{"damage":13,"enemies":"Gremlin Leader","floor":28,"turns":3},{"damage":0,"enemies":"Cultist and Chosen","floor":30,"turns":3},{"damage":0,"enemies":"3 Cultists","floor":31,"turns":4},{"damage":26,"enemies":"Collector","floor":33,"turns":7},{"damage":19,"enemies":"3 Darklings","floor":35,"turns":3},{"damage":3,"enemies":"Orb Walker","floor":37,"turns":3},{"damage":0,"enemies":"Transient","floor":40,"turns":5},{"damage":4,"enemies":"Giant Head","floor":41,"turns":6},{"damage":11,"enemies":"3 Darklings","floor":42,"turns":3},{"damage":11,"enemies":"Jaw Worm Horde","floor":44,"turns":4},{"damage":46,"enemies":"Nemesis","floor":45,"turns":7},{"damage":0,"enemies":"Maw","floor":47,"turns":2},{"damage":3,"enemies":"Mind Bloom Boss Battle","floor":48,"turns":4},{"damage":103,"enemies":"Awakened One","floor":50,"turns":12}],"seed_played":"-8264336323105508607","potions_obtained":[{"floor":1,"key":"SteroidPotion"},{"floor":6,"key":"Block Potion"},{"floor":8,"key":"sneckomod:MuddlingPotion"},{"floor":12,"key":"Energy Potion"},{"floor":20,"key":"DistilledChaos"},{"floor":20,"key":"LiquidMemories"},{"floor":20,"key":"SneckoOil"},{"floor":22,"key":"SmokeBomb"},{"floor":30,"key":"Ancient Potion"},{"floor":33,"key":"BottledMiracle"},{"floor":37,"key":"Fire Potion"},{"floor":40,"key":"Fruit Juice"},{"floor":41,"key":"SpeedPotion"},{"floor":44,"key":"StancePotion"}],"is_trial":false,"path_per_floor":["M","?","$","M","?","E","?","M","T","M","?","M","R","$","R","B",null,"M","?","?","M","M","R","E","R","T","?","E","$","M","M","R","B",null,"M","$","M","$","?","M","E","M","T","M","E","R","M","?","R","B"],"character_chosen":"WATCHER","items_purchased":["ReachHeaven","LessonLearned","PathToVictory+1","Guardian:PocketSentry","CaptainsWheel","Shuriken"],"campfire_rested":4,"item_purchase_floors":[3,29,29,29,29,29],"current_hp_per_floor":[72,72,72,72,72,72,72,72,72,71,38,23,44,44,44,28,72,58,58,58,54,52,52,23,44,44,44,33,33,35,37,58,34,72,57,57,60,60,60,66,73,68,68,63,23,46,52,55,55,0,0],"gold":249,"neow_bonus":"THREE_ENEMY_KILL","is_daily":false,"chose_seed":false,"campfire_upgraded":2,"win_rate":0.0,"timestamp":1609516925,"path_taken":["M","?","$","M","?","E","?","?","T","M","?","M","R","$","R","BOSS","M","?","?","?","M","R","E","R","T","?","E","$","M","?","R","BOSS","M","?","M","$","?","M","E","M","T","?","E","R","M","?","R","BOSS"],"items_purchased_type":["Card","Card","Card","Relic","Relic","Relic"],"build_version":"2020-12-22","purchased_purges":3,"victory":false,"max_hp_per_floor":[72,72,72,72,72,72,72,72,72,72,72,72,72,72,72,72,72,72,72,72,72,72,72,72,72,72,72,72,72,72,72,72,72,72,72,72,72,72,72,72,77,77,77,77,77,77,77,77,77,77,77],"card_choices":[{"not_picked":["FlurryOfBlows","EmptyBody"],"picked":"EmptyMind","floor":1},{"not_picked":["EmptyBody","CrushJoints"],"picked":"CutThroughFate","floor":4},{"not_picked":["FollowUp","WaveOfTheHand+1","JustLucky"],"picked":"SKIP","floor":6},{"not_picked":["Protect+1","Consecrate"],"picked":"Crescendo+1","floor":8},{"not_picked":["Crescendo+1","FearNoEvil"],"picked":"Wallop","floor":10},{"not_picked":["ReachHeaven","EmptyBody+1"],"picked":"Indignation+1","floor":11},{"not_picked":["CutThroughFate","Halt+1"],"picked":"ClearTheMind+1","floor":12},{"not_picked":["Blasphemy+1","MasterReality"],"picked":"Scrawl+1","floor":16},{"not_picked":["EmptyFist","FollowUp+1"],"picked":"Ragnarok","floor":18},{"not_picked":["LikeWater","Halt+1","CarveReality"],"picked":"SKIP","floor":21},{"not_picked":["EmptyBody+1","CrushJoints"],"picked":"PathToVictory+1","floor":22},{"not_picked":["Prostrate+1","Vengeance+1","CutThroughFate"],"picked":"SKIP","floor":24},{"not_picked":["DeceiveReality+1","Consecrate"],"picked":"Protect+1","floor":28},{"not_picked":["Protect+1","ClearTheMind+1","Adaptation+1"],"picked":"SKIP","floor":30},{"not_picked":["Protect+1","ThirdEye+1","CarveReality+1"],"picked":"SKIP","floor":31},{"not_picked":["Blasphemy+1","LessonLearned"],"picked":"Omniscience+1","floor":33},{"not_picked":["SignatureMove+1","Rupture","Consecrate+1","Clash+1"],"picked":"SKIP","floor":35},{"not_picked":["Wild Strike+1","ThirdEye+1","Warcry+1","WreathOfFlame+1"],"picked":"SKIP","floor":37},{"not_picked":["WheelKick","Shrug It Off+1","Body Slam+1","Clothesline"],"picked":"SKIP","floor":40},{"not_picked":["Impervious+1","Combust","Dark Embrace+1","Bloodletting+1"],"picked":"SKIP","floor":41},{"not_picked":["EmptyFist+1","Consecrate","TalkToTheHand"],"picked":"Flex+1","floor":42},{"not_picked":["ThirdEye+1","Thunderclap+1","FlyingSleeves","WaveOfTheHand+1"],"picked":"SKIP","floor":44},{"not_picked":["Headbutt","Conclude+1","FlurryOfBlows+1"],"picked":"Inflame+1","floor":45}],"player_experience":212812,"relics_obtained":[{"floor":6,"key":"Toxic Egg 2"},{"floor":9,"key":"aspiration:StickyExplosives_weak"},{"floor":11,"key":"Orichalcum"},{"floor":17,"key":"Blood Vial"},{"floor":17,"key":"Mercury Hourglass"},{"floor":17,"key":"Thread and Needle"},{"floor":24,"key":"Gremlin Horn"},{"floor":26,"key":"Ice Cream"},{"floor":28,"key":"The Courier"},{"floor":39,"key":"Happy Flower"},{"floor":41,"key":"StoneCalendar"},{"floor":45,"key":"Art of War"},{"floor":48,"key":"Lizard Tail"}],"event_choices":[{"damage_healed":0,"gold_gain":0,"cards_transformed":["Strike_P"],"player_choice":"Change","damage_taken":0,"max_hp_gain":0,"max_hp_loss":0,"event_name":"Living Wall","floor":2,"gold_loss":0,"cards_obtained":["Halt"]},{"damage_healed":0,"gold_gain":175,"player_choice":"AGREE","damage_taken":0,"max_hp_gain":0,"max_hp_loss":0,"event_name":"Liars Game","floor":5,"gold_loss":0,"cards_obtained":["Doubt"]},{"damage_healed":0,"gold_gain":100,"player_choice":"Pray","damage_taken":0,"max_hp_gain":0,"max_hp_loss":0,"event_name":"Golden Shrine","floor":7,"gold_loss":0},{"damage_healed":0,"gold_gain":0,"player_choice":"Searched \u00272\u0027 times","damage_taken":0,"max_hp_gain":0,"max_hp_loss":0,"event_name":"Dead Adventurer","floor":11,"gold_loss":0},{"damage_healed":0,"gold_gain":99,"player_choice":"Stole From Cult","damage_taken":0,"max_hp_gain":0,"max_hp_loss":0,"event_name":"Nest","floor":19,"gold_loss":0},{"damage_healed":0,"gold_gain":0,"player_choice":"Got Potions","damage_taken":0,"max_hp_gain":0,"max_hp_loss":0,"event_name":"Lab","floor":20,"gold_loss":0},{"damage_healed":0,"gold_gain":0,"player_choice":"Copied","damage_taken":0,"max_hp_gain":0,"max_hp_loss":0,"event_name":"Duplicator","floor":27,"gold_loss":0,"cards_obtained":["PathToVictory"]},{"damage_healed":0,"gold_gain":0,"player_choice":"Relic","damage_taken":0,"max_hp_gain":0,"max_hp_loss":0,"event_name":"Wheel of Change","floor":39,"gold_loss":0},{"damage_healed":0,"gold_gain":0,"player_choice":"Fight","damage_taken":0,"max_hp_gain":0,"max_hp_loss":0,"event_name":"MindBloom","floor":48,"gold_loss":0}],"is_beta":false,"boss_relics":[{"not_picked":["Tiny House","SacredBark"],"picked":"Calling Bell"},{"not_picked":["Runic Dome","aspiration:RunicSpoon"],"picked":"aspiration:IroncladSkillbook"}],"items_purged_floors":[3,29,36],"is_endless":false,"potions_floor_spawned":[1,6,8,12,21,22,30,33,37,40,41,44],"killed_by":"Awakened One","ascension_level":0}}