{"host":"obbn5gje3893ci3z","time":1609495875,"event":{"mods":["BaseMod","Colored Powertips","Minty Spire (QoL Compilation)","Reimu£®≤©¿ˆ¡È√Œ£©"],"gold_per_floor":[119,138,313,332,346,346,360,360,360,360,360],"floor_reached":10,"playtime":580,"items_purged":[],"score":63,"play_id":"57b2ff97-9583-449f-b91b-e5bd9be9982c","local_time":"20210101181115","is_ascension_mode":true,"campfire_choices":[{"data":"InherentArray:ReiMu","floor":6.0,"key":"SMITH"},{"data":"OctopathBindingBorder2:ReiMu","floor":8.0,"key":"SMITH"}],"circlet_count":0,"master_deck":["Strike_Lin:ReiMu","Strike_Lin:ReiMu","Strike_Lin:ReiMu","Strike_Lin:ReiMu","Defend_Lin:ReiMu","Defend_Lin:ReiMu","Defend_Lin:ReiMu","Defend_Lin:ReiMu","NB:ReiMu","Stagnation:ReiMu","Amulet:ReiMu","InherentArray:ReiMu+1","Doubt","OctopathBindingBorder2:ReiMu+1","Amulet:ReiMu","SpreadBorder2:ReiMu"],"relics":["FlyPower:ReiMu","PreservedInsect","Pantograph"],"acts_visited":["Exordium"],"potions_floor_usage":[],"damage_taken":[{"damage":3.0,"enemies":"Jaw Worm","floor":1.0,"turns":6.0},{"damage":0.0,"enemies":"2 Louse","floor":2.0,"turns":4.0},{"damage":9.0,"enemies":"Cultist","floor":4.0,"turns":9.0},{"damage":2.0,"enemies":"2 Fungi Beasts","floor":5.0,"turns":6.0},{"damage":24.0,"enemies":"Gremlin Gang","floor":7.0,"turns":8.0},{"damage":21,"enemies":"Gremlin Nob","floor":10,"turns":4}],"seed_played":"4599545861552382074","potions_obtained":[{"floor":5.0,"key":"FearPotion"}],"is_trial":false,"path_per_floor":["M","M","?","M","M","R","M","R","T","E"],"character_chosen":"REIMU","items_purchased":[],"campfire_rested":0,"item_purchase_floors":[],"current_hp_per_floor":[62,62,62,53,51,51,27,27,27,6,6],"gold":360,"neow_bonus":"RANDOM_COMMON_RELIC","is_daily":false,"chose_seed":false,"campfire_upgraded":2,"win_rate":0.0,"timestamp":1609495875,"path_taken":["M","M","?","M","M","R","M","R","T","E"],"items_purchased_type":[],"build_version":"2020-12-22","purchased_purges":0,"victory":false,"max_hp_per_floor":[65,65,65,65,65,65,65,65,65,65,65],"card_choices":[{"not_picked":["OrbThrow:ReiMu","AlertArray:ReiMu"],"picked":"Amulet:ReiMu","floor":1.0},{"not_picked":["Dreaming2:ReiMu","SubcavityInstant:ReiMu"],"picked":"InherentArray:ReiMu","floor":2.0},{"not_picked":["Meditation:ReiMu","Dreaming2:ReiMu"],"picked":"OctopathBindingBorder2:ReiMu","floor":4.0},{"not_picked":["YinYangSign:ReiMu","RainPray2:ReiMu"],"picked":"Amulet:ReiMu","floor":5.0},{"not_picked":["NineCharacters:ReiMu","OctopathSalyBorderN:ReiMu"],"picked":"SpreadBorder2:ReiMu","floor":7.0}],"player_experience":44887,"relics_obtained":[{"floor":9.0,"key":"Pantograph"}],"event_choices":[{"damage_healed":0.0,"max_hp_gain":0.0,"max_hp_loss":0.0,"gold_gain":175.0,"event_name":"Liars Game","player_choice":"AGREE","floor":3.0,"gold_loss":0.0,"damage_taken":0.0,"cards_obtained":["Doubt"]}],"is_beta":false,"boss_relics":[],"items_purged_floors":[],"is_endless":false,"potions_floor_spawned":[5],"killed_by":"Gremlin Nob","ascension_level":1}}