{"host":"c44ey07ufggfw2m8","time":1609514833,"event":{"mods":["2.2 Compatiblity","BaseMod","Colored Map","DeckTracker","Highlight Path","Keyboard Shortcuts","Minty Spire (QoL Compilation)","Permanent Neow","Quick Restart","StSLib","SuperFastMode","UnlockEverythingMod"],"gold_per_floor":[112,112,112,130,55,89,89,107,130,149,2,102,102,132,132,229,229,246,246,258,357,373,404,404,419,446,230,247,247,247,257,257,360,360,373,373,385,385,103,103,132,11,11,11,11,39,51,113,125,137],"floor_reached":51,"playtime":1656,"items_purged":["Strike_R","Strike_R","Sword Boomerang","Combust"],"score":930,"play_id":"bee053d1-6150-40a5-bbd3-e1ed9b243b0a","local_time":"20210102002713","is_ascension_mode":true,"campfire_choices":[{"data":"Bludgeon","floor":7,"key":"SMITH"},{"floor":13,"key":"REST"},{"data":"Pommel Strike","floor":15,"key":"SMITH"},{"floor":24,"key":"REST"},{"data":"Armaments","floor":29,"key":"SMITH"},{"floor":32,"key":"REST"},{"data":"Limit Break","floor":40,"key":"SMITH"},{"floor":47,"key":"REST"},{"floor":49,"key":"REST"}],"circlet_count":0,"master_deck":["Bash","Bludgeon+1","Pommel Strike+1","Iron Wave","Inflame","Heavy Blade","Sentinel","Impervious","Shrug It Off","Heavy Blade","Armaments+1","Fiend Fire","Limit Break+1","Pummel","Dropkick","Intimidate","Battle Trance","Spot Weakness+1"],"relics":["Burning Blood","Boot","Mango","Vajra","Sling","Juzu Bracelet","Busted Crown","TungstenRod","Smiling Mask","OrangePellets","Pandora\u0027s Box","Orichalcum","Bag of Preparation","Self Forming Clay","MawBank","StoneCalendar"],"acts_visited":["Exordium","TheCity","TheBeyond"],"potions_floor_usage":[14,16,23,33,46,50,50,50],"damage_taken":[{"damage":7,"enemies":"Jaw Worm","floor":1,"turns":2},{"damage":4,"enemies":"Small Slimes","floor":4,"turns":2},{"damage":32,"enemies":"Gremlin Nob","floor":6,"turns":4},{"damage":1,"enemies":"Cultist","floor":8,"turns":3},{"damage":12,"enemies":"Exordium Wildlife","floor":10,"turns":3},{"damage":18,"enemies":"3 Sentries","floor":14,"turns":7},{"damage":37,"enemies":"Hexaghost","floor":16,"turns":9},{"damage":21,"enemies":"3 Byrds","floor":18,"turns":5},{"damage":11,"enemies":"Spheric Guardian","floor":20,"turns":3},{"damage":9,"enemies":"Centurion and Healer","floor":22,"turns":4},{"damage":41,"enemies":"Book of Stabbing","floor":23,"turns":5},{"damage":25,"enemies":"Sentry and Sphere","floor":25,"turns":5},{"damage":4,"enemies":"Snecko","floor":28,"turns":4},{"damage":8,"enemies":"Snake Plant","floor":31,"turns":4},{"damage":46,"enemies":"Champ","floor":33,"turns":12},{"damage":15,"enemies":"Orb Walker","floor":35,"turns":2},{"damage":8,"enemies":"3 Shapes","floor":37,"turns":4},{"damage":52,"enemies":"Nemesis","floor":41,"turns":6},{"damage":2,"enemies":"Giant Head","floor":46,"turns":5},{"damage":9,"enemies":"Mind Bloom Boss Battle","floor":48,"turns":5},{"damage":76,"enemies":"Donu and Deca","floor":50,"turns":6}],"seed_played":"32518940736015069","potions_obtained":[{"floor":6,"key":"Block Potion"},{"floor":10,"key":"SpeedPotion"},{"floor":14,"key":"ElixirPotion"},{"floor":20,"key":"Ancient Potion"},{"floor":22,"key":"PowerPotion"},{"floor":28,"key":"Strength Potion"},{"floor":33,"key":"Ancient Potion"},{"floor":46,"key":"SkillPotion"}],"is_trial":false,"path_per_floor":["M","?","?","M","$","E","R","M","T","M","$","?","R","E","R","B",null,"M","?","M","?","M","E","R","M","T","$","M","R","?","M","R","B",null,"M","?","M","?","$","R","E","$","T","$","?","E","R","?","R","B",null],"character_chosen":"IRONCLAD","items_purchased":["Sling","Armaments","OrangePellets","Battle Trance","Orichalcum","Regen Potion"],"campfire_rested":5,"item_purchase_floors":[11,27,27,39,39,42],"current_hp_per_floor":[79,72,47,49,49,37,37,42,42,36,36,36,64,52,52,21,76,61,61,56,56,53,18,46,27,27,27,29,29,29,27,55,15,74,65,56,54,54,54,54,8,8,8,8,8,26,54,51,79,9],"gold":149,"neow_bonus":"ONE_RANDOM_RARE_CARD","is_daily":false,"chose_seed":false,"campfire_upgraded":4,"win_rate":0.0,"timestamp":1609514833,"path_taken":["M","?","?","M","$","E","R","M","T","M","$","?","R","E","R","BOSS","M","?","M","?","M","E","R","M","T","$","M","R","?","M","R","BOSS","M","?","M","?","$","R","E","$","T","$","?","E","R","?","R","BOSS"],"items_purchased_type":["Relic","Card","Relic","Card","Relic","Potion"],"build_version":"2020-12-22","purchased_purges":4,"victory":true,"max_hp_per_floor":[80,80,80,80,80,94,94,94,94,94,94,94,94,94,94,94,94,94,94,94,94,94,94,94,94,94,94,94,94,94,94,94,94,94,94,94,94,94,94,94,94,94,94,94,94,94,94,94,94,94],"card_choices":[{"not_picked":["Perfected Strike","Flame Barrier"],"picked":"Pommel Strike","floor":1},{"not_picked":["Pommel Strike","Clash"],"picked":"Iron Wave","floor":4},{"not_picked":["Shockwave","Dropkick"],"picked":"Inflame","floor":6},{"not_picked":["Anger","Rampage"],"picked":"Heavy Blade","floor":8},{"not_picked":["Iron Wave","Clash"],"picked":"Sentinel","floor":10},{"not_picked":["Power Through","Thunderclap","Iron Wave"],"picked":"SKIP","floor":14},{"not_picked":["Juggernaut","Corruption"],"picked":"Impervious","floor":16},{"not_picked":["Rampage"],"picked":"SKIP","floor":18},{"not_picked":["True Grit"],"picked":"SKIP","floor":20},{"not_picked":["Clash"],"picked":"SKIP","floor":22},{"not_picked":["Twin Strike"],"picked":"SKIP","floor":23},{"not_picked":[],"picked":"Heavy Blade","floor":25},{"not_picked":["Armaments"],"picked":"SKIP","floor":28},{"not_picked":["Fire Breathing"],"picked":"SKIP","floor":31},{"not_picked":[],"picked":"Fiend Fire","floor":33},{"not_picked":["Wild Strike"],"picked":"SKIP","floor":35},{"not_picked":["Anger+1"],"picked":"SKIP","floor":37},{"not_picked":["Heavy Blade"],"picked":"SKIP","floor":41},{"not_picked":["Wild Strike"],"picked":"SKIP","floor":46},{"not_picked":[],"picked":"Spot Weakness+1","floor":48}],"player_experience":37663,"relics_obtained":[{"floor":6,"key":"Mango"},{"floor":9,"key":"Vajra"},{"floor":14,"key":"Juzu Bracelet"},{"floor":23,"key":"TungstenRod"},{"floor":26,"key":"Smiling Mask"},{"floor":41,"key":"Bag of Preparation"},{"floor":43,"key":"Self Forming Clay"},{"floor":46,"key":"MawBank"},{"floor":48,"key":"StoneCalendar"}],"event_choices":[{"cards_removed":["Strike_R"],"damage_healed":0,"gold_gain":0,"player_choice":"Card Removal","damage_taken":7,"max_hp_gain":0,"max_hp_loss":0,"event_name":"Golden Wing","floor":2,"gold_loss":0},{"damage_healed":0,"gold_gain":0,"player_choice":"Success","damage_taken":25,"relics_obtained":["Boot"],"max_hp_gain":0,"max_hp_loss":0,"event_name":"Scrap Ooze","floor":3,"gold_loss":0},{"damage_healed":0,"gold_gain":100,"player_choice":"Gold","damage_taken":0,"max_hp_gain":0,"max_hp_loss":0,"event_name":"Wheel of Change","floor":12,"gold_loss":0},{"damage_healed":0,"gold_gain":0,"player_choice":"Read","damage_taken":0,"max_hp_gain":0,"max_hp_loss":0,"event_name":"The Library","floor":19,"gold_loss":0,"cards_obtained":["Shrug It Off"]},{"damage_healed":0,"gold_gain":99,"player_choice":"Stole From Cult","damage_taken":0,"max_hp_gain":0,"max_hp_loss":0,"event_name":"Nest","floor":21,"gold_loss":0},{"damage_healed":0,"gold_gain":0,"player_choice":"0 cards matched","damage_taken":0,"max_hp_gain":0,"max_hp_loss":0,"event_name":"Match and Keep!","floor":30,"gold_loss":0,"cards_obtained":[]},{"damage_healed":0,"gold_gain":0,"player_choice":"Memory 3","damage_taken":10,"max_hp_gain":0,"max_hp_loss":0,"event_name":"SensoryStone","floor":36,"gold_loss":0},{"damage_healed":0,"gold_gain":0,"player_choice":"Ignored","damage_taken":0,"max_hp_gain":0,"max_hp_loss":0,"event_name":"Tomb of Lord Red Mask","floor":38,"gold_loss":0},{"damage_healed":0,"gold_gain":0,"player_choice":"0 cards matched","damage_taken":0,"max_hp_gain":0,"max_hp_loss":0,"event_name":"Match and Keep!","floor":45,"gold_loss":0,"cards_obtained":[]},{"damage_healed":0,"gold_gain":0,"player_choice":"Fight","damage_taken":0,"max_hp_gain":0,"max_hp_loss":0,"event_name":"MindBloom","floor":48,"gold_loss":0}],"is_beta":false,"boss_relics":[{"not_picked":["Philosopher\u0027s Stone","Calling Bell"],"picked":"Busted Crown"},{"not_picked":["Velvet Choker","Fusion Hammer"],"picked":"Pandora\u0027s Box"}],"items_purged_floors":[5,27,39,42],"is_endless":false,"potions_floor_spawned":[6,10,14,20,22,28,33,46],"ascension_level":5}}