{"host":"my77oq6kb6j47rwl","time":1609540851,"event":{"mods":["BaseMod","Emptier Cage","Ironclad Rager","Minty Spire (QoL Compilation)","Quick Restart","Rare Cards Sparkle","StSLib"],"gold_per_floor":[17,29,40,40,40,71,81,108,178,178,206,206,217,232,232,327,327,342,82,95,20,40,40,40,40],"floor_reached":24,"playtime":3116,"items_purged":["Normality"],"score":229,"play_id":"aa5627c1-131b-4a7a-97df-fbc7a74a6a32","local_time":"20210101174051","is_ascension_mode":true,"campfire_choices":[{"floor":10,"key":"REST"},{"data":"Eruption","floor":12,"key":"SMITH"},{"floor":15,"key":"REST"},{"data":"Apotheosis","floor":23,"key":"SMITH"}],"circlet_count":0,"master_deck":["Eruption+1","Vigilance+1","FollowUp","FollowUp","FollowUp","FollowUp","ThirdEye","ThirdEye+1","ThirdEye","ThirdEye+1","Prostrate","Consecrate","JustLucky","PathToVictory+1","Adaptation","Indignation","ReachHeaven","ConjureBlade","Pray","Apotheosis+1","Nirvana"],"relics":["PureWater","Calipers","CaptainsWheel","War Paint","Pear","Odd Mushroom","Coffee Dripper"],"acts_visited":["Exordium","TheCity"],"potions_floor_usage":[],"damage_taken":[{"damage":0,"enemies":"Jaw Worm","floor":1,"turns":3},{"damage":0,"enemies":"2 Louse","floor":2,"turns":1},{"damage":0,"enemies":"Small Slimes","floor":3,"turns":2},{"damage":14,"enemies":"3 Sentries","floor":6,"turns":6},{"damage":4,"enemies":"Red Slaver","floor":7,"turns":2},{"damage":8,"enemies":"Lagavulin","floor":8,"turns":7},{"damage":7,"enemies":"The Mushroom Lair","floor":11,"turns":3},{"damage":0,"enemies":"3 Louse","floor":13,"turns":4},{"damage":0,"enemies":"Lots of Slimes","floor":14,"turns":3},{"damage":32,"enemies":"Hexaghost","floor":16,"turns":12},{"damage":10,"enemies":"3 Byrds","floor":18,"turns":6},{"damage":1,"enemies":"Chosen","floor":20,"turns":3},{"damage":28,"enemies":"3 Cultists","floor":22,"turns":5},{"damage":38,"enemies":"Slavers","floor":24,"turns":4}],"seed_played":"-7170284181174672139","potions_obtained":[{"floor":3,"key":"FearPotion"},{"floor":8,"key":"Energy Potion"},{"floor":11,"key":"SteroidPotion"},{"floor":16,"key":"SpeedPotion"}],"is_trial":false,"path_per_floor":["M","M","M","?","?","E","M","E","T","R","?","R","M","M","R","B",null,"M","$","M","?","M","R","E"],"character_chosen":"WATCHER","items_purchased":["Apotheosis"],"campfire_rested":2,"item_purchase_floors":[19],"current_hp_per_floor":[47,47,47,34,27,13,9,1,11,33,26,26,26,26,48,16,75,65,65,64,64,36,36,0,0],"gold":40,"neow_bonus":"WATCHER_SHAOLIN","is_daily":false,"chose_seed":false,"campfire_upgraded":2,"win_rate":0.0,"timestamp":1609540851,"path_taken":["M","M","M","?","?","E","M","E","T","R","?","R","M","M","R","BOSS","M","$","M","?","M","R","E"],"items_purchased_type":["Card"],"build_version":"2020-12-22","purchased_purges":1,"victory":false,"max_hp_per_floor":[65,65,65,65,65,65,65,65,75,75,75,75,75,75,75,75,75,75,75,75,75,75,75,75,75],"card_choices":[{"not_picked":["FlyingSleeves","BowlingBash"],"picked":"Prostrate","floor":1},{"not_picked":["Conclude","ThirdEye"],"picked":"Consecrate","floor":2},{"not_picked":["Wallop","CutThroughFate","Evaluate"],"picked":"SKIP","floor":3},{"not_picked":["Ragnarok","BowlingBash"],"picked":"JustLucky","floor":6},{"not_picked":["ThirdEye","Collect"],"picked":"PathToVictory","floor":7},{"not_picked":["CutThroughFate","ClearTheMind"],"picked":"Adaptation","floor":8},{"not_picked":["Meditate","ForeignInfluence"],"picked":"Indignation","floor":11},{"not_picked":["Protect","ThirdEye"],"picked":"ReachHeaven","floor":13},{"not_picked":["Pray","Scrawl"],"picked":"Evaluate","floor":14},{"not_picked":["Blasphemy","Scrawl"],"picked":"ConjureBlade","floor":16},{"not_picked":["EmptyFist","FollowUp"],"picked":"Pray","floor":18},{"not_picked":["JustLucky","Wallop"],"picked":"Nirvana","floor":20},{"not_picked":["Vengeance","WreathOfFlame","WheelKick"],"picked":"SKIP","floor":22}],"player_experience":1005635,"relics_obtained":[{"floor":6,"key":"CaptainsWheel"},{"floor":8,"key":"War Paint"},{"floor":9,"key":"Pear"},{"floor":11,"key":"Odd Mushroom"}],"event_choices":[{"damage_healed":0,"gold_gain":0,"player_choice":"Entered Light","damage_taken":13,"max_hp_gain":0,"max_hp_loss":0,"event_name":"Shining Light","floor":4,"gold_loss":0,"cards_upgraded":["ThirdEye","ThirdEye"]},{"damage_healed":0,"gold_gain":0,"player_choice":"Success","damage_taken":7,"relics_obtained":["Calipers"],"max_hp_gain":0,"max_hp_loss":0,"event_name":"Scrap Ooze","floor":5,"gold_loss":0},{"damage_healed":0,"gold_gain":0,"player_choice":"Fought Mushrooms","damage_taken":0,"max_hp_gain":0,"max_hp_loss":0,"event_name":"Mushrooms","floor":11,"gold_loss":0},{"cards_removed":["Evaluate"],"damage_healed":0,"gold_gain":0,"player_choice":"Gave Gold","damage_taken":0,"max_hp_gain":0,"max_hp_loss":0,"event_name":"Beggar","floor":21,"gold_loss":75}],"is_beta":false,"boss_relics":[{"not_picked":["SlaversCollar","Runic Pyramid"],"picked":"Coffee Dripper"}],"items_purged_floors":[19],"is_endless":false,"potions_floor_spawned":[3,8,11,16,20,22],"killed_by":"Slavers","ascension_level":2}}