{"host":"egwexuw5uvnxf11j","time":1609463569,"event":{"mods":["2.2 Compatiblity","Aspiration","BaseMod","Better Altar","Better Note","Better Sensory Stone","Better Third Choice","Displayed Cursed Tome","Downfall","Hermit","Key Reminder","Koishi","Marisa????????","Minty Spire (QoL Compilation)","Quick Restart","Shade Mod","Spicy Shops","StSLib","The Construct","The Cursed","The Hierophant","The Runesmith","The Senshi","The Servant 0.9.4","Transform Curses"],"gold_per_floor":[115,115,132,145,19,54,54,54,79,94,19,35,60,74,74,179,229,249,259,59,77,77,77],"floor_reached":22,"playtime":1188,"items_purged":["Strike_G"],"score":218,"play_id":"e8e77af4-924a-4e2f-ba5a-cd48ddfc938c","local_time":"20201231201249","is_ascension_mode":true,"campfire_choices":[{"floor":7,"key":"REST"},{"floor":15,"key":"REST"}],"circlet_count":0,"master_deck":["Strike_G","Strike_G","Strike_G","Strike_G","Defend_G","Defend_G","Defend_G","Defend_G","Defend_G","Survivor","Neutralize+1","Accuracy","Dagger Throw","Underhanded Strike","Dagger Throw","Backflip","Secret Technique","Footwork","Deflect","Backflip","Flying Knee+1","Burst","Blade Dance","Leg Sweep","Escape Plan","Injury","Slice","Reflex+1","Cloak And Dagger+1"],"relics":["Ring of the Snake","Strawberry","Bag of Preparation","Bronze Scales","Vajra","keyreminder:keyreminder","Tiny House","Toxic Egg 2"],"acts_visited":["Exordium","TheCity"],"potions_floor_usage":[13,16,16,18,21,22,22],"damage_taken":[{"damage":0,"enemies":"Jaw Worm","floor":1,"turns":4},{"damage":0,"enemies":"Small Slimes","floor":3,"turns":4},{"damage":0,"enemies":"Cultist","floor":4,"turns":4},{"damage":29,"enemies":"Lagavulin","floor":6,"turns":6},{"damage":8,"enemies":"Blue Slaver","floor":10,"turns":3},{"damage":15,"enemies":"Exordium Thugs","floor":12,"turns":4},{"damage":4,"enemies":"3 Sentries","floor":13,"turns":10},{"damage":0,"enemies":"2 Fungi Beasts","floor":14,"turns":4},{"damage":28,"enemies":"Slime Boss","floor":16,"turns":9},{"damage":10,"enemies":"Shell Parasite","floor":18,"turns":5},{"damage":14,"enemies":"Spheric Guardian","floor":19,"turns":4},{"damage":54,"enemies":"3 Cultists","floor":21,"turns":5},{"damage":11,"enemies":"Centurion and Healer","floor":22,"turns":6}],"seed_played":"-4684908085035650486","potions_obtained":[{"floor":4,"key":"CunningPotion"},{"floor":6,"key":"SpeedPotion"},{"floor":10,"key":"CunningPotion"},{"floor":14,"key":"Fire Potion"},{"floor":16,"key":"Swift Potion"},{"floor":17,"key":"PowerPotion"},{"floor":19,"key":"ColorlessPotion"},{"floor":21,"key":"SteroidPotion"}],"is_trial":false,"path_per_floor":["M","?","M","M","$","E","R","?","T","M","$","M","E","M","R","B",null,"M","M","$","M","M"],"character_chosen":"THE_SILENT","items_purchased":["Strawberry","Dagger Throw","Toxic Egg 2","Slice","Reflex+1"],"campfire_rested":2,"item_purchase_floors":[5,5,20,20,20],"current_hp_per_floor":[70,70,70,70,77,48,71,71,71,63,63,48,44,44,67,39,82,72,58,58,4,0,0],"gold":77,"neow_bonus":"UPGRADE_CARD","is_daily":false,"chose_seed":false,"campfire_upgraded":0,"win_rate":0.0,"timestamp":1609463569,"path_taken":["M","?","M","M","$","E","R","?","T","M","?","M","E","M","R","BOSS","M","M","$","M","M"],"items_purchased_type":["Relic","Card","Relic","Card","Card"],"build_version":"2020-12-22","purchased_purges":1,"victory":false,"max_hp_per_floor":[70,70,70,70,77,77,77,77,77,77,77,77,77,77,77,77,82,82,82,82,82,82,82],"card_choices":[{"not_picked":["Quick Slash","Concentrate"],"picked":"Accuracy","floor":1},{"not_picked":["Endless Agony","Tactician"],"picked":"Dagger Throw","floor":3},{"not_picked":["Eviscerate","Acrobatics"],"picked":"Underhanded Strike","floor":4},{"not_picked":["Well Laid Plans","aspiration:Lunge"],"picked":"Backflip","floor":6},{"not_picked":["Magnetism","expansioncontent:HyperBeam"],"picked":"Secret Technique","floor":8},{"not_picked":["Predator","Dagger Throw"],"picked":"Footwork","floor":10},{"not_picked":["Deadly Poison","Flechettes"],"picked":"Deflect","floor":12},{"not_picked":["Underhanded Strike","Noxious Fumes"],"picked":"Backflip","floor":13},{"not_picked":["Slice","Dagger Spray"],"picked":"Flying Knee","floor":14},{"not_picked":["Wraith Form v2","Tools of the Trade"],"picked":"Burst","floor":16},{"not_picked":["Deflect","Poisoned Stab"],"picked":"Blade Dance","floor":17},{"not_picked":["Eviscerate","Crippling Poison"],"picked":"Leg Sweep","floor":18},{"not_picked":["Deadly Poison","Deflect"],"picked":"Escape Plan","floor":19},{"not_picked":["Quick Slash","Choke"],"picked":"Cloak And Dagger+1","floor":21}],"player_experience":2116092,"relics_obtained":[{"floor":6,"key":"Bag of Preparation"},{"floor":9,"key":"Bronze Scales"},{"floor":13,"key":"Vajra"}],"event_choices":[{"damage_healed":0,"gold_gain":0,"player_choice":"Ignored","damage_taken":0,"max_hp_gain":0,"max_hp_loss":0,"event_name":"Golden Wing","floor":2,"gold_loss":0},{"damage_healed":0,"gold_gain":1,"player_choice":"1","damage_taken":0,"max_hp_gain":0,"max_hp_loss":0,"event_name":"betterStone:BetterStone","floor":8,"gold_loss":0}],"is_beta":false,"boss_relics":[{"not_picked":["aspiration:RitualDagger","Ectoplasm"],"picked":"Tiny House"}],"items_purged_floors":[11],"is_endless":false,"potions_floor_spawned":[4,6,10,14,16,19,21],"killed_by":"Centurion and Healer","ascension_level":2}}