{"host":"ko4b5atusvmax52d","time":1609517914,"event":{"mods":["AchievementEnabler","Act Like it!","BaseMod","Better Third Choice","BetterRewards","Friendly Minions","Hermit","Hubris","Marisa????????","Minty Spire (QoL Compilation)","Permanent Neow","Prisma Mod","Quick Restart","Rare Cards Sparkle","Shade Mod","Spicy Shops","Spikes Relics","StSLib","SuperFastMode","The Animator","The Bug Knight","The Runesmith","vexMod"],"gold_per_floor":[267,290,290,465,415,415,466,504,504,528,93,119,142,42,42,153,153,163,163],"floor_reached":18,"playtime":515,"items_purged":["Doubt","animator:Defend"],"score":162,"play_id":"c7ce7007-07d3-47b3-a860-7dcbb7466d2b","local_time":"20210101171834","is_ascension_mode":false,"campfire_choices":[{"data":"animator:Strike_Kancolle","floor":6,"key":"SMITH"},{"data":"animator:Defend_Kancolle","floor":15,"key":"SMITH"}],"circlet_count":0,"master_deck":["animator:Strike_Kancolle+1","animator:Defend_Kancolle+1","animator:Strike","animator:Strike","animator:Strike","animator:Defend","animator:Shimakaze","animator:DolaRiku+1","animator:TukaLunaMarceau+1","animator:MaesHughes+1","animator:Geryuganshoop+1","animator:Geryuganshoop+1","animator:Saitama+1"],"relics":["animator:LivingPicture","animator:ColorlessFragment","animator:PurgingStone","vexMod:PlasmaPancake","Toxic Egg 2","Sling","Orichalcum","hubris:BlackHole"],"acts_visited":["Exordium","TheCity"],"potions_floor_usage":[7,8],"damage_taken":[{"damage":0,"enemies":"2 Louse","floor":1,"turns":1},{"damage":0,"enemies":"Small Slimes","floor":2,"turns":2},{"damage":28,"enemies":"Gremlin Nob","floor":7,"turns":5},{"damage":0,"enemies":"Jaw Worm","floor":8,"turns":1},{"damage":0,"enemies":"3 Louse","floor":10,"turns":1},{"damage":0,"enemies":"Lots of Slimes","floor":12,"turns":2},{"damage":0,"enemies":"2 Fungi Beasts","floor":13,"turns":2},{"damage":29,"enemies":"Hexaghost","floor":16,"turns":10},{"damage":7,"enemies":"3 Byrds","floor":18,"turns":2}],"seed_played":"6138107677880210166","potions_obtained":[{"floor":1,"key":"Regen Potion"},{"floor":7,"key":"LiquidMemories"},{"floor":12,"key":"Weak Potion"}],"is_trial":false,"path_per_floor":["M","M","?","?","?","R","E","M","T","M","$","M","M","$","R","B",null,"M"],"character_chosen":"THE_ANIMATOR","items_purchased":["animator:Geryuganshoop+1","animator:ColorlessFragment","Sling","Orichalcum"],"campfire_rested":0,"item_purchase_floors":[11,11,11,11],"current_hp_per_floor":[66,66,66,66,66,66,47,47,47,47,47,47,47,47,47,18,66,59,59],"gold":163,"neow_bonus":"ONE_RARE_RELIC","is_daily":false,"chose_seed":false,"campfire_upgraded":2,"win_rate":0.0,"timestamp":1609517914,"path_taken":["M","M","?","?","?","R","E","M","T","M","$","M","M","?","R","BOSS","M"],"items_purchased_type":["Card","Relic","Relic","Relic"],"build_version":"2020-12-22","purchased_purges":2,"victory":false,"max_hp_per_floor":[66,66,66,66,66,66,66,66,66,66,66,66,66,66,66,66,66,66,66],"card_choices":[{"not_picked":["animator:ChlammyZell","animator:MetalKnight","animator:RinTohsaka"],"picked":"SKIP","floor":1},{"not_picked":["animator:Millim","animator:LeleiLaLalena","animator:RoryMercury"],"picked":"SKIP","floor":2},{"not_picked":["animator:YaoHaDucy","animator:Scar"],"picked":"animator:DolaRiku+1","floor":7},{"not_picked":["animator:Arpeggio","animator:Tyuule+1"],"picked":"animator:TukaLunaMarceau+1","floor":8},{"not_picked":["animator:Tet+1","animator:Sonic+1"],"picked":"animator:MaesHughes+1","floor":10},{"not_picked":["animator:Gluttony+1","animator:Caster+1","animator:SilverFang+1"],"picked":"SKIP","floor":12},{"not_picked":["animator:YaoHaDucy","animator:CrowleyEusford"],"picked":"animator:Geryuganshoop+1","floor":13},{"not_picked":["animator:FeridBathory","animator:ItamiYouji"],"picked":"animator:Saitama+1","floor":16}],"player_experience":266070,"relics_obtained":[{"floor":7,"key":"Toxic Egg 2"}],"event_choices":[{"cards_removed":["animator:Defend"],"damage_healed":0,"gold_gain":0,"player_choice":"Forget","damage_taken":0,"max_hp_gain":0,"max_hp_loss":0,"event_name":"Living Wall","floor":3,"gold_loss":0},{"damage_healed":0,"gold_gain":175,"player_choice":"AGREE","damage_taken":290,"max_hp_gain":0,"max_hp_loss":0,"event_name":"betterThird:BetterSerpent","floor":4,"gold_loss":0},{"cards_removed":["Doubt"],"damage_healed":0,"gold_gain":0,"player_choice":"Card Removal","damage_taken":0,"max_hp_gain":0,"max_hp_loss":0,"event_name":"The Cleric","floor":5,"gold_loss":50}],"is_beta":false,"boss_relics":[{"not_picked":["vexMod:CursedCompass","Philosopher\u0027s Stone"],"picked":"hubris:BlackHole"}],"items_purged_floors":[11,14],"is_endless":false,"potions_floor_spawned":[1,7,12],"killed_by":"3 Byrds","ascension_level":0}}