{"host":"yvb207ks1sg3cxef","time":1609531813,"event":{"mods":["2.2 Compatiblity","BaseMod","Bestiary","Colored Powertips","Minty Spire (QoL Compilation)","Permanent Neow","Quick Restart","Relic Stats","StSLib"],"gold_per_floor":[18,18,18,31,52,52,67,103,178,198,216,216,250,35,35,128,128,151,151,151,167,181,181,215,225,225,254,12,12,12,62,62,136,136,153,153,153,103,123,152,170,170,170,170,180,195,205,235,235,235,235,235,19,44,44],"floor_reached":56,"playtime":4330,"items_purged":["Strike_G","Strike_G+1","Doubt"],"score":2163,"play_id":"53724fc1-8ec4-4793-aa8e-4098aa115e74","local_time":"20210102014013","is_ascension_mode":true,"campfire_choices":[{"data":"Quick Slash","floor":6.0,"key":"SMITH"},{"data":"Prepared","floor":12.0,"key":"SMITH"},{"data":"Catalyst","floor":15.0,"key":"SMITH"},{"data":"Footwork","floor":23.0,"key":"SMITH"},{"data":"Burst","floor":29.0,"key":"SMITH"},{"data":"Well Laid Plans","floor":32.0,"key":"SMITH"},{"data":"Malaise","floor":42.0,"key":"SMITH"},{"data":"Caltrops","floor":44.0,"key":"SMITH"},{"floor":49.0,"key":"RECALL"},{"data":"Deadly Poison","floor":52.0,"key":"SMITH"}],"circlet_count":0,"master_deck":["AscendersBane","Defend_G+1","Defend_G+1","Defend_G+1","Defend_G+1","Survivor","Neutralize","Reflex","Prepared+1","Deadly Poison","Quick Slash+1","Deadly Poison+1","Catalyst+1","Backflip","Leg Sweep","Caltrops+1","Well Laid Plans+1","Tools of the Trade","Prepared+1","Dagger Throw","Skewer","Footwork+1","Reflex+1","Backflip","Burst+1","Malaise+1","Reflex+1","Footwork+1","Calculated Gamble"],"relics":["Ring of the Snake","Bloody Idol","CaptainsWheel","Gremlin Horn","Art of War","Lantern","Cursed Key","Akabeko","Blood Vial","Busted Crown","Smiling Mask","Shuriken","Juzu Bracelet","DollysMirror","Bottled Flame"],"acts_visited":["Exordium","TheCity","TheBeyond","TheEnding"],"potions_floor_usage":[55,55],"damage_taken":[{"damage":1.0,"enemies":"Jaw Worm","floor":1.0,"turns":4.0},{"damage":0.0,"enemies":"2 Louse","floor":4.0,"turns":3.0},{"damage":0.0,"enemies":"Cultist","floor":5.0,"turns":4.0},{"damage":2.0,"enemies":"2 Fungi Beasts","floor":7.0,"turns":3.0},{"damage":9.0,"enemies":"Gremlin Nob","floor":8.0,"turns":3.0},{"damage":4.0,"enemies":"3 Louse","floor":10.0,"turns":3.0},{"damage":3.0,"enemies":"Blue Slaver","floor":11.0,"turns":5.0},{"damage":10.0,"enemies":"Lagavulin","floor":13.0,"turns":5.0},{"damage":16.0,"enemies":"The Guardian","floor":16.0,"turns":8.0},{"damage":0.0,"enemies":"3 Byrds","floor":18.0,"turns":3.0},{"damage":6.0,"enemies":"Shell Parasite","floor":21.0,"turns":5.0},{"damage":1.0,"enemies":"Chosen and Byrds","floor":22.0,"turns":5.0},{"damage":8.0,"enemies":"Gremlin Leader","floor":24.0,"turns":7.0},{"damage":5.0,"enemies":"Centurion and Healer","floor":25.0,"turns":7.0},{"damage":0.0,"enemies":"Book of Stabbing","floor":27.0,"turns":7.0},{"damage":24.0,"enemies":"Collector","floor":33.0,"turns":3.0},{"damage":0.0,"enemies":"Orb Walker","floor":35.0,"turns":4.0},{"damage":0.0,"enemies":"3 Shapes","floor":39.0,"turns":4.0},{"damage":5.0,"enemies":"Nemesis","floor":40.0,"turns":5.0},{"damage":1.0,"enemies":"Writhing Mass","floor":41.0,"turns":4.0},{"damage":0.0,"enemies":"4 Shapes","floor":45.0,"turns":8.0},{"damage":0.0,"enemies":"Sphere and 2 Shapes","floor":46.0,"turns":8.0},{"damage":0.0,"enemies":"Maw","floor":47.0,"turns":4.0},{"damage":0.0,"enemies":"Giant Head","floor":48.0,"turns":7.0},{"damage":1.0,"enemies":"Awakened One","floor":50.0,"turns":16.0},{"damage":30.0,"enemies":"Shield and Spear","floor":54.0,"turns":10.0},{"damage":32,"enemies":"The Heart","floor":55,"turns":8}],"seed_played":"4053247980702180817","potions_obtained":[{"floor":1.0,"key":"DuplicationPotion"},{"floor":4.0,"key":"DistilledChaos"},{"floor":8.0,"key":"ColorlessPotion"},{"floor":11.0,"key":"FairyPotion"},{"floor":22.0,"key":"Poison Potion"},{"floor":25.0,"key":"LiquidBronze"},{"floor":40.0,"key":"Fire Potion"},{"floor":45.0,"key":"PowerPotion"},{"floor":48.0,"key":"Dexterity Potion"},{"floor":54.0,"key":"SkillPotion"}],"is_trial":false,"path_per_floor":["M","$","?","M","M","R","M","E","T","M","M","R","E","$","R","B",null,"M","?","?","M","M","R","E","M","T","E","$","R","?","?","R","B",null,"M","?","?","$","M","E","M","R","T","R","M","M","M","E","R","B",null,"R","$","E","B",null],"character_chosen":"THE_SILENT","items_purchased":["Well Laid Plans","Lantern","Burst","DollysMirror"],"campfire_rested":0,"item_purchase_floors":[14,14,28,53],"current_hp_per_floor":[58,58,58,58,58,58,56,47,47,43,40,40,30,30,30,14,49,49,49,49,48,52,52,49,49,49,54,54,54,54,59,59,41,55,60,60,60,60,60,60,60,60,60,60,60,60,60,60,60,59,60,60,60,35,5],"gold":44,"neow_bonus":"TRANSFORM_TWO_CARDS","is_daily":false,"chose_seed":false,"campfire_upgraded":9,"win_rate":0.0,"timestamp":1609531813,"path_taken":["M","$","?","M","M","R","M","E","T","M","M","R","E","$","R","BOSS","M","?","?","M","?","R","E","M","T","E","$","R","?","?","R","BOSS","M","?","?","$","M","E","M","R","T","R","M","?","M","E","R","BOSS","R","$","E","BOSS"],"items_purchased_type":["Card","Relic","Card","Relic"],"build_version":"2020-12-22","purchased_purges":3,"victory":true,"max_hp_per_floor":[66,66,60,60,60,60,60,60,60,60,60,60,60,60,60,60,60,60,60,60,60,60,60,60,60,60,60,60,60,60,60,60,60,60,60,60,60,60,60,60,60,60,60,60,60,60,60,60,60,60,60,60,60,60,60],"relic_stats":{"Blood Vial":5,"Busted Crown":18,"Gremlin Horn":[24,24],"counters":[27,153],"Shuriken":[5],"Bloody Idol":49,"Art of War":[62],"Juzu Bracelet":0,"Cursed Key":1,"Smiling Mask":125,"obtain_stats":[{"Lantern":14,"Gremlin Horn":9,"Golden Idol":3,"Juzu Bracelet":48,"Cursed Key":17,"Smiling Mask":37,"Akabeko":24,"Blood Vial":27,"CaptainsWheel":8,"Bottled Flame":54,"Busted Crown":34,"Shuriken":40,"DollysMirror":53,"Bloody Idol":20,"Art of War":13,"Ring of the Snake":0},{"Lantern":8,"Gremlin Horn":5,"Golden Idol":1,"Juzu Bracelet":24,"Cursed Key":9,"Smiling Mask":17,"Akabeko":13,"Blood Vial":15,"CaptainsWheel":5,"Bottled Flame":26,"Busted Crown":16,"Shuriken":19,"DollysMirror":25,"Bloody Idol":10,"Art of War":8,"Ring of the Snake":0},{"Lantern":30,"Gremlin Horn":17,"Golden Idol":4,"Juzu Bracelet":119,"Cursed Key":38,"Smiling Mask":79,"Akabeko":58,"Blood Vial":72,"CaptainsWheel":17,"Bottled Flame":145,"Busted Crown":75,"Shuriken":88,"DollysMirror":135,"Bloody Idol":41,"Art of War":30,"Ring of the Snake":0}],"Ring of the Snake":[54]},"card_choices":[{"not_picked":["Crippling Poison","Dodge and Roll"],"picked":"Deadly Poison","floor":1.0},{"not_picked":["Cloak And Dagger","Dagger Spray"],"picked":"Quick Slash","floor":4.0},{"not_picked":["Bane","Dagger Spray"],"picked":"Deadly Poison","floor":5.0},{"not_picked":["Distraction","Cloak And Dagger"],"picked":"Catalyst","floor":7.0},{"not_picked":["Bane","Doppelganger"],"picked":"Dagger Spray","floor":8.0},{"not_picked":["Flying Knee","Dagger Throw"],"picked":"Backflip","floor":10.0},{"not_picked":["Bane","Prepared"],"picked":"Leg Sweep","floor":11.0},{"not_picked":["Caltrops","Flechettes","Masterful Stab"],"picked":"SKIP","floor":13.0},{"not_picked":["Flechettes","Masterful Stab"],"picked":"Caltrops","floor":13.0},{"not_picked":["Corpse Explosion","A Thousand Cuts"],"picked":"Tools of the Trade","floor":16.0},{"not_picked":["Underhanded Strike+1","Slice"],"picked":"Prepared+1","floor":18.0},{"not_picked":["Blade Dance","Underhanded Strike","Skewer"],"picked":"SKIP","floor":21.0},{"not_picked":["Blade Dance","Underhanded Strike","Skewer"],"picked":"SKIP","floor":21.0},{"not_picked":["Heel Hook","Sucker Punch"],"picked":"Footwork","floor":22.0},{"not_picked":["Predator","Heel Hook","Bane"],"picked":"SKIP","floor":24.0},{"not_picked":["Slice","Sucker Punch+1"],"picked":"Reflex+1","floor":25.0},{"not_picked":["Accuracy","Outmaneuver"],"picked":"Backflip","floor":27.0},{"not_picked":["Venomology","Glass Knife"],"picked":"Malaise","floor":33.0},{"not_picked":["Underhanded Strike"],"picked":"SKIP","floor":35.0},{"not_picked":["Setup"],"picked":"SKIP","floor":39.0},{"not_picked":["Skewer"],"picked":"SKIP","floor":40.0},{"not_picked":["Eviscerate"],"picked":"SKIP","floor":41.0},{"not_picked":["Dagger Throw"],"picked":"SKIP","floor":45.0},{"not_picked":["Cloak And Dagger"],"picked":"SKIP","floor":46.0},{"not_picked":[],"picked":"Reflex+1","floor":47.0},{"not_picked":["Skewer+1"],"picked":"SKIP","floor":48.0},{"not_picked":[],"picked":"Calculated Gamble","floor":54.0}],"player_experience":269156,"relics_obtained":[{"floor":8.0,"key":"CaptainsWheel"},{"floor":9.0,"key":"Gremlin Horn"},{"floor":13.0,"key":"Art of War"},{"floor":24.0,"key":"Akabeko"},{"floor":27.0,"key":"Blood Vial"},{"floor":40.0,"key":"Shuriken"},{"floor":48.0,"key":"Juzu Bracelet"},{"floor":54.0,"key":"Bottled Flame"}],"event_choices":[{"damage_healed":0.0,"max_hp_gain":0.0,"max_hp_loss":6.0,"gold_gain":0.0,"event_name":"Golden Idol","player_choice":"Lose Max HP","floor":3.0,"gold_loss":0.0,"damage_taken":0.0,"relics_obtained":["Golden Idol"]},{"damage_healed":0.0,"max_hp_gain":0.0,"max_hp_loss":0.0,"gold_gain":0.0,"cards_transformed":["Strike_G","Strike_G"],"event_name":"Drug Dealer","player_choice":"Became Test Subject","floor":19.0,"gold_loss":0.0,"damage_taken":0.0,"cards_obtained":["Dagger Throw","Skewer"]},{"damage_healed":0.0,"max_hp_gain":0.0,"max_hp_loss":0.0,"gold_gain":0.0,"event_name":"Forgotten Altar","player_choice":"Gave Idol","floor":20.0,"relics_lost":["Golden Idol"],"gold_loss":0.0,"damage_taken":0.0,"relics_obtained":["Bloody Idol"]},{"damage_healed":0.0,"max_hp_gain":0.0,"max_hp_loss":0.0,"gold_gain":0.0,"event_name":"Back to Basics","player_choice":"Simplicity","floor":30.0,"gold_loss":0.0,"damage_taken":0.0,"cards_upgraded":["Strike_G","Defend_G","Defend_G","Defend_G","Defend_G"]},{"damage_healed":0.0,"max_hp_gain":0.0,"max_hp_loss":0.0,"gold_gain":50.0,"event_name":"Nest","player_choice":"Stole From Cult","floor":31.0,"gold_loss":0.0,"damage_taken":0.0},{"cards_removed":["Dagger Spray"],"damage_healed":0.0,"max_hp_gain":0.0,"max_hp_loss":0.0,"gold_gain":0.0,"event_name":"Falling","player_choice":"Removed Attack","floor":36.0,"gold_loss":0.0,"damage_taken":0.0},{"damage_healed":0.0,"max_hp_gain":0.0,"max_hp_loss":0.0,"gold_gain":0.0,"event_name":"WeMeetAgain","player_choice":"Gave Potion","floor":37.0,"gold_loss":0.0,"damage_taken":0.0,"relics_obtained":["Smiling Mask"]}],"is_beta":false,"boss_relics":[{"not_picked":["Empty Cage","Philosopher\u0027s Stone"],"picked":"Cursed Key"},{"not_picked":["Fusion Hammer","Black Star"],"picked":"Busted Crown"}],"items_purged_floors":[28,38,53],"is_endless":false,"potions_floor_spawned":[1,4,8,11,21,22,25,33,40,45,46,48,54],"ascension_level":18}}