{"host":"8by3m8mve9y2rhh4","time":1609462075,"event":{"mods":["BaseMod","Minty Spire (QoL Compilation)","Quick Restart"],"gold_per_floor":[113,113,113,125,90,122,122,136,136,157,157,190,190,210,210,312,312,324,344,364,378,132,132,132],"floor_reached":23,"playtime":1260,"items_purged":[],"score":211,"play_id":"b7549dd4-dfc6-40ba-af03-a05fc7c7c15b","local_time":"20210101004755","is_ascension_mode":true,"campfire_choices":[{"floor":7,"key":"REST"},{"data":"Footwork","floor":11,"key":"SMITH"},{"floor":15,"key":"REST"}],"circlet_count":0,"master_deck":["Survivor","Neutralize","Doppelganger","Footwork+1","Well Laid Plans","Flying Knee","Dagger Spray","Bullet Time","Concentrate","Sucker Punch","Heel Hook","Heel Hook","Dagger Spray","Reflex","Blade Dance","Cloak And Dagger","Terror","Dodge and Roll","Burst","CurseOfTheBell","Escape Plan","Infinite Blades","Cloak And Dagger","Accuracy","Accuracy","Dodge and Roll"],"relics":["Pandora\u0027s Box","Boot","Pear","Odd Mushroom","Toy Ornithopter","Calling Bell","Happy Flower","Shuriken","Girya","OrangePellets"],"acts_visited":["Exordium","TheCity"],"potions_floor_usage":[12,12,21,21],"damage_taken":[{"damage":7,"enemies":"2 Louse","floor":1,"turns":2},{"damage":5,"enemies":"Jaw Worm","floor":4,"turns":3},{"damage":23,"enemies":"3 Sentries","floor":6,"turns":6},{"damage":4,"enemies":"Cultist","floor":8,"turns":3},{"damage":12,"enemies":"The Mushroom Lair","floor":10,"turns":3},{"damage":4,"enemies":"Lagavulin","floor":12,"turns":5},{"damage":6,"enemies":"Exordium Thugs","floor":14,"turns":3},{"damage":26,"enemies":"Slime Boss","floor":16,"turns":6},{"damage":6,"enemies":"Chosen","floor":18,"turns":3},{"damage":17,"enemies":"Spheric Guardian","floor":19,"turns":4},{"damage":44,"enemies":"3 Cultists","floor":20,"turns":5},{"damage":23,"enemies":"Snake Plant","floor":21,"turns":5},{"damage":14,"enemies":"Slavers","floor":23,"turns":1}],"seed_played":"8243021388699699258","potions_obtained":[{"floor":4,"key":"PowerPotion"},{"floor":6,"key":"GamblersBrew"},{"floor":14,"key":"Regen Potion"},{"floor":20,"key":"LiquidMemories"}],"is_trial":false,"path_per_floor":["M","$","?","M","?","E","R","M","T","?","R","E","?","M","R","B",null,"M","M","M","M","$","E"],"character_chosen":"THE_SILENT","items_purchased":["Accuracy","Dodge and Roll","OrangePellets"],"campfire_rested":2,"item_purchase_floors":[22,22,22],"current_hp_per_floor":[63,63,63,58,70,47,68,64,74,62,62,58,58,52,76,50,80,74,57,13,12,12,0,0],"gold":132,"neow_bonus":"BOSS_RELIC","is_daily":false,"chose_seed":false,"campfire_upgraded":1,"win_rate":0.0,"timestamp":1609462075,"path_taken":["M","$","?","M","?","E","R","M","T","?","R","E","?","M","R","BOSS","M","M","M","?","$","E"],"items_purchased_type":["Card","Card","Relic"],"build_version":"2020-12-22","purchased_purges":0,"victory":false,"max_hp_per_floor":[70,70,70,70,70,70,70,70,80,80,80,80,80,80,80,80,80,80,80,80,80,80,80,80],"card_choices":[{"not_picked":["Quick Slash","Acrobatics"],"picked":"Well Laid Plans","floor":1},{"not_picked":["Catalyst","Dagger Throw"],"picked":"Dagger Spray","floor":4},{"not_picked":["Quick Slash","Slice"],"picked":"Reflex","floor":6},{"not_picked":["Poisoned Stab","Crippling Poison"],"picked":"Blade Dance","floor":8},{"not_picked":["Catalyst","Wraith Form v2"],"picked":"Cloak And Dagger","floor":10},{"not_picked":["All Out Attack","Quick Slash"],"picked":"Terror","floor":12},{"not_picked":["Underhanded Strike","Calculated Gamble"],"picked":"Dodge and Roll","floor":14},{"not_picked":["Envenom","Storm of Steel"],"picked":"Burst","floor":16},{"not_picked":["Masterful Stab","Prepared"],"picked":"Escape Plan","floor":18},{"not_picked":["Noxious Fumes","Endless Agony"],"picked":"Infinite Blades","floor":19},{"not_picked":["Dodge and Roll","Deflect+1"],"picked":"Cloak And Dagger","floor":20},{"not_picked":["Endless Agony+1","Poisoned Stab+1"],"picked":"Accuracy","floor":21}],"player_experience":637833,"relics_obtained":[{"floor":6,"key":"Boot"},{"floor":9,"key":"Pear"},{"floor":10,"key":"Odd Mushroom"},{"floor":12,"key":"Toy Ornithopter"},{"floor":17,"key":"Happy Flower"},{"floor":17,"key":"Shuriken"},{"floor":17,"key":"Girya"}],"event_choices":[{"damage_healed":0,"gold_gain":0,"cards_transformed":["Predator"],"player_choice":"Change","damage_taken":0,"max_hp_gain":0,"max_hp_loss":0,"event_name":"Living Wall","floor":3,"gold_loss":0,"cards_obtained":["Heel Hook"]},{"damage_healed":17,"gold_gain":0,"player_choice":"Healed","damage_taken":0,"max_hp_gain":0,"max_hp_loss":0,"event_name":"The Cleric","floor":5,"gold_loss":35},{"damage_healed":0,"gold_gain":0,"player_choice":"Fought Mushrooms","damage_taken":0,"max_hp_gain":0,"max_hp_loss":0,"event_name":"Mushrooms","floor":10,"gold_loss":0},{"cards_removed":["Well Laid Plans"],"damage_healed":0,"gold_gain":0,"player_choice":"Purged","damage_taken":0,"max_hp_gain":0,"max_hp_loss":0,"event_name":"Purifier","floor":13,"gold_loss":0}],"is_beta":false,"boss_relics":[{"not_picked":["Velvet Choker","HoveringKite"],"picked":"Calling Bell"}],"items_purged_floors":[],"is_endless":false,"potions_floor_spawned":[4,6,14,20],"killed_by":"Slavers","ascension_level":1}}