{"host":"3jjxuhjpio8e4zkv","time":1609469099,"event":{"mods":["BaseMod","Colored Map","Highlight Path","Minty Spire (QoL Compilation)","Permanent Neow","Relic Stats","StSLib"],"gold_per_floor":[109,120,135,153,169,169,186,186,186,211,211,286,321,1,1,1,1],"floor_reached":16,"playtime":404,"items_purged":["Strike_G"],"score":224,"play_id":"b83b1316-907f-48c4-b1d8-57fc152e875d","local_time":"20201231214459","is_ascension_mode":true,"campfire_choices":[{"data":"Skewer","floor":6,"key":"SMITH"},{"data":"Dash","floor":8,"key":"SMITH"},{"floor":11,"key":"REST"},{"floor":15,"key":"REST"}],"circlet_count":0,"master_deck":["AscendersBane","Strike_G","Strike_G","Strike_G","Strike_G","Defend_G","Defend_G","Defend_G","Defend_G","Defend_G","Survivor","Neutralize","Dagger Spray","Skewer+1","Dash+1","Blur","Footwork","Terror"],"relics":["Ring of the Snake","Regal Pillow","HornCleat","Darkstone Periapt","Bronze Scales","Medical Kit"],"acts_visited":["Exordium"],"potions_floor_usage":[4,4,7,10,16],"damage_taken":[{"damage":0,"enemies":"Small Slimes","floor":1,"turns":5},{"damage":0,"enemies":"2 Louse","floor":2,"turns":2},{"damage":0,"enemies":"Cultist","floor":3,"turns":3},{"damage":5,"enemies":"Large Slime","floor":4,"turns":7},{"damage":23,"enemies":"Exordium Wildlife","floor":5,"turns":6},{"damage":0,"enemies":"Looter","floor":7,"turns":1},{"damage":21,"enemies":"Lagavulin","floor":10,"turns":5},{"damage":24,"enemies":"Gremlin Nob","floor":13,"turns":4},{"damage":45,"enemies":"Slime Boss","floor":16,"turns":10}],"seed_played":"-8143529346861686914","potions_obtained":[{"floor":3,"key":"EntropicBrew"},{"floor":7,"key":"ColorlessPotion"},{"floor":10,"key":"SpeedPotion"}],"is_trial":false,"path_per_floor":["M","M","M","M","M","R","M","R","T","E","R","?","E","$","R","B"],"character_chosen":"THE_SILENT","items_purchased":["Medical Kit","Terror"],"campfire_rested":2,"item_purchase_floors":[14,14],"current_hp_per_floor":[59,59,59,54,31,31,31,31,31,10,44,33,9,9,43,0,0],"gold":1,"neow_bonus":"RANDOM_COMMON_RELIC","is_daily":false,"chose_seed":false,"campfire_upgraded":2,"win_rate":0.0,"timestamp":1609469099,"path_taken":["M","M","M","M","M","R","M","R","T","E","R","?","E","$","R","BOSS"],"items_purchased_type":["Relic","Card"],"build_version":"2020-12-22","purchased_purges":1,"victory":false,"max_hp_per_floor":[66,66,66,66,66,66,66,66,66,66,66,66,66,66,66,66,66],"relic_stats":{"Darkstone Periapt":0,"Regal Pillow":30,"counters":[9,43],"Bronze Scales":[12],"Medical Kit":[0],"obtain_stats":[{"Darkstone Periapt":10,"Regal Pillow":0,"HornCleat":9,"Bronze Scales":13,"Medical Kit":14,"Ring of the Snake":0},{"Darkstone Periapt":7,"Regal Pillow":0,"HornCleat":6,"Bronze Scales":8,"Medical Kit":8,"Ring of the Snake":0},{"Darkstone Periapt":29,"Regal Pillow":0,"HornCleat":24,"Bronze Scales":33,"Medical Kit":33,"Ring of the Snake":0}],"Ring of the Snake":[18]},"card_choices":[{"not_picked":["Dodge and Roll","Underhanded Strike"],"picked":"Dagger Spray","floor":1},{"not_picked":["Dagger Throw","Quick Slash"],"picked":"Skewer","floor":2},{"not_picked":["Poisoned Stab","Quick Slash"],"picked":"Dash","floor":3},{"not_picked":["Finisher","Underhanded Strike","Deadly Poison"],"picked":"SKIP","floor":4},{"not_picked":["Poisoned Stab","Outmaneuver","Underhanded Strike"],"picked":"SKIP","floor":5},{"not_picked":["Outmaneuver","Bane","Tactician"],"picked":"SKIP","floor":7},{"not_picked":["Underhanded Strike","Concentrate"],"picked":"Blur","floor":10},{"not_picked":["Riddle With Holes","Bane"],"picked":"Footwork","floor":13}],"player_experience":1155161,"relics_obtained":[{"floor":9,"key":"HornCleat"},{"floor":10,"key":"Darkstone Periapt"},{"floor":13,"key":"Bronze Scales"}],"event_choices":[{"damage_healed":0,"gold_gain":75,"player_choice":"Gather Gold","damage_taken":11,"max_hp_gain":0,"max_hp_loss":0,"event_name":"World of Goop","floor":12,"gold_loss":0}],"is_beta":false,"boss_relics":[],"items_purged_floors":[14],"is_endless":false,"potions_floor_spawned":[3,7,10],"killed_by":"Slime Boss","ascension_level":20}}