{"host":"g7trc0x2teqyd8ye","time":1609505919,"event":{"mods":["BaseMod","Key Reminder","Minty Spire (QoL Compilation)","Relic Stats"],"gold_per_floor":[114,114,128,138,22,49,49,79,79,110,123,123,142,158,158,235,235,245,205,219,39,56,56,56],"floor_reached":23,"playtime":938,"items_purged":["Decay"],"score":415,"play_id":"651cdbbc-cf97-495a-8c70-b96fcbe62330","local_time":"20210101135839","is_ascension_mode":true,"campfire_choices":[{"floor":7,"key":"REST"},{"floor":15,"key":"REST"}],"circlet_count":0,"master_deck":["AscendersBane","Strike_R","Strike_R","Strike_R","Strike_R","Strike_R","Defend_R","Defend_R","Defend_R","Defend_R","Bash","Flame Barrier","Carnage","Battle Trance","Warcry","Cleave","Berserk","Anger","Thunderclap","Entrench","Feed","Spot Weakness+1","Carnage","Shrug It Off","Violence","Anger"],"relics":["Burning Blood","Boot","StrikeDummy","Turnip","keyreminder:keyreminder","Lantern","Art of War","Busted Crown"],"acts_visited":["Exordium","TheCity"],"potions_floor_usage":[8,10,16,16,20],"damage_taken":[{"damage":16,"enemies":"Jaw Worm","floor":1,"turns":4},{"damage":8,"enemies":"Cultist","floor":3,"turns":4},{"damage":7,"enemies":"Small Slimes","floor":4,"turns":6},{"damage":62,"enemies":"Gremlin Nob","floor":6,"turns":6},{"damage":12,"enemies":"3 Sentries","floor":8,"turns":16},{"damage":4,"enemies":"Gremlin Nob","floor":10,"turns":3},{"damage":0,"enemies":"Red Slaver","floor":11,"turns":2},{"damage":5,"enemies":"Exordium Wildlife","floor":13,"turns":3},{"damage":10,"enemies":"Lots of Slimes","floor":14,"turns":4},{"damage":40,"enemies":"Slime Boss","floor":16,"turns":4},{"damage":0,"enemies":"3 Byrds","floor":18,"turns":2},{"damage":21,"enemies":"Shell Parasite","floor":20,"turns":4},{"damage":24,"enemies":"Snake Plant","floor":22,"turns":2},{"damage":45,"enemies":"Book of Stabbing","floor":23,"turns":4}],"seed_played":"9057341299683817420","potions_obtained":[{"floor":1,"key":"HeartOfIron"},{"floor":8,"key":"ColorlessPotion"},{"floor":11,"key":"DuplicationPotion"},{"floor":13,"key":"SteroidPotion"},{"floor":16,"key":"Explosive Potion"},{"floor":18,"key":"Ancient Potion"}],"is_trial":false,"path_per_floor":["M","?","M","M","$","E","R","E","T","E","M","?","M","M","R","B",null,"M","$","M","$","M","E"],"character_chosen":"IRONCLAD","items_purchased":["Battle Trance","Carnage","Violence"],"campfire_rested":2,"item_purchase_floors":[5,19,21],"current_hp_per_floor":[72,72,70,69,69,13,39,33,33,35,41,28,29,25,51,17,71,77,77,62,62,44,0,0],"gold":56,"neow_bonus":"TWENTY_PERCENT_HP_BONUS","is_daily":false,"chose_seed":false,"campfire_upgraded":0,"win_rate":0.0,"timestamp":1609505919,"path_taken":["M","?","?","M","$","E","R","E","T","E","M","?","?","M","R","BOSS","M","$","M","$","M","E"],"items_purchased_type":["Card","Card","Card"],"build_version":"2020-12-22","purchased_purges":1,"victory":false,"max_hp_per_floor":[89,89,89,89,89,89,89,89,89,89,89,89,89,89,89,89,89,89,89,89,89,89,89,89],"relic_stats":{"Busted Crown":6,"counters":[14,64],"Turnip":[3],"Art of War":[3],"Boot":[15],"obtain_stats":[{"keyreminder:keyreminder":8,"Lantern":9,"Busted Crown":17,"Turnip":8,"Art of War":10,"Boot":2,"StrikeDummy":6,"Burning Blood":0},{"keyreminder:keyreminder":5,"Lantern":5,"Busted Crown":10,"Turnip":5,"Art of War":6,"Boot":1,"StrikeDummy":4,"Burning Blood":0},{"keyreminder:keyreminder":36,"Lantern":36,"Busted Crown":52,"Turnip":36,"Art of War":39,"Boot":4,"StrikeDummy":20,"Burning Blood":0}],"Burning Blood":78},"card_choices":[{"not_picked":["Havoc","Power Through"],"picked":"Headbutt","floor":1},{"not_picked":["Rupture","Bloodletting"],"picked":"Flame Barrier","floor":3},{"not_picked":["Wild Strike","Perfected Strike"],"picked":"Carnage","floor":4},{"not_picked":["Blood for Blood","Inflame"],"picked":"Warcry","floor":6},{"not_picked":["Pommel Strike","Havoc"],"picked":"Cleave","floor":8},{"not_picked":["Heavy Blade","Havoc"],"picked":"Berserk","floor":10},{"not_picked":["Power Through","Wild Strike"],"picked":"Anger","floor":11},{"not_picked":["Shrug It Off","Sword Boomerang"],"picked":"Thunderclap","floor":13},{"not_picked":["Flex","Body Slam"],"picked":"Entrench","floor":14},{"not_picked":["Immolate","Offering"],"picked":"Feed","floor":16},{"not_picked":[],"picked":"Spot Weakness+1","floor":18},{"not_picked":[],"picked":"Shrug It Off","floor":20},{"not_picked":[],"picked":"Anger","floor":22}],"player_experience":854954,"relics_obtained":[{"floor":6,"key":"StrikeDummy"},{"floor":8,"key":"Turnip"},{"floor":9,"key":"Lantern"},{"floor":10,"key":"Art of War"}],"event_choices":[{"cards_removed":["Headbutt"],"damage_healed":0,"gold_gain":0,"player_choice":"Gave Card","damage_taken":0,"relics_obtained":["Boot"],"max_hp_gain":0,"max_hp_loss":0,"event_name":"WeMeetAgain","floor":2,"gold_loss":0},{"damage_healed":0,"gold_gain":0,"player_choice":"Damaged","damage_taken":13,"max_hp_gain":0,"max_hp_loss":0,"event_name":"Wheel of Change","floor":12,"gold_loss":0}],"is_beta":false,"boss_relics":[{"not_picked":["Sozu","Cursed Key"],"picked":"Busted Crown"}],"items_purged_floors":[5],"is_endless":false,"potions_floor_spawned":[1,8,11,13,16,18],"killed_by":"Book of Stabbing","ascension_level":19}}