{"host":"s1gi8xs3so6zkrm7","time":1609536903,"event":{"mods":["BaseMod","Filter the Spire","Minty Spire (QoL Compilation)"],"gold_per_floor":[118,132,307,320,320,320,353,353,429,71,91,109,109,142,142,238,238,251,251,251,266,266,266,166,176,244,244,343,253,253,272,272,371,371,390,436,62,76,131,131,60,60,87,137,16,0,0,0],"floor_reached":47,"playtime":1994,"items_purged":["Doubt","Parasite","Decay"],"score":602,"play_id":"f32ba8a6-2fba-4988-8243-9cab1215ae08","local_time":"20210101153503","is_ascension_mode":true,"campfire_choices":[{"data":"Indignation","floor":6.0,"key":"SMITH"},{"data":"Eruption","floor":8.0,"key":"SMITH"},{"data":"Crescendo","floor":15.0,"key":"SMITH"},{"data":"Deep Breath","floor":23.0,"key":"SMITH"},{"data":"CutThroughFate","floor":27.0,"key":"SMITH"},{"data":"WindmillStrike","floor":30.0,"key":"SMITH"},{"floor":32.0,"key":"RECALL"},{"floor":40,"key":"REST"},{"data":"Conclude","floor":42,"key":"SMITH"}],"circlet_count":0,"master_deck":["Defend_P","Defend_P","Defend_P","Defend_P","Eruption+1","Vigilance","Wallop","Indignation+1","FearNoEvil","WindmillStrike+1","Deep Breath+1","FlyingSleeves","CutThroughFate+1","Crescendo+1","Parasite","Prostrate+1","Necronomicurse","Bite","Bite","Bite+1","Bite","Bite","Fasting2+1","TalkToTheHand+1","EmptyFist","Halt","Tantrum","Conclude+1","LessonLearned","Prostrate"],"relics":["Busted Crown","Bronze Scales","Blue Candle","Juzu Bracelet","Cursed Key","Necronomicon","Peace Pipe","Eternal Feather","VioletLotus","Omamori","Damaru","Incense Burner","PreservedInsect","Pocketwatch","Red Mask"],"acts_visited":["Exordium","TheCity","TheBeyond"],"potions_floor_usage":[47,47,47],"damage_taken":[{"damage":15.0,"enemies":"Cultist","floor":1.0,"turns":4.0},{"damage":0.0,"enemies":"Small Slimes","floor":2.0,"turns":2.0},{"damage":0.0,"enemies":"2 Louse","floor":4.0,"turns":2.0},{"damage":14.0,"enemies":"Gremlin Nob","floor":7.0,"turns":3.0},{"damage":10.0,"enemies":"Exordium Wildlife","floor":11.0,"turns":2.0},{"damage":0.0,"enemies":"Exordium Thugs","floor":12.0,"turns":2.0},{"damage":1.0,"enemies":"Lagavulin","floor":14.0,"turns":4.0},{"damage":3.0,"enemies":"The Guardian","floor":16.0,"turns":6.0},{"damage":3.0,"enemies":"Shell Parasite","floor":18.0,"turns":3.0},{"damage":17.0,"enemies":"Spheric Guardian","floor":21.0,"turns":4.0},{"damage":16.0,"enemies":"Snake Plant","floor":25.0,"turns":2.0},{"damage":24.0,"enemies":"Centurion and Healer","floor":31.0,"turns":4.0},{"damage":12.0,"enemies":"Automaton","floor":33.0,"turns":6.0},{"damage":25,"enemies":"3 Darklings","floor":35,"turns":7},{"damage":11,"enemies":"Orb Walker","floor":38,"turns":2},{"damage":25,"enemies":"2 Orb Walkers","floor":39,"turns":3},{"damage":37,"enemies":"Mind Bloom Boss Battle","floor":44,"turns":3},{"damage":81,"enemies":"Nemesis","floor":47,"turns":2}],"seed_played":"-5803642236495011422","potions_obtained":[{"floor":1.0,"key":"PowerPotion"},{"floor":2.0,"key":"GamblersBrew"},{"floor":7.0,"key":"Strength Potion"},{"floor":21.0,"key":"LiquidBronze"}],"is_trial":false,"path_per_floor":["M","M","?","M","?","R","E","R","T","$","M","M","?","E","R","B",null,"M","?","T","M","?","R","$","M","T","R","?","?","R","M","R","B",null,"M","T","$","M","?","R","$","R","T","?","$","?","E"],"character_chosen":"WATCHER","items_purchased":["DistilledChaos","WindmillStrike","Deep Breath","FlyingSleeves","Damaru","EmptyFist","Halt","Conclude","LessonLearned","Prostrate"],"campfire_rested":1,"item_purchase_floors":[10,10,10,10,37,37,37,41,45,45],"current_hp_per_floor":[57,57,57,57,57,57,43,43,43,43,33,33,51,50,50,47,72,69,53,53,36,36,36,36,24,24,36,36,36,47,30,42,43,47,33,33,33,27,11,40,40,47,47,14,14,14,0,0],"gold":0,"neow_bonus":"BOSS_RELIC","is_daily":false,"chose_seed":false,"campfire_upgraded":7,"win_rate":0.0,"timestamp":1609536903,"path_taken":["M","M","?","M","?","R","E","R","T","$","M","M","?","E","R","BOSS","M","?","?","M","?","R","$","M","T","R","?","?","R","M","R","BOSS","M","?","?","M","?","R","$","R","T","?","$","?","E"],"items_purchased_type":["Potion","Card","Card","Card","Relic","Card","Card","Card","Card","Card"],"build_version":"2020-12-22","purchased_purges":3,"victory":false,"max_hp_per_floor":[72,72,72,72,72,72,72,72,72,72,72,72,72,72,72,72,72,72,72,72,72,50,50,47,47,47,47,47,47,47,47,47,47,47,47,47,47,47,47,47,47,47,47,47,47,47,47,47],"card_choices":[{"not_picked":[],"picked":"Wallop","floor":1.0},{"not_picked":[],"picked":"Indignation","floor":2.0},{"not_picked":["Protect"],"picked":"SKIP","floor":4.0},{"not_picked":["Weave"],"picked":"SKIP","floor":7.0},{"not_picked":[],"picked":"CutThroughFate","floor":11.0},{"not_picked":[],"picked":"Crescendo","floor":12.0},{"not_picked":["SashWhip"],"picked":"SKIP","floor":14.0},{"not_picked":[],"picked":"Prostrate+1","floor":18.0},{"not_picked":["SashWhip"],"picked":"SKIP","floor":21.0},{"not_picked":[],"picked":"Fasting2+1","floor":25.0},{"not_picked":[],"picked":"TalkToTheHand+1","floor":31.0},{"not_picked":["FlyingSleeves+1"],"picked":"SKIP","floor":35},{"not_picked":["CrushJoints"],"picked":"SKIP","floor":38},{"not_picked":[],"picked":"Tantrum","floor":39}],"player_experience":235097,"relics_obtained":[{"floor":7.0,"key":"Bronze Scales"},{"floor":9.0,"key":"Blue Candle"},{"floor":14.0,"key":"Juzu Bracelet"},{"floor":19.0,"key":"Necronomicon"},{"floor":20.0,"key":"Peace Pipe"},{"floor":26.0,"key":"Eternal Feather"},{"floor":36,"key":"Omamori"},{"floor":39,"key":"Incense Burner"},{"floor":43,"key":"PreservedInsect"},{"floor":44,"key":"Pocketwatch"}],"event_choices":[{"damage_healed":0.0,"max_hp_gain":0.0,"max_hp_loss":0.0,"gold_gain":175.0,"event_name":"Liars Game","player_choice":"AGREE","floor":3.0,"gold_loss":0.0,"damage_taken":0.0,"cards_obtained":["Doubt"]},{"damage_healed":0.0,"max_hp_gain":0.0,"max_hp_loss":0.0,"gold_gain":0.0,"cards_transformed":["Strike_P"],"event_name":"Living Wall","player_choice":"Change","floor":5.0,"gold_loss":0.0,"damage_taken":0.0,"cards_obtained":["FearNoEvil"]},{"damage_healed":18.0,"max_hp_gain":0.0,"max_hp_loss":0.0,"gold_gain":0.0,"event_name":"Mushrooms","player_choice":"Healed and dodged fight","floor":13.0,"gold_loss":0.0,"damage_taken":0.0,"cards_obtained":["Parasite"]},{"damage_healed":0.0,"max_hp_gain":0.0,"max_hp_loss":0.0,"gold_gain":0.0,"event_name":"Cursed Tome","player_choice":"Obtained Book","floor":19.0,"gold_loss":0.0,"damage_taken":16.0},{"damage_healed":0.0,"max_hp_gain":0.0,"max_hp_loss":22.0,"gold_gain":0.0,"event_name":"Vampires","player_choice":"Became a vampire","floor":22.0,"gold_loss":0.0,"damage_taken":0.0,"cards_obtained":["Bite","Bite","Bite","Bite","Bite"]},{"damage_healed":0.0,"max_hp_gain":0.0,"max_hp_loss":0.0,"gold_gain":99.0,"event_name":"Nest","player_choice":"Stole From Cult","floor":28.0,"gold_loss":0.0,"damage_taken":0.0},{"cards_removed":["Pain"],"damage_healed":0.0,"max_hp_gain":0.0,"max_hp_loss":0.0,"gold_gain":0.0,"event_name":"Designer","player_choice":"Upgrade and Remove","floor":29.0,"gold_loss":90.0,"damage_taken":0.0,"cards_upgraded":["Bite"]},{"damage_healed":0,"gold_gain":0,"player_choice":"Fight","damage_taken":0,"max_hp_gain":0,"max_hp_loss":0,"event_name":"Mysterious Sphere","floor":39,"gold_loss":0},{"damage_healed":0,"gold_gain":0,"player_choice":"Fight","damage_taken":0,"max_hp_gain":0,"max_hp_loss":0,"event_name":"MindBloom","floor":44,"gold_loss":0},{"damage_healed":0,"gold_gain":0,"player_choice":"Paid","damage_taken":0,"relics_obtained":["Red Mask"],"max_hp_gain":0,"max_hp_loss":0,"event_name":"Tomb of Lord Red Mask","floor":46,"gold_loss":16}],"is_beta":false,"boss_relics":[{"not_picked":["Velvet Choker","Sozu"],"picked":"Cursed Key"},{"not_picked":["Pandora\u0027s Box","Empty Cage"],"picked":"VioletLotus"}],"items_purged_floors":[10,24,37],"is_endless":false,"potions_floor_spawned":[1,2,7,12,21,31,33],"killed_by":"Nemesis","ascension_level":2}}