{"host":"ij84le5dz5iaw1mq","time":1609541214,"event":{"mods":["AchievementEnabler","BaseMod","Better Altar","Better Match","Better Note","Better Sensory Stone","Better Skull","Better Third Choice","BetterRewards","Colored Map","Colored Powertips","DeckTracker","Downfall","Hermit","Hubris","Infinite Spire","Minty Spire (QoL Compilation)","Permanent Neow","Quick Restart","Rare Cards Sparkle","Replay The Spire","Shop Mod","StSLib","The Cursed","The Disciple","The Elementalist","The Runesmith","The Spell Scribe"],"gold_per_floor":[114,125,145,155,171,171,181,181,181],"floor_reached":8,"playtime":1172,"items_purged":[],"score":52,"play_id":"41945a8b-c65b-4197-81f5-c40e7ba9d4ce","local_time":"20210101174654","is_ascension_mode":false,"campfire_choices":[{"data":"hermit:Combo","floor":6,"key":"SMITH"}],"circlet_count":0,"master_deck":["hermit:Strike_Hermit","hermit:Strike_Hermit","hermit:Strike_Hermit","hermit:Strike_Hermit","hermit:Defend_Hermit","hermit:Defend_Hermit","hermit:Defend_Hermit","hermit:Defend_Hermit","hermit:Snapshot","hermit:Covet","hermit:Vantage","hermit:Deadeye","hermit:Combo+1","hermit:Dive","hermit:SprayPray","hermit:Gestalt"],"relics":["hermit:Momento"],"acts_visited":["Exordium"],"potions_floor_usage":[],"damage_taken":[{"damage":4,"enemies":"Small Slimes","floor":1,"turns":4},{"damage":1,"enemies":"Jaw Worm","floor":2,"turns":4},{"damage":1,"enemies":"2 Louse","floor":3,"turns":2},{"damage":6,"enemies":"Red Slaver","floor":4,"turns":3},{"damage":18,"enemies":"3 Louse","floor":5,"turns":5},{"damage":0,"enemies":"Gremlin Gang","floor":7,"turns":7},{"damage":96,"enemies":"Gremlin Nob","floor":8,"turns":7}],"seed_played":"-2534306974455405915","potions_obtained":[{"floor":2,"key":"ColorlessPotion"},{"floor":4,"key":"Strength Potion"}],"is_trial":false,"path_per_floor":["M","M","M","M","M","R","M","E"],"character_chosen":"HERMIT","items_purchased":[],"campfire_rested":0,"item_purchase_floors":[],"current_hp_per_floor":[78,77,76,70,52,52,52,0,0],"gold":181,"neow_bonus":"TEN_PERCENT_HP_BONUS","is_daily":false,"chose_seed":false,"campfire_upgraded":1,"win_rate":0.0,"timestamp":1609541214,"path_taken":["M","M","M","M","M","R","M","E"],"items_purchased_type":[],"build_version":"2020-12-22","purchased_purges":0,"victory":false,"max_hp_per_floor":[82,82,82,82,82,82,82,82,82],"card_choices":[{"not_picked":["hermit:SprayPray","hermit:Manifest"],"picked":"hermit:Vantage","floor":1},{"not_picked":["hermit:Roulette","hermit:Manifest"],"picked":"hermit:Deadeye","floor":2},{"not_picked":["hermit:Roulette","hermit:Purgatory"],"picked":"hermit:Combo","floor":3},{"not_picked":["hermit:HoleUp","hermit:DeadMansHand"],"picked":"hermit:Dive","floor":4},{"not_picked":["hermit:Horror","hermit:NoHoldsBarred"],"picked":"hermit:SprayPray","floor":5},{"not_picked":["hermit:ItchyTrigger","hermit:HighCaliber"],"picked":"hermit:Gestalt","floor":7}],"player_experience":121943,"relics_obtained":[],"event_choices":[],"is_beta":false,"boss_relics":[],"items_purged_floors":[],"is_endless":false,"potions_floor_spawned":[2,4],"killed_by":"Gremlin Nob","ascension_level":0}}