{"host":"1bnrkmg0bmhwam8n","time":1609461884,"event":{"mods":["2.2 Compatiblity","BaseMod","Colored Map","Hermit","Infinite Spire","Minty Spire (QoL Compilation)","Quick Restart","StSLib"],"gold_per_floor":[111,111,111,129,142,159,5,16,16,16,16,16,34,63,63,161,161,179,193,193,193,193,193,223,248,284,72,72,72],"floor_reached":28,"playtime":1259,"items_purged":["Madness"],"score":263,"play_id":"a58e1520-0b19-410c-901f-a21ff59f754d","local_time":"20201231184444","is_ascension_mode":false,"campfire_choices":[{"floor":12,"key":"REST"},{"data":"hermit:Dive","floor":15,"key":"SMITH"},{"data":"hermit:Roughhouse","floor":23,"key":"SMITH"}],"circlet_count":0,"master_deck":["hermit:Strike_Hermit+1","hermit:Strike_Hermit","hermit:Strike_Hermit","hermit:Strike_Hermit+1","hermit:Defend_Hermit","hermit:Defend_Hermit","hermit:Defend_Hermit","hermit:Defend_Hermit","hermit:Snapshot","hermit:Covet","hermit:GhostlyPresence","hermit:Vantage","hermit:Dive+1","hermit:Dissolve","hermit:Headshot","hermit:Roughhouse+1","hermit:ItchyTrigger+1","infinitespire:Collect"],"relics":["hermit:ClaspedLocket","Mango","Dead Branch","StoneCalendar","SlaversCollar","MawBank","Sling"],"acts_visited":["Exordium","TheCity"],"potions_floor_usage":[6,24],"damage_taken":[{"damage":0,"enemies":"Cultist","floor":1,"turns":4},{"damage":10,"enemies":"Small Slimes","floor":4,"turns":5},{"damage":0,"enemies":"Jaw Worm","floor":5,"turns":4},{"damage":32,"enemies":"Gremlin Gang","floor":6,"turns":6},{"damage":3,"enemies":"Lots of Slimes","floor":8,"turns":4},{"damage":17,"enemies":"Large Slime","floor":13,"turns":7},{"damage":5,"enemies":"3 Sentries","floor":14,"turns":8},{"damage":1,"enemies":"Slime Boss","floor":16,"turns":10},{"damage":2,"enemies":"Spheric Guardian","floor":18,"turns":4},{"damage":5,"enemies":"Shell Parasite","floor":19,"turns":7},{"damage":27,"enemies":"Nightmare","floor":24,"turns":17},{"damage":16,"enemies":"Snake Plant","floor":25,"turns":4},{"damage":42,"enemies":"3 Cultists","floor":28,"turns":6}],"seed_played":"3940888216420085196","potions_obtained":[{"floor":1,"key":"hermit:Tonic"},{"floor":8,"key":"ColorlessPotion"},{"floor":16,"key":"SteroidPotion"},{"floor":18,"key":"Regen Potion"}],"is_trial":false,"path_per_floor":["M","?","?","M","M","M","$","M","T","$","?","R","M","E","R","B",null,"M","M","AVR","?","?","R","NM","M","T","$","M"],"character_chosen":"HERMIT","items_purchased":["hermit:Dissolve","Sling"],"campfire_rested":1,"item_purchase_floors":[7,27],"current_hp_per_floor":[75,75,60,50,50,18,18,15,29,29,29,55,38,33,33,32,89,87,82,82,65,65,65,54,38,38,38,0,0],"gold":72,"neow_bonus":"RANDOM_COLORLESS","is_daily":false,"chose_seed":false,"campfire_upgraded":2,"win_rate":0.0,"timestamp":1609461884,"path_taken":["M","?","?","?","?","?","?","M","T","$","?","R","M","E","R","BOSS","M","?","AVR","?","?","R","NM","M","T","$","M"],"items_purchased_type":["Card","Relic"],"build_version":"2020-12-22","purchased_purges":1,"victory":false,"max_hp_per_floor":[75,75,75,75,75,75,75,75,89,89,89,89,89,89,89,89,89,89,89,89,94,94,94,94,94,94,94,94,94],"card_choices":[{"not_picked":["Blind","Good Instincts"],"picked":"Madness","floor":0},{"not_picked":["hermit:WideOpen","hermit:CalledShot"],"picked":"hermit:GhostlyPresence","floor":1},{"not_picked":["hermit:ItchyTrigger","hermit:Headshot"],"picked":"hermit:Vantage","floor":4},{"not_picked":["hermit:Misfire","hermit:BodyArmor"],"picked":"hermit:Dive","floor":5},{"not_picked":["hermit:Coalescence","hermit:TrackingShot","hermit:Spite"],"picked":"SKIP","floor":6},{"not_picked":["hermit:Scavenge","hermit:Cheat"],"picked":"hermit:Headshot","floor":8},{"not_picked":["hermit:Headshot","hermit:Dive","hermit:SprayPray"],"picked":"SKIP","floor":13},{"not_picked":["hermit:Purgatory","hermit:GoldenBullet","hermit:Glare"],"picked":"SKIP","floor":14},{"not_picked":["hermit:OverwhelmingPower","hermit:Purgatory"],"picked":"hermit:Roughhouse","floor":16},{"not_picked":["hermit:HighCaliber+1","hermit:Desperado","hermit:BodyArmor"],"picked":"SKIP","floor":18},{"not_picked":["hermit:SprayPray","hermit:BigShot"],"picked":"hermit:ItchyTrigger+1","floor":19},{"not_picked":["infinitespire:TheBestDefense","infinitespire:SealOfDarkness+"],"picked":"infinitespire:Collect","floor":24},{"not_picked":["hermit:EyeOfTheStorm+1","hermit:NoHoldsBarred+1","hermit:SprayPray"],"picked":"SKIP","floor":24},{"not_picked":["hermit:Quickdraw","hermit:Roulette+1","hermit:Snipe"],"picked":"SKIP","floor":25}],"player_experience":398360,"relics_obtained":[{"floor":9,"key":"Mango"},{"floor":14,"key":"StoneCalendar"},{"floor":24,"key":"MawBank"}],"event_choices":[{"damage_healed":0,"gold_gain":0,"player_choice":"Leave","damage_taken":0,"max_hp_gain":0,"max_hp_loss":0,"event_name":"The Cleric","floor":2,"gold_loss":0},{"damage_healed":0,"gold_gain":0,"player_choice":"Entered Light","damage_taken":15,"max_hp_gain":0,"max_hp_loss":0,"event_name":"Shining Light","floor":3,"gold_loss":0,"cards_upgraded":["hermit:Strike_Hermit","hermit:Strike_Hermit"]},{"damage_healed":0,"gold_gain":0,"player_choice":"Gave Potion","damage_taken":0,"relics_obtained":["Dead Branch"],"max_hp_gain":0,"max_hp_loss":0,"event_name":"WeMeetAgain","floor":11,"gold_loss":0},{"damage_healed":0,"gold_gain":0,"player_choice":"Shed Blood","damage_taken":22,"max_hp_gain":5,"max_hp_loss":0,"event_name":"Forgotten Altar","floor":21,"gold_loss":0},{"damage_healed":0,"gold_gain":0,"player_choice":"Ignored","damage_taken":0,"max_hp_gain":0,"max_hp_loss":0,"event_name":"NoteForYourself","floor":22,"gold_loss":0}],"is_beta":false,"boss_relics":[{"not_picked":["Philosopher\u0027s Stone","SacredBark"],"picked":"hermit:ClaspedLocket"}],"items_purged_floors":[27],"is_endless":false,"potions_floor_spawned":[1,8,16,18],"killed_by":"3 Cultists","ascension_level":0}}