{"host":"n91kx4xj3dn3811n","time":1609463189,"event":{"mods":["Act Like it!","BaseMod","Colored Powertips","Hero for Fun","Highlight Path","Minty Spire (QoL Compilation)","MostiFishMod","Quick Restart","RumiaBox-露米娅的神秘盒子","Spicy Shops","StSLib","TestMod","The Cursed","Waifu the Spire"],"gold_per_floor":[12,12,12,12,12,138,257,272,296,296,307,263,283,298,298,398,398,414,414,431,431,441,476,586,575,655,655,682,682,594,612,612,709,709,719,719,719,738,749,749,776,1051,1051,1061,1090,1090,1090,845,845,845,845,845,677,711,711],"floor_reached":56,"playtime":1557,"items_purged":[],"score":1831,"play_id":"f1b49361-ccbe-4e92-b29f-c01942aea3cc","local_time":"20210101090629","is_ascension_mode":false,"campfire_choices":[{"floor":10,"key":"RECALL"},{"data":"Consecutive_Normal_Punch","floor":15,"key":"SMITH"},{"data":"Serious_Punch","floor":29,"key":"SMITH"},{"data":"Do_Nothing","floor":32,"key":"SMITH"},{"floor":40,"key":"REST"},{"floor":49,"key":"REST"},{"floor":52,"key":"REST"}],"circlet_count":0,"master_deck":["Strike_Y","Strike_Y","Strike_Y","Strike_Y","Defend_Y","Defend_Y","Defend_Y","Defend_Y","Defend_Y","Wear_Disguise","Regret","MostiFishMod:Neptune","MostiFishMod:TheEndOfMoonlight","MostiFishMod:SparklingWater","MostiFishMod:FantasySummer","MostiFishMod:NightSea","Normal_Punch","Side_Hop","Slap","Strike_Y","Do_Nothing","Consecutive_Normal_Punch","Ignore","Toss_Stone","Consecutive_Normal_Punch+1","Serious_Punch+1","Do_Nothing+1","Hop","Ignore+1","Do_Nothing+1","Hip_Strike","Regret","Parasite","Doubt","Decay","Clumsy","Strike_Y","MostiFishMod:Kaleido"],"relics":["Cape","DaveBox","testmod-TestBox","AddBug","SecretRecord","SecretRecord","Baka2","SecretRecord","SecretRecord","SecretRecord","SecretRecord","SecretRecord","SecretRecord"],"acts_visited":["Exordium","TheCity","TheBeyond","TheEnding"],"potions_floor_usage":[55],"damage_taken":[{"damage":0,"enemies":"2 Louse","floor":1,"turns":1},{"damage":0,"enemies":"Small Slimes","floor":3,"turns":1},{"damage":0,"enemies":"3 Sentries","floor":6,"turns":1},{"damage":0,"enemies":"Jaw Worm","floor":7,"turns":1},{"damage":0,"enemies":"Exordium Wildlife","floor":8,"turns":1},{"damage":0,"enemies":"2 Fungi Beasts","floor":11,"turns":1},{"damage":0,"enemies":"Red Slaver","floor":12,"turns":3},{"damage":0,"enemies":"Exordium Wildlife","floor":13,"turns":1},{"damage":0,"enemies":"Blue Slaver","floor":14,"turns":3},{"damage":0,"enemies":"The Guardian","floor":16,"turns":2},{"damage":0,"enemies":"3 Byrds","floor":18,"turns":2},{"damage":0,"enemies":"Chosen","floor":20,"turns":1},{"damage":0,"enemies":"Snecko","floor":22,"turns":1},{"damage":0,"enemies":"Gremlin Leader","floor":23,"turns":1},{"damage":0,"enemies":"Sentry and Sphere","floor":24,"turns":1},{"damage":0,"enemies":"Centurion and Healer","floor":25,"turns":3},{"damage":0,"enemies":"Snake Plant","floor":31,"turns":1},{"damage":0,"enemies":"Champ","floor":33,"turns":1},{"damage":0,"enemies":"Orb Walker","floor":35,"turns":1},{"damage":0,"enemies":"3 Darklings","floor":38,"turns":1},{"damage":0,"enemies":"Writhing Mass","floor":39,"turns":1},{"damage":0,"enemies":"Reptomancer","floor":41,"turns":1},{"damage":0,"enemies":"4 Shapes","floor":44,"turns":2},{"damage":0,"enemies":"Nemesis","floor":45,"turns":10},{"damage":0,"enemies":"Donu and Deca","floor":50,"turns":1},{"damage":0,"enemies":"Shield and Spear","floor":54,"turns":1},{"damage":0,"enemies":"The Heart","floor":55,"turns":13}],"seed_played":"-3370786350546545970","potions_obtained":[{"floor":3,"key":"Dexterity Potion"},{"floor":11,"key":"testmod-EscapePotion"},{"floor":12,"key":"GamblersBrew"},{"floor":21,"key":"SkillPotion"}],"is_trial":false,"path_per_floor":["M","?","M","?","$","E","M","M","T","R","M","M","M","M","R","B",null,"M","?","M","?","M","E","M","M","T","$","T","R","$","M","R","B",null,"M","?","?","M","M","R","E","?","T","M","E","$","?","$","R","B",null,"R","$","E","B",null],"character_chosen":"OPM","items_purchased":["Do_Nothing","Mummified Hand","MostiFishMod:Kaleido"],"campfire_rested":3,"item_purchase_floors":[30,48,53],"current_hp_per_floor":[1098,1098,1098,1098,1098,1098,1098,1098,1098,1098,1098,1098,1098,1098,1098,1098,1098,1098,1098,1098,1098,1098,1098,1098,1098,1098,1098,1098,1098,1098,1101,1101,1101,1101,1101,1101,1101,1101,880,1212,1212,1212,1212,1212,1212,1212,1212,1212,1212,1212,1212,1212,1212,1212,1212],"gold":711,"neow_bonus":"TEN_PERCENT_HP_BONUS","is_daily":false,"chose_seed":false,"campfire_upgraded":3,"win_rate":0.0,"timestamp":1609463189,"path_taken":["M","?","M","?","?","E","M","M","T","R","M","M","M","M","R","BOSS","M","?","M","?","?","E","M","M","T","$","?","R","?","M","R","BOSS","M","?","?","?","M","R","E","?","T","?","E","$","?","$","R","BOSS","R","$","E","BOSS"],"items_purchased_type":["Card","Relic","Card"],"build_version":"2020-12-22","purchased_purges":0,"victory":true,"max_hp_per_floor":[1098,1098,1098,1098,1098,1098,1098,1098,1098,1098,1098,1098,1098,1098,1098,1098,1098,1098,1098,1098,1098,1098,1098,1098,1098,1098,1098,1098,1098,1098,1101,1101,1101,1101,1101,1101,1101,1101,1212,1212,1212,1212,1212,1212,1212,1212,1212,1212,1212,1212,1212,1212,1212,1212,1212],"card_choices":[{"not_picked":["Consecutive_Normal_Punch","Toss_Stone"],"picked":"Wear_Disguise","floor":1},{"not_picked":["Yawn","Toss_Stone"],"picked":"Normal_Punch","floor":3},{"not_picked":["Hop","Terrifying_Presence"],"picked":"Side_Hop","floor":6},{"not_picked":["Do_Nothing","Wear_Disguise"],"picked":"Slap","floor":7},{"not_picked":["Yawn","Wear_Disguise"],"picked":"Do_Nothing","floor":8},{"not_picked":["Ignore","Normal_Punch"],"picked":"Consecutive_Normal_Punch","floor":11},{"not_picked":["Slap","Toss_Stone"],"picked":"Ignore","floor":12},{"not_picked":["Ignore","Do_Nothing"],"picked":"Toss_Stone","floor":13},{"not_picked":["Hop","Serious_Side_Hops"],"picked":"Consecutive_Normal_Punch","floor":14},{"not_picked":["Terrifying_Presence","Oh"],"picked":"Serious_Punch","floor":16},{"not_picked":["Consecutive_Normal_Punch","Wear_Disguise","Side_Hop"],"picked":"SKIP","floor":18},{"not_picked":["Ignore","Yawn"],"picked":"Do_Nothing+1","floor":20},{"not_picked":["Normal_Punch+1","Toss_Stone"],"picked":"Hop","floor":22},{"not_picked":["Yawn","Wear_Disguise","Toss_Stone+1"],"picked":"SKIP","floor":23},{"not_picked":["Do_Nothing+1","Yawn+1","Wear_Disguise"],"picked":"SKIP","floor":24},{"not_picked":["Wear_Disguise","Slap"],"picked":"Ignore+1","floor":25},{"not_picked":["Side_Hop","Ignore+1","Do_Nothing"],"picked":"SKIP","floor":31},{"not_picked":["Terrifying_Presence","Serious_Punch"],"picked":"Hip_Strike","floor":33},{"not_picked":["Hop","Ignore+1","Slap"],"picked":"SKIP","floor":35},{"not_picked":["Side_Hop+1","Yawn","Do_Nothing"],"picked":"SKIP","floor":38},{"not_picked":["Yawn+1","Ignore+1","Toss_Stone+1"],"picked":"SKIP","floor":39},{"not_picked":["Do_Nothing+1","Yawn","Ignore+1"],"picked":"SKIP","floor":41},{"not_picked":["Toss_Stone","Yawn","Slap"],"picked":"SKIP","floor":44},{"not_picked":["Hop","Side_Hop+1","Consecutive_Normal_Punch"],"picked":"SKIP","floor":45},{"not_picked":["Slap","Yawn","Normal_Punch"],"picked":"SKIP","floor":54}],"player_experience":172578,"relics_obtained":[{"floor":1,"key":"AddBug"},{"floor":1,"key":"Baka"},{"floor":1,"key":"SynthV:TestCard"},{"floor":3,"key":"SecretRecord"},{"floor":3,"key":"Baka2"},{"floor":6,"key":"Oddly Smooth Stone"},{"floor":12,"key":"Girya"},{"floor":13,"key":"SecretRecord"},{"floor":14,"key":"SecretRecord"},{"floor":14,"key":"testmod-TestBox"},{"floor":20,"key":"SecretRecord"},{"floor":23,"key":"Ice Cream"},{"floor":26,"key":"Bottled Lightning"},{"floor":28,"key":"Omamori"},{"floor":31,"key":"SecretRecord"},{"floor":41,"key":"SecretRecord"},{"floor":41,"key":"Juzu Bracelet"},{"floor":43,"key":"Happy Flower"},{"floor":45,"key":"testmod-InfectionSource"},{"floor":54,"key":"SecretRecord"},{"floor":54,"key":"Ccalipers"}],"event_choices":[{"damage_healed":0,"gold_gain":0,"player_choice":"Box","damage_taken":0,"relics_obtained":["Dream Catcher"],"max_hp_gain":0,"max_hp_loss":0,"event_name":"Big Fish","floor":2,"gold_loss":0,"cards_obtained":["Regret"]},{"damage_healed":0,"gold_gain":0,"player_choice":"Take Damage","damage_taken":274,"relics_obtained":["Golden Idol"],"max_hp_gain":0,"max_hp_loss":0,"event_name":"Golden Idol","floor":4,"gold_loss":0},{"damage_healed":0,"gold_gain":0,"player_choice":"Inject Mutagens","damage_taken":0,"relics_obtained":["MutagenicStrength"],"max_hp_gain":0,"max_hp_loss":0,"event_name":"Drug Dealer","floor":19,"gold_loss":0},{"damage_healed":0,"gold_gain":0,"player_choice":"Got Potions","damage_taken":0,"max_hp_gain":0,"max_hp_loss":0,"event_name":"Lab","floor":21,"gold_loss":0},{"cards_removed":["Strike_Y"],"damage_healed":0,"gold_gain":0,"player_choice":"Removed Attack","damage_taken":0,"max_hp_gain":0,"max_hp_loss":0,"event_name":"Falling","floor":36,"gold_loss":0},{"damage_healed":0,"gold_gain":0,"player_choice":"Ignored","damage_taken":0,"max_hp_gain":0,"max_hp_loss":0,"event_name":"Accursed Blacksmith","floor":37,"gold_loss":0},{"damage_healed":0,"gold_gain":275,"player_choice":"Desecrate","damage_taken":0,"max_hp_gain":0,"max_hp_loss":0,"event_name":"Golden Shrine","floor":42,"gold_loss":0,"cards_obtained":["Regret"]},{"damage_healed":0,"gold_gain":0,"player_choice":"Ignored","damage_taken":0,"max_hp_gain":0,"max_hp_loss":0,"event_name":"Tomb of Lord Red Mask","floor":47,"gold_loss":0}],"is_beta":false,"boss_relics":[{"not_picked":["Snecko Eye","testmod-Fanaticism"],"picked":"OneHitWonderSystem"},{"not_picked":["testmod-IncinerationGenerator","SynthV:MejaisSoulstealer"],"picked":"Runic Dome"}],"items_purged_floors":[],"is_endless":false,"potions_floor_spawned":[3,11,12,16,18,23,24,25,39,45],"ascension_level":0}}