{"host":"tzyzz5n7hg2ni9q2","time":1609496631,"event":{"mods":["BaseMod","Minty Spire (QoL Compilation)","Quick Restart"],"gold_per_floor":[112,112,187,137,153,153,167,167,193,219,35,54,71,83,83,188,188,207,232,249,249,164,164,89,89,89,89,104,115,115,150,150,252,252,264,264,314,135,149,149,179,179,202,232,232,246,280,293,293,293,293,293,114,114,114],"floor_reached":54,"playtime":2296,"items_purged":["Strike_R","Strike_R","Strike_R"],"score":893,"play_id":"73b72baa-4b33-4720-bf15-f9a3672762bf","local_time":"20210101112351","is_ascension_mode":false,"campfire_choices":[{"data":"Bash","floor":6.0,"key":"SMITH"},{"data":"Shrug It Off","floor":8.0,"key":"SMITH"},{"floor":15.0,"key":"RECALL"},{"data":"Barricade","floor":23,"key":"SMITH"},{"data":"True Grit","floor":27,"key":"SMITH"},{"data":"Rampage","floor":30,"key":"SMITH"},{"data":"Shrug It Off","floor":32,"key":"SMITH"},{"data":"Seeing Red","floor":40,"key":"SMITH"},{"data":"Offering","floor":42,"key":"SMITH"},{"data":"Juggernaut","floor":45,"key":"SMITH"},{"data":"Good Instincts","floor":49,"key":"SMITH"},{"data":"Defend_R","floor":52,"key":"SMITH"}],"circlet_count":0,"master_deck":["Strike_R","Defend_R+1","Defend_R+1","Defend_R","Defend_R","Bash+1","Bandage Up","Shrug It Off+1","Heavy Blade","Fiend Fire","Rampage+1","Dropkick","Flame Barrier+1","Shrug It Off+1","Barricade+1","True Grit+1","Headbutt+1","Offering+1","Juggernaut+1","Good Instincts+1","Seeing Red+1","Pommel Strike"],"relics":["Burning Blood","Eternal Feather","Happy Flower","Vajra","Nunchaku","Sozu","Red Mask","Champion Belt","Akabeko","InkBottle","Busted Crown","Incense Burner","Toy Ornithopter","MealTicket","War Paint","Bag of Marbles"],"acts_visited":["Exordium","TheCity","TheBeyond","TheEnding"],"potions_floor_usage":[19,50],"damage_taken":[{"damage":6.0,"enemies":"Cultist","floor":1.0,"turns":3.0},{"damage":5.0,"enemies":"Jaw Worm","floor":5.0,"turns":6.0},{"damage":3.0,"enemies":"2 Louse","floor":7.0,"turns":4.0},{"damage":14.0,"enemies":"Lagavulin","floor":10.0,"turns":5.0},{"damage":11.0,"enemies":"Exordium Wildlife","floor":12.0,"turns":2.0},{"damage":0.0,"enemies":"Looter","floor":13.0,"turns":3.0},{"damage":0.0,"enemies":"3 Louse","floor":14.0,"turns":3.0},{"damage":33.0,"enemies":"Hexaghost","floor":16.0,"turns":9.0},{"damage":3,"enemies":"3 Byrds","floor":18,"turns":5},{"damage":22,"enemies":"Masked Bandits","floor":19,"turns":7},{"damage":0,"enemies":"Spheric Guardian","floor":20,"turns":8},{"damage":1,"enemies":"Centurion and Healer","floor":28,"turns":9},{"damage":13,"enemies":"3 Cultists","floor":29,"turns":6},{"damage":28,"enemies":"Gremlin Leader","floor":31,"turns":11},{"damage":6,"enemies":"Champ","floor":33,"turns":12},{"damage":6,"enemies":"Orb Walker","floor":35,"turns":4},{"damage":8,"enemies":"Mind Bloom Boss Battle","floor":37,"turns":6},{"damage":6,"enemies":"3 Darklings","floor":39,"turns":7},{"damage":6,"enemies":"Giant Head","floor":41,"turns":9},{"damage":6,"enemies":"Nemesis","floor":44,"turns":9},{"damage":6,"enemies":"Transient","floor":46,"turns":5},{"damage":6,"enemies":"Giant Head","floor":47,"turns":10},{"damage":6,"enemies":"Maw","floor":48,"turns":6},{"damage":6,"enemies":"Donu and Deca","floor":50,"turns":10},{"damage":95,"enemies":"Shield and Spear","floor":54,"turns":8}],"seed_played":"-1651685198887959113","potions_obtained":[{"floor":1.0,"key":"Dexterity Potion"},{"floor":7.0,"key":"Swift Potion"},{"floor":12.0,"key":"Weak Potion"}],"is_trial":false,"path_per_floor":["M","?","?","?","M","R","M","R","T","E","$","M","M","M","R","B",null,"M","?","M","?","?","R","$","?","T","R","M","M","R","E","R","B",null,"M","?","?","$","M","R","E","R","T","E","R","M","E","M","R","B",null,"R","$","E"],"character_chosen":"IRONCLAD","items_purchased":["Nunchaku","Rampage","Seeing Red","Pommel Strike"],"campfire_rested":0,"item_purchase_floors":[11,11,38,53],"current_hp_per_floor":[80,62,51,51,56,62,69,75,75,71,71,66,76,80,80,57,80,80,68,78,78,78,80,80,65,65,74,83,80,85,67,79,83,85,85,85,85,85,85,85,85,85,85,85,85,85,85,85,85,85,85,85,85,0,0],"gold":114,"neow_bonus":"RANDOM_COLORLESS","is_daily":false,"chose_seed":false,"campfire_upgraded":11,"win_rate":0.0,"timestamp":1609496631,"path_taken":["M","?","?","?","M","R","?","R","T","E","$","M","M","M","R","BOSS","M","?","M","?","?","R","$","?","T","R","M","M","R","E","R","BOSS","M","?","?","?","M","R","E","R","T","E","R","?","E","M","R","BOSS","R","$","E"],"items_purchased_type":["Relic","Card","Card","Card"],"build_version":"2020-12-22","purchased_purges":3,"victory":false,"max_hp_per_floor":[80,80,80,80,80,80,80,80,80,80,80,80,80,80,80,80,80,80,80,80,80,80,80,80,85,85,85,85,85,85,85,85,85,85,85,85,85,85,85,85,85,85,85,85,85,85,85,85,85,85,85,85,85,85,85],"card_choices":[{"not_picked":["Forethought","Good Instincts"],"picked":"Bandage Up","floor":0.0},{"not_picked":["Thunderclap","Anger"],"picked":"Shrug It Off","floor":1.0},{"not_picked":["Burning Pact","Sword Boomerang"],"picked":"Heavy Blade","floor":5.0},{"not_picked":["Sever Soul","Armaments"],"picked":"Fiend Fire","floor":7.0},{"not_picked":["Intimidate","Blood for Blood","Perfected Strike"],"picked":"SKIP","floor":10.0},{"not_picked":["Metallicize","Clothesline"],"picked":"Dropkick","floor":12.0},{"not_picked":["Flex","Warcry"],"picked":"Flame Barrier","floor":13.0},{"not_picked":["Anger","Hemokinesis"],"picked":"Shrug It Off","floor":14.0},{"not_picked":["Berserk","Exhume"],"picked":"Barricade","floor":16.0},{"not_picked":["Clothesline","Sword Boomerang","Headbutt"],"picked":"SKIP","floor":18},{"not_picked":["Rampage","Thunderclap"],"picked":"True Grit","floor":19},{"not_picked":["Carnage+1","Barricade","Clash"],"picked":"SKIP","floor":20},{"not_picked":["Flex","Limit Break"],"picked":"Headbutt+1","floor":28},{"not_picked":["Clash+1","Uppercut","Armaments"],"picked":"SKIP","floor":29},{"not_picked":["Cleave","Clothesline"],"picked":"Offering","floor":31},{"not_picked":["Brutality","Limit Break"],"picked":"Juggernaut","floor":33},{"not_picked":["Headbutt+1"],"picked":"SKIP","floor":35},{"not_picked":[],"picked":"Good Instincts","floor":36},{"not_picked":["Anger"],"picked":"SKIP","floor":39},{"not_picked":["Evolve"],"picked":"SKIP","floor":41},{"not_picked":["Perfected Strike+1"],"picked":"SKIP","floor":44},{"not_picked":["Infernal Blade"],"picked":"SKIP","floor":46},{"not_picked":["Clash"],"picked":"SKIP","floor":47},{"not_picked":["Blood for Blood"],"picked":"SKIP","floor":48}],"player_experience":212390,"relics_obtained":[{"floor":9.0,"key":"Happy Flower"},{"floor":10.0,"key":"Vajra"},{"floor":19,"key":"Red Mask"},{"floor":31,"key":"InkBottle"},{"floor":37,"key":"Incense Burner"},{"floor":41,"key":"Toy Ornithopter"},{"floor":43,"key":"MealTicket"},{"floor":44,"key":"War Paint"},{"floor":47,"key":"Bag of Marbles"}],"event_choices":[{"damage_healed":0.0,"max_hp_gain":0.0,"max_hp_loss":0.0,"gold_gain":0.0,"event_name":"Scrap Ooze","player_choice":"Success","floor":2.0,"gold_loss":0.0,"damage_taken":18.0,"relics_obtained":["Eternal Feather"]},{"damage_healed":0.0,"max_hp_gain":0.0,"max_hp_loss":0.0,"gold_gain":75.0,"event_name":"World of Goop","player_choice":"Gather Gold","floor":3.0,"gold_loss":0.0,"damage_taken":11.0},{"cards_removed":["Strike_R"],"damage_healed":0.0,"max_hp_gain":0.0,"max_hp_loss":0.0,"gold_gain":0.0,"event_name":"The Cleric","player_choice":"Card Removal","floor":4.0,"gold_loss":50.0,"damage_taken":0.0},{"damage_healed":0,"gold_gain":0,"player_choice":"Fought Bandits","damage_taken":0,"max_hp_gain":0,"max_hp_loss":0,"event_name":"Masked Bandits","floor":19,"gold_loss":0},{"damage_healed":0,"gold_gain":0,"player_choice":"Opened","damage_taken":0,"relics_obtained":["Champion Belt"],"max_hp_gain":0,"max_hp_loss":0,"event_name":"The Mausoleum","floor":21,"gold_loss":0},{"damage_healed":0,"gold_gain":0,"player_choice":"Obtained Relic","damage_taken":0,"relics_obtained":["Akabeko"],"max_hp_gain":0,"max_hp_loss":0,"event_name":"Addict","floor":22,"gold_loss":85},{"damage_healed":0,"gold_gain":0,"player_choice":"Shed Blood","damage_taken":20,"max_hp_gain":5,"max_hp_loss":0,"event_name":"Forgotten Altar","floor":25,"gold_loss":0},{"damage_healed":0,"gold_gain":0,"player_choice":"Memory 1","damage_taken":0,"max_hp_gain":0,"max_hp_loss":0,"event_name":"SensoryStone","floor":36,"gold_loss":0},{"damage_healed":0,"gold_gain":0,"player_choice":"Fight","damage_taken":0,"max_hp_gain":0,"max_hp_loss":0,"event_name":"MindBloom","floor":37,"gold_loss":0}],"is_beta":false,"boss_relics":[{"not_picked":["Ectoplasm","Philosopher\u0027s Stone"],"picked":"Sozu"},{"not_picked":["Runic Pyramid","Coffee Dripper"],"picked":"Busted Crown"}],"items_purged_floors":[24,38,53],"is_endless":false,"potions_floor_spawned":[1,7,12,18,19,31,33,37,46],"killed_by":"Shield and Spear","ascension_level":0}}