{"host":"480qzmvu0s2e3e6w","time":1609510060,"event":{"mods":["BaseMod","Colored Map","DeckTracker","Minty Spire (QoL Compilation)","StSLib","SuperFastMode"],"gold_per_floor":[109,127,127,139,41,76,76,90,90,104,104,118,130,130,130,205,205,218,68,84,84,101,101,130,130,130,148,148,167,167,167],"floor_reached":30,"playtime":1526,"items_purged":["Strike_R","Strike_R"],"score":470,"play_id":"f1373878-aa28-4da6-b793-c4dbd0568fc0","local_time":"20210101230740","is_ascension_mode":true,"campfire_choices":[{"data":"Body Slam","floor":7,"key":"SMITH"},{"floor":11,"key":"REST"},{"data":"Armaments","floor":15,"key":"SMITH"},{"data":"Feed","floor":23,"key":"SMITH"},{"data":"True Grit","floor":25,"key":"SMITH"}],"circlet_count":0,"master_deck":["AscendersBane","Strike_R","Strike_R","Defend_R","Defend_R","Defend_R","Defend_R","Bash+1","Limit Break","Anger","Power Through","Twin Strike","Wild Strike","Body Slam+1","Burning Pact","Evolve","Flame Barrier","Armaments+1","Feed+1","Pommel Strike+1","True Grit+1","Sever Soul","Double Tap","Feed+1"],"relics":["Burning Blood","White Beast Statue","Sundial","Coffee Dripper","Strawberry"],"acts_visited":["Exordium","TheCity"],"potions_floor_usage":[6,13,16,16,18,20,24,24,29],"damage_taken":[{"damage":6,"enemies":"Cultist","floor":1,"turns":4},{"damage":10,"enemies":"Small Slimes","floor":2,"turns":3},{"damage":1,"enemies":"2 Louse","floor":4,"turns":3},{"damage":49,"enemies":"Lagavulin","floor":6,"turns":7},{"damage":8,"enemies":"Lots of Slimes","floor":8,"turns":4},{"damage":4,"enemies":"Large Slime","floor":10,"turns":6},{"damage":9,"enemies":"Red Slaver","floor":12,"turns":3},{"damage":8,"enemies":"Exordium Thugs","floor":13,"turns":4},{"damage":28,"enemies":"The Guardian","floor":16,"turns":15},{"damage":22,"enemies":"Shell Parasite","floor":18,"turns":6},{"damage":3,"enemies":"Chosen","floor":20,"turns":8},{"damage":2,"enemies":"Centurion and Healer","floor":22,"turns":7},{"damage":8,"enemies":"Slavers","floor":24,"turns":7},{"damage":24,"enemies":"Shelled Parasite and Fungi","floor":27,"turns":10},{"damage":19,"enemies":"Chosen and Byrds","floor":29,"turns":8},{"damage":48,"enemies":"Sentry and Sphere","floor":30,"turns":4}],"seed_played":"-2753534619865176844","potions_obtained":[{"floor":2,"key":"ColorlessPotion"},{"floor":6,"key":"Strength Potion"},{"floor":8,"key":"SteroidPotion"},{"floor":13,"key":"EssenceOfSteel"},{"floor":16,"key":"ColorlessPotion"},{"floor":18,"key":"Swift Potion"},{"floor":20,"key":"BlessingOfTheForge"},{"floor":22,"key":"SkillPotion"},{"floor":24,"key":"BlessingOfTheForge"},{"floor":27,"key":"LiquidBronze"},{"floor":29,"key":"FearPotion"}],"is_trial":false,"path_per_floor":["M","M","?","M","$","E","R","M","T","M","R","M","M","?","R","B",null,"M","$","M","?","M","R","E","R","T","M","?","M","M"],"character_chosen":"IRONCLAD","items_purchased":["Wild Strike","True Grit"],"campfire_rested":1,"item_purchase_floors":[5,19],"current_hp_per_floor":[68,64,64,69,69,26,26,24,24,26,48,45,43,36,36,14,60,44,44,50,50,58,58,60,60,67,49,49,40,0,0],"gold":167,"neow_bonus":"ONE_RANDOM_RARE_CARD","is_daily":false,"chose_seed":false,"campfire_upgraded":4,"win_rate":0.0,"timestamp":1609510060,"path_taken":["M","M","?","M","?","E","R","M","T","M","R","M","M","?","R","BOSS","M","$","M","?","M","R","E","R","T","M","?","M","M"],"items_purchased_type":["Card","Card"],"build_version":"2020-12-22","purchased_purges":2,"victory":false,"max_hp_per_floor":[75,75,75,75,75,75,75,75,75,75,75,75,75,75,75,75,75,75,75,78,78,82,82,86,86,93,93,93,97,97,97],"card_choices":[{"not_picked":["Headbutt","Clothesline"],"picked":"Anger","floor":1},{"not_picked":["Wild Strike","Brutality"],"picked":"Power Through","floor":2},{"not_picked":["True Grit","Perfected Strike"],"picked":"Twin Strike","floor":4},{"not_picked":["Sword Boomerang","Anger"],"picked":"Body Slam","floor":6},{"not_picked":["Carnage","Headbutt"],"picked":"Burning Pact","floor":8},{"not_picked":["Iron Wave","Clash"],"picked":"Evolve","floor":10},{"not_picked":["Entrench","Bloodletting"],"picked":"Flame Barrier","floor":12},{"not_picked":["Brutality","Flex"],"picked":"Armaments","floor":13},{"not_picked":["Bludgeon","Exhume"],"picked":"Feed","floor":16},{"not_picked":["Clothesline","Headbutt"],"picked":"Pommel Strike+1","floor":18},{"not_picked":["Cleave","Clash"],"picked":"Sever Soul","floor":20},{"not_picked":["Clash","Warcry","Blood for Blood"],"picked":"SKIP","floor":22},{"not_picked":["Clothesline+1","Anger+1"],"picked":"Double Tap","floor":24},{"not_picked":["True Grit","Wild Strike","Clash"],"picked":"SKIP","floor":27},{"not_picked":["Warcry","Seeing Red","Pummel"],"picked":"SKIP","floor":29}],"player_experience":657313,"relics_obtained":[{"floor":6,"key":"White Beast Statue"},{"floor":9,"key":"Sundial"},{"floor":26,"key":"Strawberry"}],"event_choices":[{"damage_healed":0,"gold_gain":0,"player_choice":"Forge","damage_taken":0,"max_hp_gain":0,"max_hp_loss":0,"event_name":"Accursed Blacksmith","floor":3,"gold_loss":0,"cards_upgraded":["Bash"]},{"cards_removed":["Strike_R"],"damage_healed":0,"gold_gain":0,"player_choice":"Card Removal","damage_taken":7,"max_hp_gain":0,"max_hp_loss":0,"event_name":"Golden Wing","floor":14,"gold_loss":0},{"damage_healed":0,"gold_gain":0,"player_choice":"Ignored","damage_taken":0,"max_hp_gain":0,"max_hp_loss":0,"event_name":"Vampires","floor":21,"gold_loss":0},{"damage_healed":0,"gold_gain":0,"player_choice":"Copied","damage_taken":0,"max_hp_gain":0,"max_hp_loss":0,"event_name":"Duplicator","floor":28,"gold_loss":0,"cards_obtained":["Feed"]}],"is_beta":false,"boss_relics":[{"not_picked":["Calling Bell","Ectoplasm"],"picked":"Coffee Dripper"}],"items_purged_floors":[5,19],"is_endless":false,"potions_floor_spawned":[2,6,8,10,12,13,16,18,20,22,24,27,29],"killed_by":"Sentry and Sphere","ascension_level":15}}