{"host":"52m1o8iwwagurbjs","time":1609506715,"event":{"mods":["AchievementEnabler","BaseMod","Bestiary","Colored Powertips","GifTheSpireLib","Minty Spire (QoL Compilation)","Quick Restart","RNG Fix","Relic Stats","StSLib"],"gold_per_floor":[364,378,4,4,23,23,57,57,57,70,70,70,88,101,101,101,101],"floor_reached":16,"playtime":517,"items_purged":["Strike_R"],"score":168,"play_id":"9316901c-ef9c-4f16-bfd8-9ce90f867f85","local_time":"20210101081155","is_ascension_mode":true,"campfire_choices":[{"data":"True Grit","floor":6,"key":"SMITH"},{"data":"Fire Breathing","floor":8,"key":"SMITH"},{"data":"Evolve","floor":11,"key":"SMITH"},{"floor":15,"key":"REST"}],"circlet_count":0,"master_deck":["AscendersBane","Strike_R","Strike_R","Strike_R","Strike_R","Defend_R","Defend_R","Defend_R","Defend_R","Bash","Parasite","Headbutt","Fire Breathing+1","True Grit+1","Reckless Charge","Evolve+1","Hemokinesis","Burning Pact","Impervious","Fire Breathing","Armaments"],"relics":["Burning Blood","Bronze Scales","Singing Bowl","Strawberry"],"acts_visited":["Exordium"],"potions_floor_usage":[5,7,14,14,16],"damage_taken":[{"damage":10.0,"enemies":"Small Slimes","floor":1.0,"turns":4.0},{"damage":11.0,"enemies":"Cultist","floor":2.0,"turns":4.0},{"damage":3,"enemies":"2 Louse","floor":5,"turns":4},{"damage":42,"enemies":"Lagavulin","floor":7,"turns":9},{"damage":9,"enemies":"Exordium Wildlife","floor":10,"turns":3},{"damage":7,"enemies":"3 Louse","floor":13,"turns":5},{"damage":29,"enemies":"Exordium Thugs","floor":14,"turns":4},{"damage":37,"enemies":"The Guardian","floor":16,"turns":10}],"seed_played":"-6029450806220210758","potions_obtained":[{"floor":1.0,"key":"Ancient Potion"},{"floor":5,"key":"Swift Potion"},{"floor":10,"key":"EssenceOfSteel"},{"floor":14,"key":"AttackPotion"}],"is_trial":false,"path_per_floor":["M","M","$","?","M","R","E","R","T","M","R","?","M","M","R","B"],"character_chosen":"IRONCLAD","items_purchased":["True Grit","Reckless Charge","Evolve","Hemokinesis","DistilledChaos"],"campfire_rested":1,"item_purchase_floors":[3,3,3,3,3],"current_hp_per_floor":[68,63,63,63,66,66,30,30,30,29,29,33,32,9,35,0,0],"gold":101,"neow_bonus":"TWO_FIFTY_GOLD","is_daily":false,"chose_seed":false,"campfire_upgraded":3,"win_rate":0.0,"timestamp":1609506715,"path_taken":["M","?","$","?","M","R","E","R","T","M","R","?","M","M","R","BOSS"],"items_purchased_type":["Card","Card","Card","Card","Potion"],"build_version":"2020-12-22","purchased_purges":1,"victory":false,"max_hp_per_floor":[80,80,80,80,80,80,80,80,80,82,82,89,89,89,89,89,89],"relic_stats":{"Singing Bowl":2,"counters":[8,43],"Bronze Scales":[69],"obtain_stats":[{"Singing Bowl":9,"Bronze Scales":7,"Strawberry":12,"Burning Blood":0},{"Singing Bowl":4,"Bronze Scales":4,"Strawberry":5,"Burning Blood":0},{"Singing Bowl":21,"Bronze Scales":21,"Strawberry":24,"Burning Blood":0}],"Burning Blood":42},"card_choices":[{"not_picked":["Havoc","Clash"],"picked":"Headbutt","floor":1.0},{"not_picked":["Clothesline","Whirlwind"],"picked":"Fire Breathing","floor":2},{"not_picked":["Dark Embrace","True Grit"],"picked":"Burning Pact","floor":5},{"not_picked":["Sword Boomerang","Flex"],"picked":"Impervious","floor":7},{"not_picked":["Shrug It Off","Pummel","Armaments"],"picked":"Singing Bowl","floor":10},{"not_picked":["Twin Strike","Pummel"],"picked":"Fire Breathing","floor":13},{"not_picked":["Hemokinesis","Thunderclap"],"picked":"Armaments","floor":14}],"player_experience":1076154,"relics_obtained":[{"floor":7,"key":"Bronze Scales"},{"floor":9,"key":"Singing Bowl"}],"event_choices":[{"damage_healed":0,"gold_gain":0,"player_choice":"Ignored","damage_taken":0,"max_hp_gain":0,"max_hp_loss":0,"event_name":"Fountain of Cleansing","floor":4,"gold_loss":0},{"damage_healed":0,"gold_gain":0,"player_choice":"Success","damage_taken":3,"relics_obtained":["Strawberry"],"max_hp_gain":0,"max_hp_loss":0,"event_name":"Scrap Ooze","floor":12,"gold_loss":0}],"is_beta":false,"boss_relics":[],"items_purged_floors":[3],"is_endless":false,"potions_floor_spawned":[1,5,10,14],"killed_by":"The Guardian","ascension_level":13}}