{"host":"p5axfb00mxhraew6","time":1609516532,"event":{"mods":["Abigail Mod","Act Like it!","BaseMod","CapriCore","Friendly Minions","GifTheSpireLib","Jedi Mod","KomeijiMod","MarisaÅiñ∂âJÅ@ñÇóùçπÅj","Minty Spire (QoL Compilation)","Prisma Mod","ReimuÅiîé??öÎÅj","RemiliaÅiÂQïƒ‰ª?Åj","SOSÅiézîb?îVéqÅj","StSLib","Td1madao Mod","The Alterego","The Immortal","The Problem Sleuth","Yakumo Yukari mod"],"gold_per_floor":[110,124,124,124,4,4,35,35,85,113,129,139,174,184,184,283,283,295,86,86,86,100,100,135,35,35,18,18,18,18,18,18,18,18],"floor_reached":33,"playtime":1167,"items_purged":["alterego_mod:Impale","alterego_mod:Strike"],"score":566,"play_id":"a254db6d-02dd-4cfd-80e7-60328f64d5df","local_time":"20210102005532","is_ascension_mode":true,"campfire_choices":[{"data":"alterego_mod:Belts","floor":6,"key":"SMITH"},{"data":"alterego_mod:BigMeatyClaws","floor":8,"key":"SMITH"},{"data":"alterego_mod:MagicResistance","floor":15,"key":"SMITH"},{"data":"alterego_mod:BrynhildrsRune","floor":23,"key":"SMITH"},{"data":"alterego_mod:Belts","floor":28,"key":"SMITH"},{"data":"alterego_mod:GoddessCore","floor":30,"key":"SMITH"},{"data":"alterego_mod:1TonWallop","floor":32,"key":"SMITH"}],"circlet_count":0,"master_deck":["AscendersBane","alterego_mod:Strike","alterego_mod:Strike","alterego_mod:Strike+1","alterego_mod:Defend","alterego_mod:Defend+1","alterego_mod:Defend","alterego_mod:Defend","alterego_mod:BigMeatyClaws+1","alterego_mod:BrynhildrsRune+1","alterego_mod:Belts+1","alterego_mod:Undulate","alterego_mod:1TonWallop+1","alterego_mod:Rake","alterego_mod:Rip","alterego_mod:BiFurious+1","alterego_mod:MagicResistance+1","alterego_mod:Valentines","alterego_mod:Valkyrie","alterego_mod:GoddessCore+1","Wrath_TH","EndlessPower","alterego_mod:Belts+1","Writhe"],"relics":["alterego_mod:MasochisticConstitution","NeowsBlessing","ThirstyCross","Juzu Bracelet","RuthlessExorcism:ReiMu","Tiny Chest","Frozen Egg 2","Cursed Key","Oddly Smooth Stone","Blue Candle","Shuriken"],"acts_visited":["Exordium","TheCity"],"potions_floor_usage":[10,13,16,24],"damage_taken":[{"damage":0,"enemies":"Cultist","floor":1,"turns":1},{"damage":0,"enemies":"Jaw Worm","floor":2,"turns":1},{"damage":0,"enemies":"3 Sentries","floor":7,"turns":3},{"damage":12,"enemies":"Gremlin Nob","floor":10,"turns":3},{"damage":0,"enemies":"Small Slimes","floor":11,"turns":1},{"damage":2,"enemies":"Looter","floor":12,"turns":3},{"damage":38,"enemies":"3 Sentries","floor":13,"turns":10},{"damage":0,"enemies":"2 Fungi Beasts","floor":14,"turns":2},{"damage":3,"enemies":"Hexaghost","floor":16,"turns":9},{"damage":8,"enemies":"3 Byrds","floor":18,"turns":7},{"damage":0,"enemies":"Spheric Guardian","floor":22,"turns":3},{"damage":31,"enemies":"Book of Stabbing","floor":24,"turns":4},{"damage":62,"enemies":"Champ","floor":33,"turns":8}],"seed_played":"2246936355781229948","potions_obtained":[{"floor":1,"key":"SmokeBomb"},{"floor":2,"key":"Swift Potion"},{"floor":11,"key":"Swift Potion"},{"floor":14,"key":"CultistPotion"},{"floor":18,"key":"DuplicationPotion"}],"is_trial":false,"path_per_floor":["M","M","?","?","$","R","E","R","T","E","M","M","E","M","R","B",null,"M","$","?","?","M","R","E","$","T","?","R","T","R","?","R","B"],"character_chosen":"The_Alterego","items_purchased":["alterego_mod:1TonWallop","alterego_mod:GoddessCore","Oddly Smooth Stone"],"campfire_rested":0,"item_purchase_floors":[5,19,19],"current_hp_per_floor":[63,63,63,49,49,49,70,70,70,59,59,65,35,35,35,40,66,75,75,75,75,75,75,45,45,45,45,45,45,45,45,45,0,0],"gold":18,"neow_bonus":"THREE_ENEMY_KILL","is_daily":false,"chose_seed":false,"campfire_upgraded":7,"win_rate":0.0,"timestamp":1609516532,"path_taken":["M","?","?","?","?","R","E","R","T","E","M","M","E","M","R","BOSS","M","$","?","?","M","R","E","$","T","?","R","?","R","?","R","BOSS"],"items_purchased_type":["Card","Card","Relic"],"build_version":"2020-12-22","purchased_purges":2,"victory":false,"max_hp_per_floor":[70,70,70,70,70,70,70,70,70,71,71,72,73,73,73,74,74,75,75,75,75,75,75,76,76,76,76,76,76,76,76,76,76,76],"card_choices":[{"not_picked":["alterego_mod:Undulate","alterego_mod:Collar"],"picked":"alterego_mod:Belts","floor":1},{"not_picked":["alterego_mod:PerceptionDisorder","alterego_mod:Jiggle"],"picked":"alterego_mod:Undulate","floor":2},{"not_picked":["alterego_mod:Cycle","alterego_mod:Rip"],"picked":"alterego_mod:Rake","floor":7},{"not_picked":["alterego_mod:Bounce","alterego_mod:BreastValley"],"picked":"alterego_mod:Rip","floor":10},{"not_picked":["alterego_mod:DiscoLights","alterego_mod:Cooking"],"picked":"alterego_mod:BiFurious","floor":11},{"not_picked":["alterego_mod:TrashNCrash","alterego_mod:DiscoLights"],"picked":"alterego_mod:MagicResistance","floor":12},{"not_picked":["alterego_mod:Collar","alterego_mod:PerceptionDisorder+1"],"picked":"alterego_mod:Valentines","floor":13},{"not_picked":["alterego_mod:BoobPocket","alterego_mod:Cooking","alterego_mod:Schoolgirl"],"picked":"SKIP","floor":14},{"not_picked":["alterego_mod:Weigh","alterego_mod:GIGAMILK"],"picked":"alterego_mod:Valkyrie","floor":16},{"not_picked":["alterego_mod:BeGentle","alterego_mod:DiscoLights+1","alterego_mod:BusterCard"],"picked":"SKIP","floor":18},{"not_picked":["alterego_mod:Rip","alterego_mod:Bounce","alterego_mod:Maid"],"picked":"SKIP","floor":22},{"not_picked":["alterego_mod:GoddessCore","alterego_mod:Vow"],"picked":"alterego_mod:Belts","floor":24}],"player_experience":1183419,"relics_obtained":[{"floor":7,"key":"Juzu Bracelet"},{"floor":9,"key":"RuthlessExorcism:ReiMu"},{"floor":10,"key":"Tiny Chest"},{"floor":13,"key":"Frozen Egg 2"},{"floor":24,"key":"Blue Candle"}],"event_choices":[{"damage_healed":0,"gold_gain":0,"player_choice":"Entered Light","damage_taken":14,"max_hp_gain":0,"max_hp_loss":0,"event_name":"Shining Light","floor":4,"gold_loss":0,"cards_upgraded":["alterego_mod:Strike","alterego_mod:Defend"]},{"damage_healed":0,"gold_gain":0,"player_choice":"Forge","damage_taken":0,"max_hp_gain":0,"max_hp_loss":0,"event_name":"Accursed Blacksmith","floor":21,"gold_loss":0,"cards_upgraded":["alterego_mod:BiFurious"]},{"damage_healed":0,"gold_gain":0,"player_choice":"Opened","damage_taken":0,"relics_obtained":["Shuriken"],"max_hp_gain":0,"max_hp_loss":0,"event_name":"The Mausoleum","floor":31,"gold_loss":0,"cards_obtained":["Writhe"]}],"is_beta":false,"boss_relics":[{"not_picked":["Snecko Eye","jedi:battlestandard"],"picked":"Cursed Key"}],"items_purged_floors":[5,25],"is_endless":false,"potions_floor_spawned":[1,2,11,14,18],"killed_by":"Champ","ascension_level":12}}