{"host":"ik8ww1p4uabx5gam","time":1609530087,"event":{"mods":["Always Whale","Aspiration","BaseMod","Better Third Choice","BetterRewards","Colored Map","Conspire","Energized Spire","FetchMod","Hubris","Infinite Spire","Jedi Mod","Minty Spire (QoL Compilation)","Random Character Button","Replay The Spire","Shop Mod","Spicy Shops","Spikes Relics","StSLib","The Blue Laboratory","TheVacant","Wandering Minibosses","??????REMEMod"],"gold_per_floor":[212,255,255,279,288,288,311,331,358,400,425,438,406,431,431,542,542,570,596,605,623,650,650,343,343,343,268,293,358,749,749,749,1017,1017,1112,1203,1301,1409,1459,1601,1601,1661,1661],"floor_reached":42,"playtime":2448,"items_purged":["Shame"],"score":752,"play_id":"8e225e04-f1cb-4412-af46-6d6483169671","local_time":"20210101134127","is_ascension_mode":false,"campfire_choices":[{"data":"Apotheosis","floor":6,"key":"SMITH"},{"data":"theVacant:Voidstone","floor":15,"key":"SMITH"},{"data":"theVacant:ShutAway","floor":23,"key":"SMITH"},{"data":"Deep Breath","floor":25,"key":"SMITH"}],"circlet_count":0,"master_deck":["theVacant:VacantStarterStrike","theVacant:VacantStarterStrike","theVacant:VacantStarterStrike","theVacant:VacantStarterDefend","theVacant:VacantStarterDefend","theVacant:VacantStarterDefend","theVacant:VacantStarterDefend","theVacant:Release","theVacant:Crunch","Apotheosis+1","theVacant:Jab","theVacant:Husk","theVacant:BellToll","theVacant:OnSecondThought","theVacant:Dig","theVacant:Jab","theVacant:ShutAway+1","theVacant:Voidstone+1","theVacant:Exorcise+1","theVacant:Return+1","theVacant:VoidEmbrace+1","Deep Breath+1","theVacant:Gloom","theVacant:SurpriseAttack+1","theVacant:DeathSpiral","theVacant:PitOfDespair+1","theVacant:GraveWave+1","theVacant:Fling","Voices"],"relics":["theVacant:BrassGoblet","REME_ComplimentaryCards","CeramicFish","hubris:Towel","hubris:SlimyHat","Replay:Bottled Flurry","betterThird:SlimedRelic","energizedSpire:DeadBattery","Nunchaku","Anchor","hubris:MobiusCoin","Old Coin","infinitespire:EvilPickle","Runic Dome","Ring of Greed","Ring of Chaos","infinitespire:Midas Blood","The Courier","Lantern","REME_ArchaeologicalTools"],"acts_visited":["Exordium","TheCity","TheBeyond"],"potions_floor_usage":[8,16,16,16,29],"damage_taken":[{"damage":0,"enemies":"conspire:RoseBush","floor":1,"turns":3},{"damage":1,"enemies":"conspire:MimicChest","floor":2,"turns":5},{"damage":0,"enemies":"Jaw Worm","floor":4,"turns":3},{"damage":0,"enemies":"Cultist","floor":7,"turns":3},{"damage":21,"enemies":"Gremlin Gang","floor":8,"turns":5},{"damage":9,"enemies":"3 Sentries","floor":10,"turns":7},{"damage":9,"enemies":"2 Fungi Beasts","floor":11,"turns":2},{"damage":0,"enemies":"Blue Slaver","floor":12,"turns":2},{"damage":2,"enemies":"Exordium Wildlife","floor":14,"turns":7},{"damage":7,"enemies":"The Guardian","floor":16,"turns":5},{"damage":0,"enemies":"2 Thieves","floor":18,"turns":2},{"damage":16,"enemies":"3 Byrds","floor":19,"turns":4},{"damage":6,"enemies":"Snecko","floor":21,"turns":7},{"damage":5,"enemies":"Shelled Parasite and Fungi","floor":28,"turns":6},{"damage":9,"enemies":"Snake Plant","floor":29,"turns":5},{"damage":8,"enemies":"Gremlin Leader","floor":30,"turns":5},{"damage":1,"enemies":"Pondfish","floor":33,"turns":10},{"damage":3,"enemies":"3 Darklings","floor":35,"turns":4},{"damage":0,"enemies":"3 Shapes","floor":36,"turns":3},{"damage":8,"enemies":"3 Darklings","floor":37,"turns":7},{"damage":28,"enemies":"Maw","floor":38,"turns":5},{"damage":28,"enemies":"R_Hoarder","floor":40,"turns":7},{"damage":30,"enemies":"Writhing Mass","floor":42,"turns":2}],"seed_played":"2307812746664182194","potions_obtained":[{"floor":2,"key":"blueLaboratory:EmptyBottle"},{"floor":4,"key":"blueLaboratory:TrueEctoplasm"},{"floor":8,"key":"SneckoOil"},{"floor":10,"key":"Swift Potion"},{"floor":28,"key":"Energy Potion"},{"floor":29,"key":"FearPotion"},{"floor":30,"key":"SteroidPotion"},{"floor":33,"key":"blueLaboratory:Moonshine"},{"floor":36,"key":"blueLaboratory:Moonshine"}],"is_trial":false,"path_per_floor":["M","?","?","M","?","R","M","M","T","E","M","M","?","M","R","B",null,"M","M","?","M","T","R","$","R","T","?","M","M","E","?","R_BF","B",null,"M","M","M","M","?","E","T","M"],"character_chosen":"THE_VACANT","items_purchased":["Anchor","Deep Breath"],"campfire_rested":0,"item_purchase_floors":[24,24],"current_hp_per_floor":[80,79,79,79,79,79,79,58,58,49,40,40,29,27,27,20,80,80,64,64,58,58,58,58,58,58,58,53,44,36,36,60,59,80,77,77,69,41,41,23,23,0,0],"gold":1661,"neow_bonus":"HUNDRED_GOLD","is_daily":false,"chose_seed":false,"campfire_upgraded":4,"win_rate":0.0,"timestamp":1609530087,"path_taken":["M","?","?","M","?","R","M","?","T","E","M","?","?","M","R","BOSS","M","M","?","M","?","R","$","R","T","?","M","?","E","?","R_BF","BOSS","M","M","M","?","?","E","?","M"],"items_purchased_type":["Relic","Card"],"build_version":"2020-12-22","purchased_purges":1,"victory":false,"max_hp_per_floor":[80,80,80,80,80,80,80,80,80,80,80,80,80,80,80,80,80,80,80,80,80,80,80,80,80,80,80,80,80,80,80,80,80,80,80,80,80,80,80,80,80,80,80],"card_choices":[{"not_picked":["theVacant:Fling","theVacant:Sneeze"],"picked":"theVacant:Jab","floor":1},{"not_picked":["theVacant:Barrage","theVacant:EyePoke"],"picked":"theVacant:Husk","floor":2},{"not_picked":["theVacant:Fling","theVacant:Soothe"],"picked":"theVacant:BellToll","floor":4},{"not_picked":["theVacant:ShriekingBlast","theVacant:Fling"],"picked":"theVacant:OnSecondThought","floor":7},{"not_picked":["theVacant:Jab","theVacant:ReaperStrike"],"picked":"theVacant:Dig","floor":8},{"not_picked":["theVacant:ShriekingBlast","theVacant:TimeSkip"],"picked":"theVacant:Jab","floor":10},{"not_picked":["theVacant:ShriekingBlast","theVacant:CursedBlast"],"picked":"theVacant:ShutAway","floor":11},{"not_picked":["theVacant:ShriekingBlast","theVacant:ShutAway","theVacant:FranticBlow"],"picked":"SKIP","floor":12},{"not_picked":["theVacant:CursedBlast","theVacant:ShutAway"],"picked":"theVacant:Voidstone","floor":14},{"not_picked":["theVacant:FromNothing","theVacant:DimensionTear"],"picked":"theVacant:Exorcise","floor":16},{"not_picked":["theVacant:Throttle+1","theVacant:Reconnect+1"],"picked":"theVacant:Return+1","floor":18},{"not_picked":["theVacant:ShutAway","theVacant:Whip"],"picked":"theVacant:VoidEmbrace+1","floor":19},{"not_picked":["theVacant:Fortify","theVacant:Reconnect","theVacant:Dig"],"picked":"SKIP","floor":21},{"not_picked":["theVacant:ShriekingBlast","theVacant:Jab"],"picked":"theVacant:Gloom","floor":28},{"not_picked":["theVacant:Expand+1","theVacant:WhenDarknessComes","theVacant:Cower"],"picked":"SKIP","floor":29},{"not_picked":["theVacant:FranticBlow+1","theVacant:Reconnect"],"picked":"theVacant:SurpriseAttack","floor":30},{"not_picked":["theVacant:Rejection","theVacant:Exorcise"],"picked":"theVacant:DeathSpiral","floor":33},{"not_picked":["theVacant:CursedBlast+1","theVacant:Necromancy"],"picked":"theVacant:PitOfDespair+1","floor":35},{"not_picked":["theVacant:Husk","theVacant:Spinshield+1"],"picked":"theVacant:GraveWave+1","floor":36},{"not_picked":["theVacant:Immaterialize","theVacant:Cower","theVacant:SpiritOrb"],"picked":"SKIP","floor":37},{"not_picked":["theVacant:Barrage","theVacant:ShriekingBlast"],"picked":"theVacant:Fling","floor":38},{"not_picked":["theVacant:TwistFate","theVacant:Cower","theVacant:Expand"],"picked":"SKIP","floor":40}],"player_experience":919118,"relics_obtained":[{"floor":2,"key":"CeramicFish"},{"floor":9,"key":"hubris:SlimyHat"},{"floor":10,"key":"Replay:Bottled Flurry"},{"floor":22,"key":"Nunchaku"},{"floor":26,"key":"hubris:MobiusCoin"},{"floor":30,"key":"Old Coin"},{"floor":39,"key":"Ring of Greed"},{"floor":39,"key":"Ring of Chaos"},{"floor":39,"key":"infinitespire:Midas Blood"},{"floor":39,"key":"The Courier"},{"floor":40,"key":"Lantern"},{"floor":41,"key":"REME_ArchaeologicalTools"}],"event_choices":[{"cards_removed":["theVacant:VacantStarterStrike"],"damage_healed":0,"gold_gain":0,"player_choice":"Took Card","damage_taken":0,"max_hp_gain":0,"max_hp_loss":0,"event_name":"NoteForYourself","floor":5,"gold_loss":0,"cards_obtained":["Strike_R"]},{"damage_healed":0,"gold_gain":0,"player_choice":"Slimed","damage_taken":11,"max_hp_gain":0,"max_hp_loss":0,"event_name":"betterThird:BetterGoop","floor":13,"gold_loss":32},{"cards_removed":["Strike_R"],"damage_healed":0,"gold_gain":0,"player_choice":"Gave Gold","damage_taken":0,"max_hp_gain":0,"max_hp_loss":0,"event_name":"Beggar","floor":27,"gold_loss":75},{"damage_healed":0,"gold_gain":0,"player_choice":"Upgraded","damage_taken":0,"max_hp_gain":0,"max_hp_loss":0,"event_name":"Upgrade Shrine","floor":31,"gold_loss":0,"cards_upgraded":["theVacant:SurpriseAttack"]}],"is_beta":false,"boss_relics":[{"not_picked":["Black Star","energizedSpire:StickyHand"],"picked":"energizedSpire:DeadBattery"},{"not_picked":["hubris:CrackedHourglass","hubris:RunicObelisk"],"picked":"Runic Dome"}],"items_purged_floors":[24],"is_endless":false,"potions_floor_spawned":[2,4,8,10,11,28,29,30,33,36,38],"killed_by":"Writhing Mass","ascension_level":0}}