{"host":"x4juqxtivqd4pvh0","time":1609461557,"event":{"mods":["AchievementEnabler","BaseMod","Colored Map","Colored Powertips","Googly Eyes","Minty Spire (QoL Compilation)","Rare Cards Sparkle","Shop Mod","SuperFastMode"],"gold_per_floor":[109,109,124,138,138,138,150,166,211,211,226,245,302,319,319,319,319],"floor_reached":16,"playtime":1246,"items_purged":[],"score":96,"play_id":"42fa6558-54fa-4c58-bab0-54b1b8855990","local_time":"20210101110917","is_ascension_mode":false,"campfire_choices":[{"data":"Shrug It Off","floor":6,"key":"SMITH"},{"floor":15,"key":"REST"}],"circlet_count":0,"master_deck":["Strike_R","Strike_R","Strike_R","Strike_R","Strike_R","Defend_R","Defend_R","Defend_R","Defend_R","Intimidate","Cleave","Shrug It Off+1","Carnage","Clash","Parasite","Intimidate","Ghostly Armor","Clothesline","Clash"],"relics":["Burning Blood","Darkstone Periapt","Toy Ornithopter","Centennial Puzzle"],"acts_visited":["Exordium"],"potions_floor_usage":[16],"damage_taken":[{"damage":2,"enemies":"Small Slimes","floor":1,"turns":4},{"damage":0,"enemies":"2 Louse","floor":3,"turns":2},{"damage":2,"enemies":"Jaw Worm","floor":4,"turns":5},{"damage":7,"enemies":"Blue Slaver","floor":7,"turns":5},{"damage":1,"enemies":"3 Louse","floor":8,"turns":3},{"damage":5,"enemies":"Red Slaver","floor":11,"turns":4},{"damage":14,"enemies":"Gremlin Gang","floor":12,"turns":5},{"damage":34,"enemies":"Gremlin Nob","floor":13,"turns":5},{"damage":8,"enemies":"2 Fungi Beasts","floor":14,"turns":2},{"damage":21,"enemies":"Slime Boss","floor":16,"turns":5}],"seed_played":"8521891621823031385","potions_obtained":[{"floor":1,"key":"HeartOfIron"},{"floor":7,"key":"SteroidPotion"},{"floor":8,"key":"Dexterity Potion"},{"floor":12,"key":"Explosive Potion"}],"is_trial":false,"path_per_floor":["M","?","M","M","?","R","M","M","T","?","M","M","?","M","R","B"],"character_chosen":"IRONCLAD","items_purchased":[],"campfire_rested":1,"item_purchase_floors":[],"current_hp_per_floor":[80,77,80,80,80,80,79,80,80,86,86,78,50,48,73,57,57],"gold":319,"neow_bonus":"THREE_CARDS","is_daily":false,"chose_seed":false,"campfire_upgraded":1,"win_rate":0.0,"timestamp":1609461557,"path_taken":["M","?","M","M","?","R","M","M","T","?","?","M","?","M","R","BOSS"],"items_purchased_type":[],"build_version":"2020-12-22","purchased_purges":0,"victory":false,"max_hp_per_floor":[80,80,80,80,80,80,80,80,80,86,86,86,86,86,86,86,86],"card_choices":[{"not_picked":["Havoc","Perfected Strike"],"picked":"Intimidate","floor":0},{"not_picked":["Hemokinesis","Warcry"],"picked":"Cleave","floor":1},{"not_picked":["Perfected Strike","Fire Breathing"],"picked":"Shrug It Off","floor":3},{"not_picked":["Evolve","Fire Breathing","Entrench"],"picked":"SKIP","floor":4},{"not_picked":["Bloodletting","Sword Boomerang"],"picked":"Carnage","floor":7},{"not_picked":["Combust","Havoc"],"picked":"Clash","floor":8},{"not_picked":["Havoc","True Grit"],"picked":"Intimidate","floor":11},{"not_picked":["Body Slam","Brutality"],"picked":"Ghostly Armor","floor":12},{"not_picked":["Burning Pact","Armaments"],"picked":"Clothesline","floor":13},{"not_picked":["Inflame","Anger"],"picked":"Clash","floor":14}],"player_experience":50737,"relics_obtained":[{"floor":9,"key":"Toy Ornithopter"},{"floor":13,"key":"Centennial Puzzle"}],"event_choices":[{"damage_healed":0,"gold_gain":0,"player_choice":"Success","damage_taken":3,"relics_obtained":["Darkstone Periapt"],"max_hp_gain":0,"max_hp_loss":0,"event_name":"Scrap Ooze","floor":2,"gold_loss":0},{"cards_removed":["Bash"],"damage_healed":0,"gold_gain":0,"player_choice":"Forget","damage_taken":0,"max_hp_gain":0,"max_hp_loss":0,"event_name":"Living Wall","floor":5,"gold_loss":0},{"damage_healed":20,"gold_gain":0,"player_choice":"Healed and dodged fight","damage_taken":0,"max_hp_gain":0,"max_hp_loss":0,"event_name":"Mushrooms","floor":10,"gold_loss":0,"cards_obtained":["Parasite"]},{"damage_healed":0,"gold_gain":0,"player_choice":"Searched \u00271\u0027 times","damage_taken":0,"max_hp_gain":0,"max_hp_loss":0,"event_name":"Dead Adventurer","floor":13,"gold_loss":0}],"is_beta":false,"boss_relics":[],"items_purged_floors":[],"is_endless":false,"potions_floor_spawned":[1,7,8,12,14],"killed_by":"Slime Boss","ascension_level":0}}