{"host":"1eo5f82aifdzd7pr","time":1609496336,"event":{"mods":["AchievementEnabler","BaseMod","Colored Map","Colored Powertips","DeckTracker","Minty Spire (QoL Compilation)","StSLib","SuperFastMode"],"gold_per_floor":[15,33,52,70,35,66,66,66,92,108,123,150,150,177,177,254,254,271,291,37,37,53,53,86,98,179,179,198,229,246,261,261,335,335,349,365,365,262,279,279,308,321,390,20,70,84,94,64,64,64],"floor_reached":51,"playtime":3432,"items_purged":["Defend_P","PathToVictory+1","Study+1"],"score":1324,"play_id":"8de69502-5041-4cb5-bdc7-5832a4c6dfa1","local_time":"20210101121856","is_ascension_mode":true,"campfire_choices":[{"floor":7.0,"key":"REST"},{"data":"LessonLearned","floor":13.0,"key":"SMITH"},{"floor":15.0,"key":"REST"},{"floor":23.0,"key":"REST"},{"floor":32,"key":"REST"},{"data":"Wallop","floor":40,"key":"SMITH"},{"floor":49,"key":"REST"}],"circlet_count":0,"master_deck":["AscendersBane","Defend_P+1","Eruption+1","Vigilance+1","FlurryOfBlows+1","LessonLearned+1","FlurryOfBlows+1","Adaptation+1","SpiritShield+1","CutThroughFate+1","MentalFortress+1","FearNoEvil+1","FearNoEvil+1","Protect+1","Wallop+1","Wallop+1","Meditate+1"],"relics":["HolyWater","Akabeko","Bag of Preparation","Orichalcum","Odd Mushroom","Membership Card","StrikeDummy","Bird Faced Urn","Kunai","Oddly Smooth Stone","Astrolabe","Toy Ornithopter","The Courier","Incense Burner","TheAbacus","Mango"],"acts_visited":["Exordium","TheCity","TheBeyond"],"potions_floor_usage":[25,31,33,35,39,50,50],"damage_taken":[{"damage":0.0,"enemies":"Cultist","floor":1.0,"turns":3.0},{"damage":2.0,"enemies":"Jaw Worm","floor":2.0,"turns":3.0},{"damage":0.0,"enemies":"2 Louse","floor":3.0,"turns":2.0},{"damage":0.0,"enemies":"2 Fungi Beasts","floor":4.0,"turns":2.0},{"damage":32.0,"enemies":"Gremlin Nob","floor":6.0,"turns":3.0},{"damage":0.0,"enemies":"Gremlin Gang","floor":10.0,"turns":3.0},{"damage":8.0,"enemies":"Blue Slaver","floor":11.0,"turns":3.0},{"damage":2.0,"enemies":"3 Sentries","floor":12.0,"turns":5.0},{"damage":4.0,"enemies":"The Mushroom Lair","floor":14.0,"turns":3.0},{"damage":37.0,"enemies":"Hexaghost","floor":16.0,"turns":8.0},{"damage":0.0,"enemies":"Shell Parasite","floor":18.0,"turns":2.0},{"damage":0.0,"enemies":"Chosen","floor":19.0,"turns":3.0},{"damage":13.0,"enemies":"Snake Plant","floor":22.0,"turns":4.0},{"damage":13.0,"enemies":"Book of Stabbing","floor":24.0,"turns":4.0},{"damage":0,"enemies":"Snecko","floor":25,"turns":1},{"damage":0,"enemies":"Shelled Parasite and Fungi","floor":28,"turns":2},{"damage":4,"enemies":"Gremlin Leader","floor":29,"turns":5},{"damage":0,"enemies":"Sentry and Sphere","floor":30,"turns":3},{"damage":0,"enemies":"Chosen and Byrds","floor":31,"turns":3},{"damage":31,"enemies":"Collector","floor":33,"turns":8},{"damage":0,"enemies":"3 Shapes","floor":35,"turns":3},{"damage":0,"enemies":"3 Darklings","floor":36,"turns":5},{"damage":0,"enemies":"Writhing Mass","floor":39,"turns":8},{"damage":0,"enemies":"Reptomancer","floor":41,"turns":4},{"damage":0,"enemies":"Spire Growth","floor":42,"turns":3},{"damage":56,"enemies":"Transient","floor":46,"turns":5},{"damage":5,"enemies":"Maw","floor":47,"turns":8},{"damage":8,"enemies":"Awakened One","floor":50,"turns":9}],"seed_played":"5951051057117577281","potions_obtained":[{"floor":3.0,"key":"Explosive Potion"},{"floor":4.0,"key":"Ancient Potion"},{"floor":12.0,"key":"EntropicBrew"},{"floor":19.0,"key":"Fire Potion"},{"floor":22.0,"key":"Ancient Potion"},{"floor":24.0,"key":"SteroidPotion"},{"floor":28,"key":"Explosive Potion"},{"floor":31,"key":"ColorlessPotion"},{"floor":35,"key":"Swift Potion"},{"floor":36,"key":"ColorlessPotion"},{"floor":39,"key":"BlessingOfTheForge"},{"floor":48,"key":"Regen Potion"}],"is_trial":false,"path_per_floor":["M","M","M","M","?","E","R","?","T","M","M","E","R","?","R","B",null,"M","M","$","?","M","R","E","M","T","?","M","E","M","M","R","B",null,"M","M","?","$","M","R","E","M","T","$","?","M","M","?","R","B",null],"character_chosen":"WATCHER","items_purchased":["Membership Card","MentalFortress","CultistPotion","Incense Burner","TheAbacus","Mango"],"campfire_rested":5,"item_purchase_floors":[20,20,38,44,44,44],"current_hp_per_floor":[61,59,59,59,68,36,56,56,56,56,48,46,46,42,62,25,57,57,57,57,57,44,64,51,51,51,32,34,34,38,42,63,36,64,68,72,72,72,73,73,73,73,73,87,87,31,30,30,56,77],"gold":64,"neow_bonus":"REMOVE_TWO","is_daily":false,"chose_seed":false,"campfire_upgraded":2,"win_rate":0.0,"timestamp":1609496336,"path_taken":["M","M","?","M","?","E","R","?","T","M","M","E","R","?","R","BOSS","M","M","$","?","M","R","E","?","T","?","M","E","M","M","R","BOSS","M","M","?","$","M","R","E","M","T","$","?","M","?","?","R","BOSS"],"items_purchased_type":["Relic","Card","Potion","Relic","Relic","Relic"],"build_version":"2020-12-22","purchased_purges":3,"victory":true,"max_hp_per_floor":[68,68,68,68,68,68,68,68,68,68,68,68,68,68,68,68,68,68,68,68,68,68,68,68,68,68,73,73,73,73,73,73,73,73,73,73,73,73,73,73,73,73,73,87,87,87,87,87,87,87],"card_choices":[{"not_picked":["Crescendo","Prostrate"],"picked":"FlurryOfBlows","floor":1.0},{"not_picked":["Fasting2","PathToVictory"],"picked":"LessonLearned","floor":2.0},{"not_picked":["Crescendo","FollowUp","ClearTheMind"],"picked":"SKIP","floor":3.0},{"not_picked":["Worship","CrushJoints"],"picked":"FlurryOfBlows","floor":4.0},{"not_picked":["EmptyBody","SignatureMove","FollowUp"],"picked":"SKIP","floor":6.0},{"not_picked":["Weave","WreathOfFlame","Halt"],"picked":"SKIP","floor":10.0},{"not_picked":["Pray","Protect"],"picked":"Adaptation","floor":11.0},{"not_picked":["Swivel","Weave","ThirdEye"],"picked":"SKIP","floor":12.0},{"not_picked":["Judgement","DevaForm"],"picked":"SpiritShield","floor":16.0},{"not_picked":["FlyingSleeves","FlurryOfBlows+1"],"picked":"CutThroughFate","floor":18.0},{"not_picked":["Prostrate","CrushJoints","ThirdEye"],"picked":"SKIP","floor":19.0},{"not_picked":["ForeignInfluence","CutThroughFate","Conclude"],"picked":"SKIP","floor":22.0},{"not_picked":["EmptyMind","FlyingSleeves"],"picked":"FearNoEvil","floor":24.0},{"not_picked":["EmptyBody","Prostrate"],"picked":"FearNoEvil","floor":25},{"not_picked":["EmptyFist","Evaluate","Crescendo"],"picked":"SKIP","floor":28},{"not_picked":["Evaluate","Alpha"],"picked":"Protect","floor":29},{"not_picked":["Protect","Tantrum"],"picked":"Wallop","floor":30},{"not_picked":["ReachHeaven","Nirvana+1","Consecrate"],"picked":"SKIP","floor":31},{"not_picked":["EmptyFist","EmptyBody","BattleHymn"],"picked":"SKIP","floor":35},{"not_picked":["Evaluate","EmptyBody","SashWhip"],"picked":"SKIP","floor":36},{"not_picked":["Vengeance","Protect","Indignation"],"picked":"SKIP","floor":39},{"not_picked":["PathToVictory","FlyingSleeves+1"],"picked":"Wallop","floor":41},{"not_picked":["BowlingBash","FlurryOfBlows"],"picked":"Meditate+1","floor":42},{"not_picked":["Adaptation+1","BattleHymn","Prostrate"],"picked":"SKIP","floor":46},{"not_picked":["Evaluate","Worship+1","Conclude+1"],"picked":"SKIP","floor":47}],"player_experience":717736,"relics_obtained":[{"floor":6.0,"key":"Akabeko"},{"floor":9.0,"key":"Bag of Preparation"},{"floor":12.0,"key":"Orichalcum"},{"floor":14.0,"key":"Odd Mushroom"},{"floor":24.0,"key":"Bird Faced Urn"},{"floor":26,"key":"Kunai"},{"floor":29,"key":"Oddly Smooth Stone"},{"floor":41,"key":"Toy Ornithopter"},{"floor":43,"key":"The Courier"}],"event_choices":[{"damage_healed":17.0,"max_hp_gain":0.0,"max_hp_loss":0.0,"gold_gain":0.0,"event_name":"The Cleric","player_choice":"Healed","floor":5.0,"gold_loss":35.0,"damage_taken":0.0},{"cards_removed":["Strike_P"],"damage_healed":0.0,"max_hp_gain":0.0,"max_hp_loss":0.0,"gold_gain":0.0,"event_name":"Living Wall","player_choice":"Forget","floor":8.0,"gold_loss":0.0,"damage_taken":0.0},{"damage_healed":0.0,"max_hp_gain":0.0,"max_hp_loss":0.0,"gold_gain":0.0,"event_name":"Mushrooms","player_choice":"Fought Mushrooms","floor":14.0,"gold_loss":0.0,"damage_taken":0.0},{"damage_healed":0.0,"max_hp_gain":0.0,"max_hp_loss":0.0,"gold_gain":0.0,"event_name":"WeMeetAgain","player_choice":"Gave Potion","floor":21.0,"gold_loss":0.0,"damage_taken":0.0,"relics_obtained":["StrikeDummy"]},{"damage_healed":0,"gold_gain":0,"player_choice":"Shed Blood","damage_taken":24,"max_hp_gain":5,"max_hp_loss":0,"event_name":"Forgotten Altar","floor":27,"gold_loss":0},{"cards_removed":["Omniscience"],"damage_healed":0,"gold_gain":0,"player_choice":"Removed Skill","damage_taken":0,"max_hp_gain":0,"max_hp_loss":0,"event_name":"Falling","floor":37,"gold_loss":0},{"damage_healed":0,"gold_gain":50,"player_choice":"Pray","damage_taken":0,"max_hp_gain":0,"max_hp_loss":0,"event_name":"Golden Shrine","floor":45,"gold_loss":0},{"damage_healed":0,"gold_gain":0,"player_choice":"Bought 2 Potions","damage_taken":0,"max_hp_gain":0,"max_hp_loss":0,"event_name":"The Woman in Blue","floor":48,"gold_loss":0}],"is_beta":false,"boss_relics":[{"not_picked":["Busted Crown","Runic Pyramid"],"picked":"HolyWater"},{"not_picked":["SacredBark","Sozu"],"picked":"Astrolabe"}],"items_purged_floors":[20,38,44],"is_endless":false,"potions_floor_spawned":[3,4,12,16,19,22,24,28,31,35,36,39,46],"ascension_level":16}}