{"host":"7hpq7e8rzvzbnf1s","time":1609490137,"event":{"mods":["Arknights The Spire","BaseMod","Minty Spire (QoL Compilation)","Quick Restart","StSLib","Waifu the Spire"],"gold_per_floor":[116,66,66,86,11,11,45,45,45,55,68,68,68,79,79,177,177,177,177],"floor_reached":18,"playtime":886,"items_purged":["ats:Strike C"],"score":160,"play_id":"ba3ff046-aafa-41c3-ae6c-2b4d9118b105","local_time":"20210101163537","is_ascension_mode":false,"campfire_choices":[{"data":"ats:Part Time Job","floor":6.0,"key":"SMITH"},{"data":"ats:Healing Strengthening","floor":8.0,"key":"SMITH"},{"data":"ats:Emotion Absorption","floor":12.0,"key":"SMITH"},{"data":"ats:Dogmatic Field","floor":15.0,"key":"SMITH"}],"circlet_count":0,"master_deck":["ats:Strike G","ats:Strike S","ats:Strike V","ats:Armor Crushing Shot","ats:Defend","ats:Defend","ats:Defend","ats:Emotion Absorption+1","ats:Flexible Camouflage","ats:Part Time Job+1","ats:Healing Strengthening+1","ats:Shell Defense","ats:Defend Order","ats:Dogmatic Field+1","ats:Rat Pack"],"relics":["ats:Sanity","Orichalcum","ats:Originium","Unceasing Top","HornCleat","Happy Flower","ats:Tactical Delivery"],"acts_visited":["Exordium","TheCity"],"potions_floor_usage":[],"damage_taken":[{"damage":12.0,"enemies":"Small Slimes","floor":1.0,"turns":4.0},{"damage":7.0,"enemies":"2 Louse","floor":4.0,"turns":3.0},{"damage":41.0,"enemies":"Gremlin Nob","floor":7.0,"turns":6.0},{"damage":0.0,"enemies":"Cultist","floor":10.0,"turns":3.0},{"damage":11.0,"enemies":"Exordium Thugs","floor":11.0,"turns":6.0},{"damage":17.0,"enemies":"Large Slime","floor":14.0,"turns":9.0},{"damage":188.0,"enemies":"Slime Boss","floor":16.0,"turns":26.0},{"damage":0,"enemies":"Chosen","floor":18,"turns":1}],"seed_played":"5675209707698717887","potions_obtained":[{"floor":4.0,"key":"LiquidMemories"},{"floor":7.0,"key":"PowerPotion"},{"floor":11.0,"key":"DuplicationPotion"}],"is_trial":false,"path_per_floor":["M","?","?","M","$","R","E","R","T","M","M","R","?","M","R","B",null,"M"],"character_chosen":"DOCTOR_CLASS","items_purchased":[],"campfire_rested":0,"item_purchase_floors":[],"current_hp_per_floor":[60,60,60,53,53,53,20,20,20,28,35,35,32,72,72,72,72,72,72],"gold":177,"neow_bonus":"RANDOM_COMMON_RELIC","is_daily":false,"chose_seed":false,"campfire_upgraded":4,"win_rate":0.0,"timestamp":1609490137,"path_taken":["M","?","?","M","$","R","E","R","T","M","M","R","?","M","R","BOSS","M"],"items_purchased_type":[],"build_version":"2020-12-22","purchased_purges":1,"victory":false,"max_hp_per_floor":[72,72,72,72,72,72,72,72,72,72,72,72,72,72,72,72,72,72,72],"card_choices":[{"not_picked":["ats:Apocalypse","ats:Revitalization"],"picked":"ats:Flexible Camouflage","floor":1.0},{"not_picked":["ats:Apocalypse","ats:Powerful Strike"],"picked":"ats:Part Time Job","floor":4.0},{"not_picked":["ats:Blood Oath","ats:Apocalypse"],"picked":"ats:Healing Strengthening","floor":7.0},{"not_picked":["ats:Ignite","ats:Leaping Hammer"],"picked":"ats:Shell Defense","floor":10.0},{"not_picked":["ats:Powerful Strike","ats:Cat Scratch"],"picked":"ats:Defend Order","floor":11.0},{"not_picked":["ats:Powerful Strike","ats:Poison Spread"],"picked":"ats:Dogmatic Field","floor":14.0},{"not_picked":["ats:Disruption Kick","ats:True Silver Slash"],"picked":"ats:Rat Pack","floor":16.0}],"player_experience":183080,"relics_obtained":[{"floor":7.0,"key":"ats:Originium"},{"floor":7.0,"key":"Unceasing Top"},{"floor":9.0,"key":"HornCleat"}],"event_choices":[{"cards_removed":["ats:Defend"],"damage_healed":0.0,"max_hp_gain":0.0,"max_hp_loss":0.0,"gold_gain":0.0,"event_name":"The Cleric","player_choice":"Card Removal","floor":2.0,"gold_loss":50.0,"damage_taken":0.0},{"damage_healed":0.0,"max_hp_gain":0.0,"max_hp_loss":0.0,"gold_gain":0.0,"event_name":"Liars Game","player_choice":"Ignored","floor":3.0,"gold_loss":0.0,"damage_taken":0.0},{"damage_healed":0.0,"max_hp_gain":0.0,"max_hp_loss":0.0,"gold_gain":0.0,"event_name":"Scrap Ooze","player_choice":"Success","floor":13.0,"gold_loss":0.0,"damage_taken":3.0,"relics_obtained":["Happy Flower"]}],"is_beta":false,"boss_relics":[{"not_picked":["Coffee Dripper","Tiny House"],"picked":"ats:Tactical Delivery"}],"items_purged_floors":[5],"is_endless":false,"potions_floor_spawned":[4,7,11],"killed_by":"Chosen","ascension_level":0}}