{"host":"q9718omregw4er46","time":1609499747,"event":{"mods":["BaseMod","Bestiary","Colored Powertips","Minty Spire (QoL Compilation)","Quick Restart","Relic Stats"],"gold_per_floor":[113,113,123,141,141,141,172,191,191,220,220,66,66,100,100,176,176,190,190,208,220,234,234,260,42,42,42,42],"floor_reached":27,"playtime":724,"items_purged":["Strike_P"],"score":502,"play_id":"121e1e8a-32eb-459f-9a1a-a7cdb73db956","local_time":"20210101161547","is_ascension_mode":true,"campfire_choices":[{"data":"Eruption","floor":6.0,"key":"SMITH"},{"floor":11.0,"key":"REST"},{"data":"BattleHymn","floor":13.0,"key":"SMITH"},{"data":"EmptyFist","floor":15.0,"key":"SMITH"},{"floor":23.0,"key":"REST"}],"circlet_count":0,"master_deck":["AscendersBane","Strike_P","Strike_P","Strike_P","Defend_P","Defend_P","Defend_P","Defend_P","Eruption+1","Vigilance","FearNoEvil+1","ForeignInfluence","FlyingSleeves","EmptyFist+1","Tantrum","BattleHymn+1","DevaForm","ThirdEye","Adaptation","LessonLearned","Shame"],"relics":["Philosopher\u0027s Stone","Blue Candle","Letter Opener","Kunai","Strawberry","Cursed Key","Smiling Mask","Question Card"],"acts_visited":["Exordium","TheCity"],"potions_floor_usage":[24,24],"damage_taken":[{"damage":0.0,"enemies":"Jaw Worm","floor":1.0,"turns":3.0},{"damage":2.0,"enemies":"Small Slimes","floor":3.0,"turns":3.0},{"damage":0.0,"enemies":"Cultist","floor":4.0,"turns":2.0},{"damage":9.0,"enemies":"Gremlin Nob","floor":7.0,"turns":3.0},{"damage":0.0,"enemies":"2 Fungi Beasts","floor":8.0,"turns":2.0},{"damage":37.0,"enemies":"Lagavulin","floor":10.0,"turns":6.0},{"damage":18.0,"enemies":"Gremlin Nob","floor":14.0,"turns":3.0},{"damage":14.0,"enemies":"Hexaghost","floor":16.0,"turns":6.0},{"damage":46.0,"enemies":"3 Byrds","floor":18.0,"turns":4.0},{"damage":24.0,"enemies":"2 Thieves","floor":20.0,"turns":3.0},{"damage":25.0,"enemies":"Centurion and Healer","floor":21.0,"turns":4.0},{"damage":7.0,"enemies":"3 Cultists","floor":22.0,"turns":3.0},{"damage":14,"enemies":"Slavers","floor":24,"turns":2},{"damage":28,"enemies":"Gremlin Leader","floor":27,"turns":1}],"seed_played":"-2898717732758640954","potions_obtained":[{"floor":3.0,"key":"Explosive Potion"},{"floor":8.0,"key":"Swift Potion"},{"floor":10.0,"key":"ColorlessPotion"},{"floor":18.0,"key":"SteroidPotion"},{"floor":22.0,"key":"SpeedPotion"}],"is_trial":false,"path_per_floor":["M","?","M","M","?","R","E","M","T","E","R","$","R","E","R","B",null,"M","?","M","M","M","R","E","$","T","E"],"character_chosen":"WATCHER","items_purchased":["BattleHymn","StancePotion","LessonLearned"],"campfire_rested":2,"item_purchase_floors":[12,12,25],"current_hp_per_floor":[61,61,59,59,59,59,50,50,50,13,33,33,33,22,22,8,58,12,75,51,26,19,41,27,27,27,0,0],"gold":42,"neow_bonus":"BOSS_RELIC","is_daily":false,"chose_seed":false,"campfire_upgraded":3,"win_rate":0.0,"timestamp":1609499747,"path_taken":["M","?","M","M","?","R","E","?","T","E","R","$","R","E","R","BOSS","M","?","M","M","M","R","E","$","T","E"],"items_purchased_type":["Card","Potion","Card"],"build_version":"2020-12-22","purchased_purges":1,"victory":false,"max_hp_per_floor":[68,68,68,68,68,68,68,68,68,68,68,68,68,75,75,75,75,75,75,75,75,75,75,75,75,75,75,75],"relic_stats":{"counters":[14,45],"Blue Candle":[0],"Letter Opener":[5],"Kunai":[19],"Cursed Key":1,"Smiling Mask":25,"Question Card":0,"obtain_stats":[{"Blue Candle":7,"Strawberry":14,"Philosopher\u0027s Stone":0,"Letter Opener":9,"Kunai":10,"PureWater":0,"Cursed Key":17,"Smiling Mask":24,"Question Card":26},{"Blue Candle":4,"Strawberry":7,"Philosopher\u0027s Stone":0,"Letter Opener":5,"Kunai":6,"PureWater":0,"Cursed Key":8,"Smiling Mask":13,"Question Card":13},{"Blue Candle":11,"Strawberry":22,"Philosopher\u0027s Stone":0,"Letter Opener":13,"Kunai":19,"PureWater":0,"Cursed Key":28,"Smiling Mask":44,"Question Card":44}]},"card_choices":[{"not_picked":["Crescendo","Halt"],"picked":"FearNoEvil","floor":1.0},{"not_picked":["Worship","FollowUp","Prostrate"],"picked":"SKIP","floor":3.0},{"not_picked":["FollowUp","JustLucky","Consecrate"],"picked":"SKIP","floor":4.0},{"not_picked":["CrushJoints","Nirvana"],"picked":"FlyingSleeves","floor":7.0},{"not_picked":["Fasting2","Perseverance"],"picked":"EmptyFist","floor":8.0},{"not_picked":["Consecrate","PathToVictory"],"picked":"Tantrum","floor":10.0},{"not_picked":["InnerPeace","Crescendo","Collect"],"picked":"SKIP","floor":14.0},{"not_picked":["Devotion","SpiritShield"],"picked":"DevaForm","floor":16.0},{"not_picked":["CrushJoints","SashWhip"],"picked":"ThirdEye","floor":18.0},{"not_picked":["Halt+1","ClearTheMind","FearNoEvil+1"],"picked":"SKIP","floor":20.0},{"not_picked":["ClearTheMind","CutThroughFate"],"picked":"Adaptation","floor":21.0},{"not_picked":["ThirdEye","BowlingBash","CrushJoints"],"picked":"SKIP","floor":22.0},{"not_picked":["Evaluate","Crescendo","EmptyBody"],"picked":"SKIP","floor":24}],"player_experience":1145774,"relics_obtained":[{"floor":7.0,"key":"Blue Candle"},{"floor":9.0,"key":"Letter Opener"},{"floor":10.0,"key":"Kunai"},{"floor":14.0,"key":"Strawberry"},{"floor":24,"key":"Smiling Mask"},{"floor":26,"key":"Question Card"}],"event_choices":[{"damage_healed":0.0,"max_hp_gain":0.0,"max_hp_loss":0.0,"gold_gain":0.0,"event_name":"Living Wall","player_choice":"Grow","floor":2.0,"gold_loss":0.0,"damage_taken":0.0,"cards_upgraded":["FearNoEvil"]},{"damage_healed":0.0,"max_hp_gain":0.0,"max_hp_loss":0.0,"gold_gain":0.0,"event_name":"Match and Keep!","player_choice":"1 cards matched","floor":5.0,"gold_loss":0.0,"damage_taken":0.0,"cards_obtained":["ForeignInfluence"]},{"damage_healed":63.0,"max_hp_gain":0.0,"max_hp_loss":0.0,"gold_gain":0.0,"event_name":"Wheel of Change","player_choice":"Full Heal","floor":19.0,"gold_loss":0.0,"damage_taken":0.0}],"is_beta":false,"boss_relics":[{"not_picked":["Coffee Dripper","VioletLotus"],"picked":"Cursed Key"}],"items_purged_floors":[25],"is_endless":false,"potions_floor_spawned":[3,8,10,18,22],"killed_by":"Gremlin Leader","ascension_level":20}}