{"host":"lki8juf1kofnt8am","time":1609469688,"event":{"mods":["Ascension Reborn","BaseMod","BetterRewards","Conspire","Downfall","Friendly Minions","Hermit","Hubris","Minty Spire (QoL Compilation)","READ ME - Guardian Mod","READ ME - Snecko Mod","Shade Mod","StSLib","The Forsaken","The Mystic","The Necromancer"],"gold_per_floor":[118,118,130,60,74,101,115,115,139,139,152,132,143,68,68,169,169,179,195,195,211,211,211,226,226,226,252,262,8,10,10],"floor_reached":30,"playtime":2823,"items_purged":[],"score":277,"play_id":"7e70e4ae-6b9d-4a54-8a6e-338996399133","local_time":"20201231215448","is_ascension_mode":true,"campfire_choices":[{"floor":8,"key":"REST"},{"floor":15,"key":"REST"},{"data":"theForsaken:Confusion","floor":23,"key":"SMITH"},{"floor":25,"key":"REST"}],"circlet_count":0,"master_deck":["theForsaken:TheForsaken_Strike","theForsaken:TheForsaken_Strike","theForsaken:TheForsaken_Strike","theForsaken:TheForsaken_Defend","theForsaken:TheForsaken_Defend","theForsaken:TheForsaken_Defend","theForsaken:TheForsaken_Defend","theForsaken:Smite","theForsaken:Penitence","theForsaken:ChargeAttack","theForsaken:PreciseStrike","theForsaken:SiphonStrike","theForsaken:WrathOfGod","theForsaken:Bolster","theForsaken:WordsOfPestilence","theForsaken:DarkBargain","theForsaken:RainingSunlight","theForsaken:Confusion+1","theForsaken:MagicWeapon","theForsaken:Backlash","theForsaken:FountainOfLife","theForsaken:ShieldCharge","theForsaken:Devotion","Ghostly","Ghostly","Ghostly","Ghostly","Ghostly","theForsaken:QuickAttack+1","Death_Coil","theForsaken:DefensiveStance","theForsaken:QuickAttack","theForsaken:SacrificeSoul"],"relics":["theForsaken:JudgementScales","Dream Catcher","Bottled Flame","Bronze Scales","Mummified Hand","Velvet Choker","conspire:DeflatedDodgeball","hubris:GlazedTorus","MealTicket"],"acts_visited":["Exordium","TheCity"],"potions_floor_usage":[16,24,28],"damage_taken":[{"damage":9,"enemies":"conspire:RoseBush","floor":1,"turns":3},{"damage":7,"enemies":"Jaw Worm","floor":3,"turns":4},{"damage":1,"enemies":"2 Louse","floor":5,"turns":2},{"damage":22,"enemies":"3 Sentries","floor":6,"turns":8},{"damage":9,"enemies":"Exordium Wildlife","floor":7,"turns":3},{"damage":14,"enemies":"3 Louse","floor":11,"turns":2},{"damage":7,"enemies":"Blue Slaver","floor":13,"turns":3},{"damage":40,"enemies":"The Guardian","floor":16,"turns":7},{"damage":13,"enemies":"conspire:FuzzyDice","floor":18,"turns":3},{"damage":24,"enemies":"Shell Parasite","floor":19,"turns":4},{"damage":18,"enemies":"Shelled Parasite and Fungi","floor":21,"turns":5},{"damage":18,"enemies":"Cultist and Chosen","floor":24,"turns":6},{"damage":17,"enemies":"conspire:SneckoGhost","floor":27,"turns":8},{"damage":3,"enemies":"Snake Plant","floor":28,"turns":3},{"damage":28,"enemies":"conspire:MimicChest","floor":30,"turns":7}],"seed_played":"2093958066500859364","potions_obtained":[{"floor":1,"key":"Dexterity Potion"},{"floor":12,"key":"Regen Potion"},{"floor":13,"key":"SpeedPotion"},{"floor":16,"key":"Ancient Potion"},{"floor":24,"key":"sneckomod:MuddlingPotion"},{"floor":27,"key":"DistilledChaos"}],"is_trial":false,"path_per_floor":["M","?","M","$","M","E","M","R","T","?","M","?","M","$","R","B",null,"M","M","?","M","?","R","M","R","T","E","M","$","?"],"character_chosen":"THE_FORSAKEN","items_purchased":["theForsaken:SiphonStrike","theForsaken:MagicWeapon","MealTicket","FairyPotion"],"campfire_rested":3,"item_purchase_floors":[4,14,29,29],"current_hp_per_floor":[63,63,56,56,60,46,42,63,63,60,51,51,51,51,71,44,71,63,41,36,21,21,21,8,20,20,6,3,3,0,0],"gold":10,"neow_bonus":"TEN_PERCENT_HP_BONUS","is_daily":false,"chose_seed":false,"campfire_upgraded":1,"win_rate":0.0,"timestamp":1609469688,"path_taken":["M","?","M","?","?","E","M","R","T","?","M","?","M","$","R","BOSS","M","?","?","M","?","R","M","R","T","E","?","$","?"],"items_purchased_type":["Card","Card","Relic","Potion"],"build_version":"2020-12-22","purchased_purges":0,"victory":false,"max_hp_per_floor":[71,71,71,71,71,71,71,71,71,71,71,71,71,71,71,71,71,71,73,36,38,38,38,40,40,40,40,40,40,40,40],"card_choices":[{"not_picked":["theForsaken:Parry","theForsaken:Riposte"],"picked":"theForsaken:ChargeAttack","floor":1},{"not_picked":["theForsaken:BlindFaith","theForsaken:StoreUp"],"picked":"theForsaken:PreciseStrike","floor":3},{"not_picked":["theForsaken:HorrifyingStrike","theForsaken:PowerUp"],"picked":"theForsaken:WrathOfGod","floor":5},{"not_picked":["theForsaken:FuryStrikes","theForsaken:FatRoll"],"picked":"theForsaken:Bolster","floor":6},{"not_picked":["theForsaken:PowerUp","theForsaken:CorruptedWord"],"picked":"theForsaken:WordsOfPestilence","floor":7},{"not_picked":["theForsaken:ShieldBash","theForsaken:Preservation"],"picked":"theForsaken:DarkBargain","floor":8},{"not_picked":["theForsaken:QuickAttack","theForsaken:Backlash"],"picked":"theForsaken:RainingSunlight","floor":11},{"not_picked":["theForsaken:ShieldCharge","theForsaken:RainingSunlight"],"picked":"theForsaken:Confusion","floor":13},{"not_picked":["theForsaken:CreepingInfection","theForsaken:HorrifyingStrike"],"picked":"theForsaken:Backlash","floor":15},{"not_picked":["theForsaken:Horror","theForsaken:CorruptedForm"],"picked":"theForsaken:FountainOfLife","floor":16},{"not_picked":["theForsaken:RainingSunlight","theForsaken:Backlash"],"picked":"theForsaken:ShieldCharge","floor":18},{"not_picked":["theForsaken:HymnOfPatience+1","theForsaken:Backlash"],"picked":"theForsaken:Devotion","floor":19},{"not_picked":["theForsaken:BlessedWeapon","theForsaken:NobleSacrifice+1"],"picked":"theForsaken:QuickAttack+1","floor":21},{"not_picked":["theForsaken:HymnOfRest","theForsaken:Thunderbolt"],"picked":"theForsaken:DefensiveStance","floor":24},{"not_picked":["theForsaken:ShieldCharge","theForsaken:CorruptedWord"],"picked":"theForsaken:QuickAttack","floor":25},{"not_picked":["theForsaken:ShieldCharge","theForsaken:HymnOfRest"],"picked":"theForsaken:SacrificeSoul","floor":27},{"not_picked":["theForsaken:NobleSacrifice","theForsaken:MagicWeapon","theForsaken:BlindFaith+1"],"picked":"SKIP","floor":28}],"player_experience":67075,"relics_obtained":[{"floor":6,"key":"Bottled Flame"},{"floor":9,"key":"Bronze Scales"},{"floor":26,"key":"conspire:DeflatedDodgeball"},{"floor":27,"key":"hubris:GlazedTorus"}],"event_choices":[{"damage_healed":0,"gold_gain":0,"player_choice":"Gave Potion","damage_taken":0,"relics_obtained":["Dream Catcher"],"max_hp_gain":0,"max_hp_loss":0,"event_name":"WeMeetAgain","floor":2,"gold_loss":0},{"damage_healed":0,"gold_gain":0,"player_choice":"Success","damage_taken":3,"relics_obtained":["Mummified Hand"],"max_hp_gain":0,"max_hp_loss":0,"event_name":"Scrap Ooze","floor":10,"gold_loss":0},{"damage_healed":0,"gold_gain":0,"player_choice":"Bought 1 Potion","damage_taken":0,"max_hp_gain":0,"max_hp_loss":0,"event_name":"The Woman in Blue","floor":12,"gold_loss":0},{"damage_healed":0,"gold_gain":0,"player_choice":"Became a Ghost","damage_taken":0,"max_hp_gain":0,"max_hp_loss":37,"event_name":"Ghosts","floor":20,"gold_loss":0,"cards_obtained":["Ghostly","Ghostly","Ghostly","Ghostly","Ghostly"]},{"cards_removed":["theForsaken:TheForsaken_Strike"],"damage_healed":0,"gold_gain":0,"player_choice":"Took Card","damage_taken":0,"max_hp_gain":0,"max_hp_loss":0,"event_name":"NoteForYourself","floor":22,"gold_loss":0,"cards_obtained":["Death_Coil"]}],"is_beta":false,"boss_relics":[{"not_picked":["Snecko Eye","theForsaken:PaleLantern"],"picked":"Velvet Choker"}],"items_purged_floors":[],"is_endless":false,"potions_floor_spawned":[1,13,16,19,24,27],"killed_by":"conspire:MimicChest","ascension_level":0}}