{"host":"2gugywxuw0nvjb3h","time":1609473453,"event":{"mods":["AchievementEnabler","BaseMod","Better Altar","Better Match","Better Note","Better Sensory Stone","Better Skull","Better Third Choice","BetterRewards","Colored Map","Colored Powertips","Curses Come First","Evolution","Filter the Spire","GifTheSpireLib","Key Reminder","Minty Spire (QoL Compilation)","Rare Cards Sparkle","Relic Sorter","Spicy Shops","StSLib"],"gold_per_floor":[118,118,118,118,118,118,156,156,156,156,190,7,20,40,40,170,170,188,207,26,45,58,58,58],"floor_reached":23,"playtime":12891,"items_purged":[],"score":199,"play_id":"944854da-4928-4d30-b5c3-e1ac27d5ea4d","local_time":"20201231205733","is_ascension_mode":false,"campfire_choices":[{"floor":6,"key":"REST"},{"floor":8,"key":"REST"},{"data":"TalkToTheHand","floor":10,"key":"SMITH"},{"data":"DevaForm","floor":15,"key":"SMITH"}],"circlet_count":0,"master_deck":["Strike_P","Strike_P","Strike_P","Strike_P","Defend_P","Defend_P","Defend_P","Defend_P","Eruption","Vigilance","TalkToTheHand+1","Footwork+1","Collect","Consecrate","DevaForm+1","Halt","Vault","EmptyMind+1","Indignation+1","FollowUp","CrushJoints","SashWhip"],"relics":["EVO:Axolotl","Sozu","Boot","Golden Idol","Letter Opener","Kunai","Omamori","Membership Card","Dream Catcher","Philosopher\u0027s Stone","Gambling Chip","Blood Vial"],"acts_visited":["Exordium","TheCity"],"potions_floor_usage":[],"damage_taken":[{"damage":0,"enemies":"2 Louse","floor":1,"turns":4},{"damage":8,"enemies":"Lagavulin","floor":7,"turns":11},{"damage":13,"enemies":"Gremlin Nob","floor":11,"turns":5},{"damage":0,"enemies":"Small Slimes","floor":13,"turns":3},{"damage":6,"enemies":"Jaw Worm","floor":14,"turns":4},{"damage":13,"enemies":"The Guardian","floor":16,"turns":12},{"damage":41,"enemies":"3 Byrds","floor":18,"turns":5},{"damage":0,"enemies":"Spheric Guardian","floor":19,"turns":4},{"damage":30,"enemies":"Cultist and Chosen","floor":21,"turns":11},{"damage":0,"enemies":"Snecko","floor":22,"turns":4},{"damage":9,"enemies":"Book of Stabbing","floor":23,"turns":5}],"seed_played":"5368142332035518245","potions_obtained":[],"is_trial":false,"path_per_floor":["M","?","?","?","?","R","E","R","T","R","E","$","M","M","R","B",null,"M","M","$","M","M","E"],"character_chosen":"WATCHER","items_purchased":["Membership Card","Dream Catcher","Gambling Chip","Blood Vial","FollowUp"],"campfire_rested":2,"item_purchase_floors":[12,12,20,20,20],"current_hp_per_floor":[72,72,72,58,40,61,53,72,72,72,59,59,59,53,53,40,72,31,31,31,3,5,0,0],"gold":58,"neow_bonus":"BOSS_RELIC","is_daily":false,"chose_seed":false,"campfire_upgraded":2,"win_rate":0.0,"timestamp":1609473453,"path_taken":["M","?","?","?","?","R","E","R","T","R","E","$","M","M","R","BOSS","M","M","$","M","M","E"],"items_purchased_type":["Relic","Relic","Relic","Relic","Card"],"build_version":"2020-12-22","purchased_purges":0,"victory":false,"max_hp_per_floor":[72,72,72,72,72,72,72,72,72,72,72,72,72,72,72,72,72,72,72,72,72,72,72,72],"card_choices":[{"not_picked":["Nirvana","CutThroughFate"],"picked":"TalkToTheHand","floor":1},{"not_picked":["SandsOfTime","Crescendo"],"picked":"Collect","floor":7},{"not_picked":["EmptyMind","FlyingSleeves"],"picked":"Consecrate","floor":11},{"not_picked":["Meditate","SandsOfTime"],"picked":"DevaForm","floor":13},{"not_picked":["CutThroughFate","Collect"],"picked":"Halt","floor":14},{"not_picked":["Omniscience","MasterReality"],"picked":"Vault","floor":16},{"not_picked":["EmptyFist","CrushJoints"],"picked":"EmptyMind+1","floor":18},{"not_picked":["Nirvana","Worship"],"picked":"Indignation+1","floor":19},{"not_picked":["FollowUp","EmptyFist"],"picked":"CrushJoints","floor":21},{"not_picked":["CrushJoints","WreathOfFlame+1"],"picked":"SashWhip","floor":22}],"player_experience":115656,"relics_obtained":[{"floor":7,"key":"Letter Opener"},{"floor":9,"key":"Kunai"},{"floor":11,"key":"Omamori"}],"event_choices":[{"damage_healed":0,"gold_gain":0,"player_choice":"Leave","damage_taken":0,"max_hp_gain":0,"max_hp_loss":0,"event_name":"The Cleric","floor":2,"gold_loss":0},{"damage_healed":0,"gold_gain":0,"player_choice":"Ignored","damage_taken":0,"max_hp_gain":0,"max_hp_loss":0,"event_name":"Golden Wing","floor":3,"gold_loss":0},{"damage_healed":0,"gold_gain":0,"player_choice":"Take Damage","damage_taken":18,"relics_obtained":["Golden Idol"],"max_hp_gain":0,"max_hp_loss":0,"event_name":"Golden Idol","floor":5,"gold_loss":0}],"is_beta":false,"boss_relics":[{"not_picked":["Fusion Hammer","Ectoplasm"],"picked":"Philosopher\u0027s Stone"}],"items_purged_floors":[],"is_endless":false,"potions_floor_spawned":[7,14,16,18,19],"killed_by":"Book of Stabbing","ascension_level":0}}