{"host":"vcrofm1hbk0ziuql","time":1609526937,"event":{"mods":["2.2 Compatiblity","BaseMod","Colored Map","DeckTracker","Googly Eyes","Highlight Path","Minty Spire (QoL Compilation)","StSLib"],"gold_per_floor":[118,127,148,148,148,148,178,178,205,244,256,41,41,66,66,195,195,211,240,240,240],"floor_reached":20,"playtime":866,"items_purged":["Regret"],"score":164,"play_id":"77664f4d-45ba-4774-bb85-325dbae71389","local_time":"20210101184857","is_ascension_mode":false,"campfire_choices":[{"data":"Neutralize","floor":6,"key":"SMITH"},{"data":"Blur","floor":8,"key":"SMITH"},{"data":"Calculated Gamble","floor":11,"key":"SMITH"},{"data":"Sucker Punch","floor":13,"key":"SMITH"},{"data":"All Out Attack","floor":15,"key":"SMITH"}],"circlet_count":0,"master_deck":["Strike_G","Strike_G","Strike_G","Strike_G","Defend_G","Defend_G","Defend_G","Defend_G","Defend_G","Survivor","Neutralize+1","Phantasmal Killer+1","Blur+1","Sucker Punch+1","All Out Attack+1","Calculated Gamble+1","A Thousand Cuts","Blur"],"relics":["Ring of the Snake","CeramicFish","Golden Idol","MawBank","Tiny Chest","Black Star"],"acts_visited":["Exordium","TheCity"],"potions_floor_usage":[16,20],"damage_taken":[{"damage":0,"enemies":"2 Louse","floor":1,"turns":2},{"damage":3,"enemies":"Jaw Worm","floor":3,"turns":7},{"damage":1,"enemies":"Small Slimes","floor":7,"turns":4},{"damage":2,"enemies":"Exordium Thugs","floor":10,"turns":3},{"damage":0,"enemies":"2 Fungi Beasts","floor":14,"turns":3},{"damage":32,"enemies":"Slime Boss","floor":16,"turns":12},{"damage":31,"enemies":"Spheric Guardian","floor":18,"turns":6},{"damage":11,"enemies":"3 Byrds","floor":19,"turns":5},{"damage":28,"enemies":"3 Cultists","floor":20,"turns":5}],"seed_played":"6433888441449525734","potions_obtained":[{"floor":7,"key":"Fire Potion"},{"floor":16,"key":"Ancient Potion"},{"floor":18,"key":"Poison Potion"}],"is_trial":false,"path_per_floor":["M","?","M","?","?","R","M","R","T","M","R","$","R","M","R","B",null,"M","M","M"],"character_chosen":"THE_SILENT","items_purchased":["Tiny Chest"],"campfire_rested":0,"item_purchase_floors":[12],"current_hp_per_floor":[70,70,67,67,50,50,49,49,49,47,47,47,47,47,47,15,70,39,28,0,0],"gold":240,"neow_bonus":"TRANSFORM_CARD","is_daily":false,"chose_seed":false,"campfire_upgraded":5,"win_rate":0.0,"timestamp":1609526937,"path_taken":["M","?","M","?","?","R","M","R","T","M","R","$","R","M","R","BOSS","M","M","M"],"items_purchased_type":["Relic"],"build_version":"2020-12-22","purchased_purges":1,"victory":false,"max_hp_per_floor":[70,70,70,70,70,70,70,70,70,70,70,70,70,70,70,70,70,70,70,70,70],"card_choices":[{"not_picked":["Sucker Punch","Crippling Poison"],"picked":"Blur","floor":1},{"not_picked":["Predator","Quick Slash"],"picked":"Sucker Punch","floor":3},{"not_picked":["Dagger Spray","Deflect"],"picked":"All Out Attack","floor":7},{"not_picked":["PiercingWail","Infinite Blades"],"picked":"Calculated Gamble","floor":10},{"not_picked":["Calculated Gamble","Underhanded Strike","Skewer"],"picked":"SKIP","floor":14},{"not_picked":["Glass Knife","Wraith Form v2"],"picked":"A Thousand Cuts","floor":16},{"not_picked":["Dash","Bouncing Flask+1","Outmaneuver"],"picked":"SKIP","floor":18},{"not_picked":["Slice+1","Blade Dance"],"picked":"Blur","floor":19}],"player_experience":559616,"relics_obtained":[{"floor":9,"key":"MawBank"}],"event_choices":[{"damage_healed":0,"gold_gain":0,"player_choice":"Box","damage_taken":0,"relics_obtained":["CeramicFish"],"max_hp_gain":0,"max_hp_loss":0,"event_name":"Big Fish","floor":2,"gold_loss":0,"cards_obtained":["Regret"]},{"damage_healed":0,"gold_gain":0,"player_choice":"Grow","damage_taken":0,"max_hp_gain":0,"max_hp_loss":0,"event_name":"Living Wall","floor":4,"gold_loss":0,"cards_upgraded":["Phantasmal Killer"]},{"damage_healed":0,"gold_gain":0,"player_choice":"Take Damage","damage_taken":17,"relics_obtained":["Golden Idol"],"max_hp_gain":0,"max_hp_loss":0,"event_name":"Golden Idol","floor":5,"gold_loss":0}],"is_beta":false,"boss_relics":[{"not_picked":["SlaversCollar","Snecko Eye"],"picked":"Black Star"}],"items_purged_floors":[12],"is_endless":false,"potions_floor_spawned":[7,16,18],"killed_by":"3 Cultists","ascension_level":0}}