{"host":"Timothy","time":1609501651,"event":{"mods":["AchievementEnabler","BaseMod","Highlight Path","Minty Spire (QoL Compilation)","Quick Restart"],"gold_per_floor":[113,63,14,14,95,427,427,459,459,459,459,86,111,127,127,226,226,243,243,275,22,22,55,67,87,87,87,87,115,115,135,135,233,233,244,258,15,30,30,57,68,68,68,98,98,114,114,64,64,64,64,64,64,95,95,95],"floor_reached":55,"playtime":4534,"items_purged":["Strike_P","Strike_P"],"score":877,"play_id":"ebba77f1-1086-43b8-8a89-7d6a6949fd16","local_time":"20210101034731","is_ascension_mode":false,"campfire_choices":[{"data":"Eruption","floor":7.0,"key":"SMITH"},{"data":"ThirdEye","floor":15.0,"key":"SMITH"},{"floor":28.0,"key":"REST"},{"floor":30.0,"key":"RECALL"},{"floor":32.0,"key":"REST"},{"floor":45.0,"key":"REST"},{"floor":49,"key":"REST"},{"floor":52,"key":"REST"}],"circlet_count":0,"master_deck":["Strike_P+1","Defend_P+1","Defend_P+1","Defend_P+1","Eruption+1","Vigilance+1","ThirdEye+1","PathToVictory+1","CutThroughFate+1","FollowUp+1","SandsOfTime+1","LessonLearned+1","FlurryOfBlows+1","SandsOfTime+1","FlurryOfBlows+1","CarveReality+1","DeceiveReality+1","DeusExMachina","Evaluate+1","Madness","Madness","Wireheading+1","Judgement","Good Instincts","FlurryOfBlows+1"],"relics":["PureWater","NeowsBlessing","Old Coin","War Paint","Pen Nib","Molten Egg 2","InkBottle","Fusion Hammer","Red Mask","Whetstone","Bottled Lightning","StrikeDummy","MealTicket","VioletLotus","Kunai","Nunchaku","Mercury Hourglass","Frozen Egg 2","Gremlin Horn"],"acts_visited":["Exordium","TheCity","TheBeyond","TheEnding"],"potions_floor_usage":[54,55,55],"damage_taken":[{"damage":0.0,"enemies":"2 Louse","floor":1.0,"turns":2.0},{"damage":0.0,"enemies":"Gremlin Nob","floor":6.0,"turns":1.0},{"damage":0.0,"enemies":"3 Sentries","floor":8.0,"turns":1.0},{"damage":7.0,"enemies":"Lagavulin","floor":13.0,"turns":4.0},{"damage":0.0,"enemies":"Small Slimes","floor":14.0,"turns":2.0},{"damage":11.0,"enemies":"Hexaghost","floor":16.0,"turns":6.0},{"damage":2.0,"enemies":"Spheric Guardian","floor":18.0,"turns":4.0},{"damage":14.0,"enemies":"Masked Bandits","floor":20.0,"turns":5.0},{"damage":13.0,"enemies":"Slavers","floor":23.0,"turns":3.0},{"damage":0.0,"enemies":"3 Byrds","floor":24.0,"turns":4.0},{"damage":0.0,"enemies":"Snecko","floor":25.0,"turns":3.0},{"damage":0.0,"enemies":"Book of Stabbing","floor":29.0,"turns":4.0},{"damage":0.0,"enemies":"3 Cultists","floor":31.0,"turns":4.0},{"damage":40.0,"enemies":"Champ","floor":33.0,"turns":6.0},{"damage":0.0,"enemies":"Orb Walker","floor":35.0,"turns":2.0},{"damage":0.0,"enemies":"3 Shapes","floor":36.0,"turns":3.0},{"damage":0.0,"enemies":"Transient","floor":38.0,"turns":5.0},{"damage":0.0,"enemies":"Giant Head","floor":40.0,"turns":6.0},{"damage":25.0,"enemies":"Jaw Worm Horde","floor":41.0,"turns":4.0},{"damage":12.0,"enemies":"Nemesis","floor":44.0,"turns":7.0},{"damage":1,"enemies":"Maw","floor":46,"turns":5},{"damage":51,"enemies":"Awakened One","floor":50,"turns":18},{"damage":44,"enemies":"Shield and Spear","floor":54,"turns":11},{"damage":72,"enemies":"The Heart","floor":55,"turns":3}],"seed_played":"-3977367346320404704","potions_obtained":[{"floor":8.0,"key":"SpeedPotion"},{"floor":13.0,"key":"Energy Potion"},{"floor":16.0,"key":"Regen Potion"},{"floor":33.0,"key":"Ambrosia"},{"floor":54,"key":"Swift Potion"}],"is_trial":false,"path_per_floor":["M","?","$","?","T","E","R","E","T","?","?","$","E","M","R","B",null,"M","$","?","$","?","E","M","M","T","?","R","E","R","M","R","B",null,"M","M","$","M","$","E","M","?","T","E","R","M","?","$","R","B",null,"R","$","E","B"],"character_chosen":"WATCHER","items_purchased":["PathToVictory","Molten Egg 2","FollowUp+1","Whetstone","Kunai","FlurryOfBlows+1"],"campfire_rested":5,"item_purchase_floors":[3,12,12,21,37,48],"current_hp_per_floor":[72,72,72,72,72,72,72,72,72,77,70,70,63,63,63,52,77,75,75,61,61,61,48,48,48,48,34,58,58,58,58,82,42,82,82,82,82,82,82,82,57,47,47,35,59,58,58,73,82,31,82,82,82,53,0,0],"gold":95,"neow_bonus":"THREE_ENEMY_KILL","is_daily":false,"chose_seed":false,"campfire_upgraded":2,"win_rate":0.0,"timestamp":1609501651,"path_taken":["M","?","$","?","?","E","R","E","T","?","?","$","E","M","R","BOSS","M","$","?","$","?","E","M","M","T","?","R","E","R","M","R","BOSS","M","M","$","M","$","E","M","?","T","E","R","M","?","$","R","BOSS","R","$","E","BOSS"],"items_purchased_type":["Card","Relic","Card","Relic","Relic","Card"],"build_version":"2020-12-18","purchased_purges":2,"victory":false,"max_hp_per_floor":[72,72,72,72,72,72,72,72,72,77,77,77,77,77,77,77,77,77,77,77,77,77,77,77,77,77,82,82,82,82,82,82,82,82,82,82,82,82,82,82,82,82,82,82,82,82,82,82,82,82,82,82,82,82,82,82],"card_choices":[{"not_picked":["BowlingBash","Evaluate"],"picked":"ThirdEye","floor":1.0},{"not_picked":["Meditate","Fasting2"],"picked":"CutThroughFate","floor":6.0},{"not_picked":["CutThroughFate","EmptyFist","EmptyBody"],"picked":"SKIP","floor":8.0},{"not_picked":["Protect","Evaluate"],"picked":"SandsOfTime+1","floor":13.0},{"not_picked":["InnerPeace","Tantrum+1","SashWhip+1"],"picked":"SKIP","floor":14.0},{"not_picked":["Wish","DevaForm"],"picked":"LessonLearned+1","floor":16.0},{"not_picked":["Sanctity","Crescendo"],"picked":"FlurryOfBlows+1","floor":18.0},{"not_picked":["BowlingBash+1","SashWhip+1"],"picked":"SandsOfTime+1","floor":20.0},{"not_picked":["Crescendo","Study"],"picked":"CarveReality+1","floor":23.0},{"not_picked":["Crescendo","FollowUp+1"],"picked":"DeceiveReality+1","floor":24.0},{"not_picked":["Crescendo","PathToVictory","EmptyFist+1"],"picked":"SKIP","floor":25.0},{"not_picked":["Conclude+1","ThirdEye+1","FollowUp+1"],"picked":"SKIP","floor":29.0},{"not_picked":["EmptyFist+1","Prostrate","DeceiveReality"],"picked":"SKIP","floor":31.0},{"not_picked":["Devotion","DevaForm"],"picked":"DeusExMachina","floor":33.0},{"not_picked":["Crescendo","CrushJoints+1","BowlingBash+1"],"picked":"SKIP","floor":35.0},{"not_picked":["SashWhip+1","ThirdEye"],"picked":"Evaluate+1","floor":36.0},{"not_picked":["FollowUp+1","Fasting2","Prostrate+1"],"picked":"SKIP","floor":38.0},{"not_picked":["EmptyBody+1","PathToVictory+1","Protect+1"],"picked":"SKIP","floor":40.0},{"not_picked":["EmptyBody+1","FollowUp+1","Protect"],"picked":"SKIP","floor":41.0},{"not_picked":["SashWhip+1","Swivel"],"picked":"Wireheading+1","floor":44.0},{"not_picked":["FollowUp+1","PathToVictory"],"picked":"Judgement","floor":46},{"not_picked":["PanicButton","Mind Blast+1"],"picked":"Good Instincts","floor":47},{"not_picked":["CrushJoints+1","SashWhip+1","Sanctity"],"picked":"SKIP","floor":54}],"player_experience":697224,"relics_obtained":[{"floor":6.0,"key":"Old Coin"},{"floor":8.0,"key":"War Paint"},{"floor":9.0,"key":"Pen Nib"},{"floor":13.0,"key":"InkBottle"},{"floor":20.0,"key":"Red Mask"},{"floor":23.0,"key":"Bottled Lightning"},{"floor":26.0,"key":"StrikeDummy"},{"floor":29.0,"key":"MealTicket"},{"floor":40.0,"key":"Nunchaku"},{"floor":43.0,"key":"Mercury Hourglass"},{"floor":44.0,"key":"Frozen Egg 2"},{"floor":54,"key":"Gremlin Horn"}],"event_choices":[{"cards_removed":["Strike_P"],"damage_healed":0.0,"max_hp_gain":0.0,"max_hp_loss":0.0,"gold_gain":0.0,"event_name":"The Cleric","player_choice":"Card Removal","floor":2.0,"gold_loss":50.0,"damage_taken":0.0},{"damage_healed":0.0,"max_hp_gain":0.0,"max_hp_loss":0.0,"gold_gain":0.0,"event_name":"Golden Idol","player_choice":"Ignored","floor":4.0,"gold_loss":0.0,"damage_taken":0.0},{"damage_healed":0.0,"max_hp_gain":5.0,"max_hp_loss":0.0,"gold_gain":0.0,"event_name":"Big Fish","player_choice":"Donut","floor":10.0,"gold_loss":0.0,"damage_taken":0.0},{"cards_removed":["Defend_P"],"damage_healed":0.0,"max_hp_gain":0.0,"max_hp_loss":0.0,"gold_gain":0.0,"event_name":"Golden Wing","player_choice":"Card Removal","floor":11.0,"gold_loss":0.0,"damage_taken":7.0},{"damage_healed":0.0,"max_hp_gain":0.0,"max_hp_loss":0.0,"gold_gain":0.0,"event_name":"Masked Bandits","player_choice":"Fought Bandits","floor":20.0,"gold_loss":0.0,"damage_taken":0.0},{"damage_healed":0.0,"max_hp_gain":0.0,"max_hp_loss":0.0,"gold_gain":0.0,"event_name":"The Library","player_choice":"Read","floor":22.0,"gold_loss":0.0,"damage_taken":0.0,"cards_obtained":["FlurryOfBlows"]},{"damage_healed":0.0,"max_hp_gain":5.0,"max_hp_loss":0.0,"gold_gain":0.0,"event_name":"Forgotten Altar","player_choice":"Shed Blood","floor":27.0,"gold_loss":0.0,"damage_taken":19.0},{"damage_healed":0.0,"max_hp_gain":0.0,"max_hp_loss":0.0,"gold_gain":0.0,"event_name":"Winding Halls","player_choice":"Embrace Madness","floor":42.0,"gold_loss":0.0,"damage_taken":10.0,"cards_obtained":["Madness","Madness"]},{"damage_healed":0,"gold_gain":0,"player_choice":"Memory 1","damage_taken":0,"max_hp_gain":0,"max_hp_loss":0,"event_name":"SensoryStone","floor":47,"gold_loss":0}],"is_beta":true,"boss_relics":[{"not_picked":["Tiny House","Busted Crown"],"picked":"Fusion Hammer"},{"not_picked":["SlaversCollar","Velvet Choker"],"picked":"VioletLotus"}],"items_purged_floors":[12,21],"is_endless":false,"potions_floor_spawned":[8,13,16,23,25,33,38,40,41,44,54],"killed_by":"The Heart","ascension_level":0}}