{"host":"p7j7o00jacnw7qzt","time":1609476296,"event":{"mods":["BaseMod","Colored Map","Colored Powertips","DeckTracker","Highlight Path","Minty Spire (QoL Compilation)","Relic Stats"],"gold_per_floor":[119,119,119,119,135,162,162,172,172,187,187,220,220,234,234,311,311,325,360,360,285,210,237,237,269,314,330,330,230,240,275,275,354,354,373,373,373,595,606,606,606],"floor_reached":40,"playtime":1683,"items_purged":["Strike_G","Strike_G"],"score":1050,"play_id":"eb977975-c4c1-4bf8-a24f-f0b9a4a0c562","local_time":"20201231234456","is_ascension_mode":true,"campfire_choices":[{"data":"Bouncing Flask","floor":7.0,"key":"SMITH"},{"data":"Prepared","floor":11.0,"key":"SMITH"},{"data":"Acrobatics","floor":13.0,"key":"SMITH"},{"data":"Calculated Gamble","floor":15.0,"key":"SMITH"},{"floor":24.0,"key":"REST"},{"data":"Acrobatics","floor":28.0,"key":"SMITH"},{"data":"Malaise","floor":32.0,"key":"SMITH"}],"circlet_count":0,"master_deck":["AscendersBane","Strike_G","Defend_G","Defend_G","Defend_G","Defend_G","Defend_G","Survivor","Neutralize","Bouncing Flask+1","Acrobatics+1","Calculated Gamble+1","Grand Finale","Malaise+1","Acrobatics+1","PiercingWail","CurseOfTheBell","Finesse"],"relics":["Ring of the Snake","NeowsBlessing","The Specimen","Regal Pillow","Ice Cream","Gremlin Horn","Philosopher\u0027s Stone","Red Mask","Boot","Lantern","White Beast Statue","Calling Bell","Tiny Chest","Sundial","Peace Pipe"],"acts_visited":["Exordium","TheCity","TheBeyond"],"potions_floor_usage":[39],"damage_taken":[{"damage":0.0,"enemies":"Cultist","floor":1.0,"turns":1.0},{"damage":0.0,"enemies":"Small Slimes","floor":5.0,"turns":1.0},{"damage":0.0,"enemies":"3 Sentries","floor":6.0,"turns":1.0},{"damage":0.0,"enemies":"2 Louse","floor":8.0,"turns":3.0},{"damage":16.0,"enemies":"Exordium Thugs","floor":10.0,"turns":5.0},{"damage":7.0,"enemies":"Lagavulin","floor":12.0,"turns":6.0},{"damage":0.0,"enemies":"Blue Slaver","floor":14.0,"turns":5.0},{"damage":11.0,"enemies":"The Guardian","floor":16.0,"turns":8.0},{"damage":7.0,"enemies":"Chosen","floor":18.0,"turns":7.0},{"damage":0.0,"enemies":"Masked Bandits","floor":19.0,"turns":1.0},{"damage":25.0,"enemies":"Book of Stabbing","floor":23.0,"turns":7.0},{"damage":0.0,"enemies":"Gremlin Leader","floor":25.0,"turns":4.0},{"damage":0.0,"enemies":"2 Thieves","floor":27.0,"turns":2.0},{"damage":11.0,"enemies":"Centurion and Healer","floor":30.0,"turns":5.0},{"damage":0.0,"enemies":"Slavers","floor":31.0,"turns":2.0},{"damage":20.0,"enemies":"Collector","floor":33.0,"turns":10.0},{"damage":1.0,"enemies":"3 Shapes","floor":35.0,"turns":2.0},{"damage":0,"enemies":"3 Darklings","floor":39,"turns":1},{"damage":31,"enemies":"Giant Head","floor":40,"turns":7}],"seed_played":"-7305242688082303807","potions_obtained":[{"floor":1.0,"key":"SteroidPotion"},{"floor":6.0,"key":"LiquidMemories"},{"floor":8.0,"key":"LiquidMemories"},{"floor":10.0,"key":"Poison Potion"},{"floor":18.0,"key":"GhostInAJar"},{"floor":27.0,"key":"GamblersBrew"},{"floor":39,"key":"Swift Potion"}],"is_trial":false,"path_per_floor":["M","?","?","?","M","E","R","M","T","M","R","E","R","M","R","B",null,"M","?","?","$","?","E","R","E","T","M","R","$","M","E","R","B",null,"M","?","?","?","M","E"],"character_chosen":"THE_SILENT","items_purchased":[],"campfire_rested":1,"item_purchase_floors":[],"current_hp_per_floor":[59,59,41,41,41,41,41,41,41,25,25,18,18,18,18,7,51,44,44,44,44,44,19,53,53,53,53,53,53,42,42,42,22,55,54,54,44,44,44,13,13],"gold":606,"neow_bonus":"THREE_ENEMY_KILL","is_daily":false,"chose_seed":false,"campfire_upgraded":6,"win_rate":0.0,"timestamp":1609476296,"path_taken":["M","?","?","?","?","E","R","M","T","M","R","E","R","M","R","BOSS","M","?","?","$","?","E","R","E","T","M","R","$","?","E","R","BOSS","M","?","?","?","M","E"],"items_purchased_type":[],"build_version":"2020-12-22","purchased_purges":2,"victory":false,"max_hp_per_floor":[66,66,66,66,66,66,66,66,66,66,66,66,66,66,66,66,66,66,66,66,66,66,66,66,66,66,66,66,66,66,66,66,66,66,66,66,66,66,66,66,66],"relic_stats":{"Peace Pipe":0,"Regal Pillow":15,"Gremlin Horn":[14,14],"counters":[19,78],"Sundial":[6],"Tiny Chest":0,"Boot":[37],"obtain_stats":[{"Ice Cream":9,"Regal Pillow":6,"Lantern":25,"NeowsBlessing":0,"The Specimen":3,"Gremlin Horn":12,"Boot":23,"White Beast Statue":31,"Calling Bell":34,"Peace Pipe":34,"Sundial":34,"Philosopher\u0027s Stone":17,"Tiny Chest":34,"Red Mask":19,"Ring of the Snake":0},{"Ice Cream":4,"Regal Pillow":3,"Lantern":12,"NeowsBlessing":0,"The Specimen":1,"Gremlin Horn":6,"Boot":11,"White Beast Statue":15,"Calling Bell":16,"Peace Pipe":16,"Sundial":16,"Philosopher\u0027s Stone":8,"Tiny Chest":16,"Red Mask":10,"Ring of the Snake":0},{"Ice Cream":6,"Regal Pillow":3,"Lantern":49,"NeowsBlessing":0,"The Specimen":1,"Gremlin Horn":17,"Boot":45,"White Beast Statue":58,"Calling Bell":68,"Peace Pipe":68,"Sundial":68,"Philosopher\u0027s Stone":30,"Tiny Chest":68,"Red Mask":38,"Ring of the Snake":0}],"Ring of the Snake":[38]},"card_choices":[{"not_picked":["Caltrops","Dagger Spray"],"picked":"Prepared","floor":1.0},{"not_picked":["Bane","Adrenaline"],"picked":"Bouncing Flask","floor":5.0},{"not_picked":["PiercingWail","Prepared"],"picked":"Acrobatics","floor":6.0},{"not_picked":["Expertise","Flying Knee"],"picked":"Calculated Gamble","floor":8.0},{"not_picked":["Sucker Punch","Finisher","Choke"],"picked":"SKIP","floor":10.0},{"not_picked":["Prepared","Dodge and Roll","Bane"],"picked":"SKIP","floor":12.0},{"not_picked":["Dash","Flying Knee"],"picked":"Grand Finale","floor":14.0},{"not_picked":["Glass Knife","Die Die Die"],"picked":"Malaise","floor":16.0},{"not_picked":["Terror","Dodge and Roll"],"picked":"Acrobatics","floor":18.0},{"not_picked":["Setup","Choke","Outmaneuver"],"picked":"SKIP","floor":23.0},{"not_picked":["Terror+1","Bane","Slice"],"picked":"SKIP","floor":25.0},{"not_picked":["Deadly Poison","Flying Knee","Cloak And Dagger"],"picked":"SKIP","floor":27.0},{"not_picked":["Cloak And Dagger","Deflect","Sucker Punch"],"picked":"SKIP","floor":30.0},{"not_picked":["Backstab","Slice","Masterful Stab"],"picked":"SKIP","floor":31.0},{"not_picked":["Outmaneuver","Well Laid Plans","Dagger Throw"],"picked":"SKIP","floor":35.0},{"not_picked":["Panacea","Good Instincts"],"picked":"Finesse","floor":37.0},{"not_picked":["Flying Knee+1","Acrobatics","Endless Agony"],"picked":"SKIP","floor":39}],"player_experience":895147,"relics_obtained":[{"floor":6.0,"key":"Regal Pillow"},{"floor":9.0,"key":"Ice Cream"},{"floor":12.0,"key":"Gremlin Horn"},{"floor":19.0,"key":"Red Mask"},{"floor":23.0,"key":"Boot"},{"floor":25.0,"key":"Lantern"},{"floor":31.0,"key":"White Beast Statue"},{"floor":34.0,"key":"Tiny Chest"},{"floor":34.0,"key":"Sundial"},{"floor":34.0,"key":"Peace Pipe"}],"event_choices":[{"damage_healed":0.0,"max_hp_gain":0.0,"max_hp_loss":0.0,"gold_gain":0.0,"event_name":"Shining Light","player_choice":"Ignored","floor":2.0,"gold_loss":0.0,"damage_taken":0.0},{"damage_healed":0.0,"max_hp_gain":0.0,"max_hp_loss":0.0,"gold_gain":0.0,"event_name":"Scrap Ooze","player_choice":"Success","floor":3.0,"gold_loss":0.0,"damage_taken":18.0,"relics_obtained":["The Specimen"]},{"cards_removed":["Strike_G"],"damage_healed":0.0,"max_hp_gain":0.0,"max_hp_loss":0.0,"gold_gain":0.0,"event_name":"Bonfire Elementals","player_choice":"Offered Basic","floor":4.0,"gold_loss":0.0,"damage_taken":0.0},{"damage_healed":0.0,"max_hp_gain":0.0,"max_hp_loss":0.0,"gold_gain":0.0,"event_name":"Masked Bandits","player_choice":"Fought Bandits","floor":19.0,"gold_loss":0.0,"damage_taken":0.0},{"damage_healed":0.0,"max_hp_gain":0.0,"max_hp_loss":0.0,"gold_gain":0.0,"event_name":"The Library","player_choice":"Read","floor":20.0,"gold_loss":0.0,"damage_taken":0.0,"cards_obtained":["PiercingWail"]},{"cards_removed":["Strike_G"],"damage_healed":0.0,"max_hp_gain":0.0,"max_hp_loss":0.0,"gold_gain":0.0,"event_name":"Beggar","player_choice":"Gave Gold","floor":22.0,"gold_loss":75.0,"damage_taken":0.0},{"cards_removed":["Prepared"],"damage_healed":0.0,"max_hp_gain":0.0,"max_hp_loss":0.0,"gold_gain":0.0,"event_name":"Falling","player_choice":"Removed Skill","floor":36.0,"gold_loss":0.0,"damage_taken":0.0},{"damage_healed":0.0,"max_hp_gain":0.0,"max_hp_loss":0.0,"gold_gain":0.0,"event_name":"SensoryStone","player_choice":"Memory 3","floor":37.0,"gold_loss":0.0,"damage_taken":10.0},{"damage_healed":0.0,"max_hp_gain":0.0,"max_hp_loss":0.0,"gold_gain":222.0,"event_name":"Tomb of Lord Red Mask","player_choice":"Wore Mask","floor":38.0,"gold_loss":0.0,"damage_taken":0.0}],"is_beta":false,"boss_relics":[{"not_picked":["Tiny House","Sozu"],"picked":"Philosopher\u0027s Stone"},{"not_picked":["WristBlade","Velvet Choker"],"picked":"Calling Bell"}],"items_purged_floors":[21,29],"is_endless":false,"potions_floor_spawned":[1,6,8,10,18,27,33,35,39],"killed_by":"Giant Head","ascension_level":20}}