{"host":"51fyd6gkml7xavq8","time":1609470804,"event":{"mods":["BaseMod","BetterRewards","Colored Map","Energized Spire","Infinite Spire","Minty Spire (QoL Compilation)","Replay The Spire","Shop Mod","Spicy Shops","StSLib","The Blue Laboratory","[IsaacMod]????"],"gold_per_floor":[125,300,300,68,68,68,88,124,124,142,142,74,90,90,90,214,214,214,214],"floor_reached":18,"playtime":973,"items_purged":["Defend_G","Defend_G","Doubt"],"score":310,"play_id":"b563a147-75af-43f2-b89c-1651e41539bb","local_time":"20210101001324","is_ascension_mode":true,"campfire_choices":[{"data":"ReplayTheSpireMod:Chaos Vortex","floor":6,"key":"SMITH"},{"data":"Catalyst","floor":11,"key":"SMITH"},{"data":"Neutralize","floor":15,"key":"SMITH"}],"circlet_count":0,"master_deck":["Strike_G","Strike_G","Strike_G","Strike_G","Strike_G","Defend_G","Defend_G","Defend_G","Survivor","Neutralize+1","BettingIsNotGood","Backstab+1","Footwork","Footwork","Injury","Sadistic Nature+1","ReplayTheSpireMod:Chaos Vortex+1","Catalyst+1","Corpse Explosion","AbeCurse"],"relics":["HushsDoor","DoctorsRemote","MerchantsRug","Blood Vial","Damocles","Mirror","Golden Idol","TwistedFunnel","Dream Catcher","Nunchaku","Toy Ornithopter","infinitespire:Bottled Soul","infinitespire:Beetle Shell","Singing Bowl","Abe\u0027s Treasure"],"acts_visited":["Exordium","TheCity"],"potions_floor_usage":[],"damage_taken":[{"damage":0.0,"enemies":"Jaw Worm","floor":1.0,"turns":4.0},{"damage":6,"enemies":"2 Louse","floor":7,"turns":2},{"damage":8,"enemies":"Lagavulin","floor":8,"turns":6},{"damage":0,"enemies":"Small Slimes","floor":10,"turns":2},{"damage":0,"enemies":"Blue Slaver","floor":13,"turns":1},{"damage":9,"enemies":"Slime Boss","floor":16,"turns":13},{"damage":6,"enemies":"3 Byrds","floor":18,"turns":1}],"seed_played":"-8552155730201076343","potions_obtained":[{"floor":7,"key":"SneckoOil"},{"floor":10,"key":"blueLaboratory:EnragingPotion"},{"floor":16,"key":"SmokeBomb"}],"is_trial":false,"path_per_floor":["M","?","?","$","?","R","M","E","T","M","R","$","M","?","R","B",null,"M"],"character_chosen":"THE_SILENT","items_purchased":["MerchantsRug","Caltrops","Lee\u0027s Waffle","Blood Vial","Footwork","TwistedFunnel","Sadistic Nature"],"campfire_rested":0,"item_purchase_floors":[0,0,0,0,0,4,4],"current_hp_per_floor":[77,77,77,77,59,59,55,54,54,56,56,56,60,44,44,42,79,0,0],"gold":214,"neow_bonus":"","is_daily":false,"chose_seed":false,"campfire_upgraded":3,"win_rate":0.0,"timestamp":1609470804,"path_taken":["M","?","?","$","?","R","M","E","T","?","R","$","M","?","R","BOSS","M"],"items_purchased_type":["Relic","Card","Relic","Relic","Card","Relic","Card"],"build_version":"2020-12-22","purchased_purges":3,"victory":false,"max_hp_per_floor":[77,77,77,77,77,77,77,77,77,77,77,77,79,79,79,79,79,79,79],"card_choices":[{"not_picked":[],"picked":"BettingIsNotGood","floor":0.0},{"not_picked":["ReplayTheSpireMod:The Works","Acrobatics","Slice"],"picked":"SKIP","floor":1.0},{"not_picked":["Replay:Fractal Strike","infinitespire:SealOfDarkness+"],"picked":"ReplayTheSpireMod:Chaos Vortex","floor":5},{"not_picked":["Blade Dance","ReplayTheSpireMod:Speed Training"],"picked":"Catalyst","floor":7},{"not_picked":["Choke","Dodge and Roll","Well Laid Plans"],"picked":"SKIP","floor":8},{"not_picked":["Predator","Fluid Movement","Flying Knee"],"picked":"SKIP","floor":10},{"not_picked":["Atom Bomb","Dagger Throw","Deflect"],"picked":"Singing Bowl","floor":13},{"not_picked":["Storm of Steel","After Image"],"picked":"Corpse Explosion","floor":16}],"player_experience":453186,"relics_obtained":[{"floor":1.0,"key":"Mirror"},{"floor":7,"key":"Dream Catcher"},{"floor":8,"key":"Nunchaku"},{"floor":8,"key":"Toy Ornithopter"},{"floor":9,"key":"infinitespire:Bottled Soul"},{"floor":10,"key":"infinitespire:Beetle Shell"},{"floor":13,"key":"Singing Bowl"}],"event_choices":[{"damage_healed":0.0,"max_hp_gain":0.0,"max_hp_loss":0.0,"gold_gain":175.0,"event_name":"Liars Game","player_choice":"AGREE","floor":2.0,"gold_loss":0.0,"damage_taken":0.0,"cards_obtained":["Doubt"]},{"damage_healed":0.0,"max_hp_gain":0.0,"max_hp_loss":0.0,"gold_gain":0.0,"event_name":"Golden Idol","player_choice":"Take Wound","floor":3.0,"gold_loss":0.0,"damage_taken":0.0,"relics_obtained":["Golden Idol"],"cards_obtained":["Injury"]},{"damage_healed":0,"gold_gain":0,"player_choice":"Entered Light","damage_taken":16,"max_hp_gain":0,"max_hp_loss":0,"event_name":"Shining Light","floor":14,"gold_loss":0,"cards_upgraded":["Backstab","Sadistic Nature"]}],"is_beta":false,"boss_relics":[{"not_picked":["Replay:Bronze Core","Painkiller Herb"],"picked":"Abe\u0027s Treasure"},{"not_picked":[]}],"items_purged_floors":[0,0,12],"is_endless":false,"potions_floor_spawned":[7,10,16],"killed_by":"3 Byrds","ascension_level":4}}