{"host":"3o3bolbh26e985fl","time":1609503857,"event":{"mods":["AchievementEnabler","Act Like it!","Aspiration","BaseMod","Better Match","BetterRewards","Downfall","Energized Spire","Gensokyo","Hallownest","Hubris","Infinite Spire","Koishi","Marisa????????","Minty Spire (QoL Compilation)","Prisma Mod","Remilia??????","Replay The Spire","StSLib","The Animator","The Bug Knight","The Cursed","The Disciple","The Hierophant","The Jungle","The Necromancer","The Runesmith","The Senshi","The Servant 0.9.4"],"gold_per_floor":[99,111,121,121,132,144,220,36,50,75,86,97,129,129,147,244,244,244,264,264,264,276,276,276,310,310,326,326,426,529,560,573,676,676,676,692,692,711,711,711,784,801,829,844,844,856,856,870,884,884],"floor_reached":51,"playtime":5339,"items_purged":["Slimebound:Defend_Slimebound"],"score":858,"play_id":"abbcda5e-8a29-43e1-9fdf-bcb6ff2a35c2","local_time":"20210101132417","is_ascension_mode":false,"campfire_choices":[{"data":"Slimebound:Split","floor":1,"key":"SMITH"},{"data":"Replay:Fractal Strike","floor":23,"key":"SMITH"},{"data":"Slimebound:LevelUp","floor":26,"key":"SMITH"},{"data":"Slimebound:SplitLeeching","floor":28,"key":"SMITH"},{"data":"Slimebound:OneTwoCombo","floor":35,"key":"SMITH"},{"data":"Slimebound:Darklings","floor":40,"key":"SMITH"},{"data":"Slimebound:OneTwoCombo","floor":45,"key":"SMITH"},{"data":"Slimebound:SlimeSpikes","floor":47,"key":"SMITH"}],"circlet_count":0,"master_deck":["Slimebound:Strike_Slimebound","Slimebound:Strike_Slimebound","Slimebound:Strike_Slimebound","Slimebound:Tackle","Slimebound:Defend_Slimebound","Slimebound:Defend_Slimebound","Slimebound:Defend_Slimebound","Slimebound:Split+1","Slimebound:CorrosiveSpit","Slimebound:GoopSpray","Slimebound:SlimeSpikes+1","Replay:Fractal Strike+1","Slimebound:SplitAcid","Slimebound:RejuvenatingLick","Slimebound:Prepare","Slimebound:LevelUp+1","Slimebound:SplitBruiser","Slimebound:SplitMire","Slimebound:MassRepurpose+1","Slimebound:SamplingLick","Slimebound:AcidTongue","Slimebound:SplitLeeching+1","Slimebound:Repurpose","Slimebound:MinionMaster","AbeCurse","Slimebound:SplitMire","hubris:Rewind","Slimebound:SpikyOuterGoop","Slimebound:HauntingLick+1","Slimebound:SplitAcid+1","Slimebound:SplitBruiser+1","Slimebound:FinishingTackle","Slimebound:SplitBruiser","Slimebound:Gluttony","Slimebound:SplitBruiser","Slimebound:Repurpose","Slimebound:OneTwoCombo+1","Slimebound:GoopTackle","Slimebound:Darklings+1","Slimebound:SlimeBrawl+1","Languid","Slimebound:ComboTackle","Slimebound:SlimeSpikes+1","Slimebound:OneTwoCombo+1","Slimebound:LeadByExample+1","Slimebound:FirmFortitude+1","Slimebound:RollThrough+1"],"relics":["Slimebound:AbsorbEndCombat","hubris:KleinBottle","MealTicket","infinitespire:BottledMercury","ReplayTheSpireMod:TigerMarble","hubris:SlimyHat","hubris:Icosahedron","Abe\u0027s Treasure","Replay:Kaleidoscope","HornCleat","Strawberry","Pondfish Scales","HollowMod:LifeEnderRelic","Durian","aspiration:SecretTechniqueScroll","Ring of Peace","Ring of Chaos","Frozen Egg 2","aspiration:Lifesprig"],"acts_visited":["Exordium","TheCity","TheBeyond"],"potions_floor_usage":[29,31,31,48],"damage_taken":[{"damage":11,"enemies":"Cultist","floor":2,"turns":3},{"damage":21,"enemies":"infinitespire:Voidling","floor":3,"turns":5},{"damage":8,"enemies":"Jaw Worm","floor":5,"turns":5},{"damage":33,"enemies":"Exordium Thugs","floor":6,"turns":4},{"damage":22,"enemies":"downfall:FleeingMerchant","floor":8,"turns":4},{"damage":20,"enemies":"2 Fungi Beasts","floor":9,"turns":2},{"damage":25,"enemies":"HollowMod:MossKnight","floor":10,"turns":5},{"damage":15,"enemies":"3 Louse","floor":11,"turns":2},{"damage":19,"enemies":"Large Slime","floor":12,"turns":3},{"damage":21,"enemies":"Replay:BlueRogue","floor":13,"turns":5},{"damage":24,"enemies":"Exordium Wildlife","floor":15,"turns":3},{"damage":49,"enemies":"downfall:Watcher","floor":16,"turns":7},{"damage":25,"enemies":"Spheric Guardian","floor":19,"turns":4},{"damage":30,"enemies":"Chosen","floor":22,"turns":4},{"damage":43,"enemies":"HollowMod:Nosk","floor":25,"turns":6},{"damage":8,"enemies":"Snake Plant","floor":27,"turns":3},{"damage":44,"enemies":"downfall:Silent","floor":29,"turns":4},{"damage":28,"enemies":"Slavers","floor":31,"turns":3},{"damage":8,"enemies":"Snecko","floor":32,"turns":4},{"damage":3,"enemies":"downfall:Defect","floor":33,"turns":6},{"damage":4,"enemies":"3 Darklings","floor":36,"turns":2},{"damage":4,"enemies":"Orb Walker","floor":38,"turns":2},{"damage":4,"enemies":"Sphere and 2 Shapes","floor":42,"turns":4},{"damage":5,"enemies":"Reptomancer","floor":43,"turns":3},{"damage":0,"enemies":"Maw","floor":44,"turns":4},{"damage":1,"enemies":"Transient","floor":46,"turns":5},{"damage":7,"enemies":"Sphere and 2 Shapes","floor":48,"turns":2},{"damage":0,"enemies":"3 Darklings","floor":49,"turns":4},{"damage":0,"enemies":"downfall:Ironclad","floor":50,"turns":5}],"seed_played":"-1812851066432217298","potions_obtained":[{"floor":6,"key":"SkillPotion"},{"floor":10,"key":"BlessingOfTheForge"},{"floor":12,"key":"BlessingOfTheForge"},{"floor":13,"key":"DuplicationPotion"},{"floor":29,"key":"PowerPotion"},{"floor":32,"key":"Regen Potion"},{"floor":33,"key":"SkillPotion"},{"floor":42,"key":"Fruit Juice"},{"floor":48,"key":"ColorlessPotion"}],"is_trial":false,"path_per_floor":["R","M","M","$","M","M","T","$","M","E","M","M","E","?","M","B",null,"R","M","AVR","?","M","R","T","E","R","M","R","?","?","E","M","B",null,"R","M","?","M","?","R","T","M","E","M","R","M","R","M","M","B",null],"character_chosen":"SLIMEBOUND","items_purchased":["hubris:KleinBottle","MealTicket","Slimebound:LevelUp","Slimebound:SplitBruiser"],"campfire_rested":0,"item_purchase_floors":[4,4,8,8],"current_hp_per_floor":[54,59,50,21,29,16,16,43,45,54,55,60,67,67,71,67,72,72,59,59,59,69,69,69,79,79,79,79,78,47,38,52,84,84,84,84,84,84,84,84,84,84,84,84,84,84,84,89,89,89],"gold":884,"neow_bonus":"TWENTY_PERCENT_HP_BONUS","is_daily":false,"chose_seed":false,"campfire_upgraded":8,"win_rate":0.0,"timestamp":1609503857,"path_taken":["R","M","M","?","M","M","T","$","?","E","M","M","E","?","M","BOSS","R","M","AVR","?","M","R","T","E","R","M","R","?","?","E","M","BOSS","R","M","?","M","?","R","T","M","E","M","R","M","R","M","M","BOSS"],"items_purchased_type":["Relic","Relic","Card","Card"],"build_version":"2020-12-22","purchased_purges":1,"victory":true,"max_hp_per_floor":[72,72,72,72,72,72,72,72,72,72,72,72,72,72,72,72,72,72,72,72,72,72,72,72,79,79,79,79,79,79,84,84,84,84,84,84,84,84,84,84,84,84,84,84,84,84,84,89,89,89],"card_choices":[{"not_picked":["Slimebound:FlameTackle","Slimebound:Grow"],"picked":"Slimebound:GoopSpray","floor":2},{"not_picked":["Slimebound:FormOfPuddle","Slimebound:DisruptingSlam"],"picked":"Slimebound:SlimeSpikes","floor":3},{"not_picked":["infinitespire:DeathsTouch","infinitespire:Punishment"],"picked":"Replay:Fractal Strike","floor":4},{"not_picked":["Slimebound:ComboTackle","Slimebound:Equalize"],"picked":"Slimebound:SplitAcid","floor":5},{"not_picked":["Slimebound:SplitLeeching","Slimebound:SlimeSpikes"],"picked":"Slimebound:RejuvenatingLick","floor":6},{"not_picked":["Slimebound:SplitMire","Slimebound:LeechLife"],"picked":"Slimebound:Prepare","floor":8},{"not_picked":["Slimebound:ViciousTackle","Slimebound:Schlurp"],"picked":"Slimebound:SplitMire","floor":9},{"not_picked":["Slimebound:BestDefense","Slimebound:ProtectTheBoss"],"picked":"Slimebound:MassRepurpose","floor":10},{"not_picked":["Slimebound:ComboTackle","Slimebound:ViciousTackle"],"picked":"Slimebound:SamplingLick","floor":11},{"not_picked":["Slimebound:RainOfGoop","Slimebound:ComboTackle"],"picked":"Slimebound:AcidTongue","floor":12},{"not_picked":["Slimebound:LeechingTouch","Slimebound:RejuvenatingLick"],"picked":"Slimebound:SplitLeeching","floor":13},{"not_picked":["Slimebound:FormOfPuddle","Slimebound:ViciousTackle"],"picked":"Slimebound:Repurpose","floor":15},{"not_picked":["Slimebound:OozeBath","Slimebound:MassRepurpose"],"picked":"Slimebound:MinionMaster","floor":16},{"not_picked":["Slimebound:MegaLick","Slimebound:FlameTackle+1"],"picked":"Slimebound:SplitMire","floor":19},{"not_picked":["Slimebound:LeechingTouch+1","Slimebound:GrowthPunch"],"picked":"Slimebound:SpikyOuterGoop","floor":22},{"not_picked":["Slimebound:SplitMire","Slimebound:Replication+1"],"picked":"Slimebound:HauntingLick+1","floor":25},{"not_picked":["Slimebound:ComboTackle","Slimebound:HauntingLick+1"],"picked":"Slimebound:SplitAcid+1","floor":27},{"not_picked":["Slimebound:Schlurp","Slimebound:ComboTackle+1"],"picked":"Slimebound:SplitBruiser+1","floor":29},{"not_picked":["Slimebound:DuplicatedForm","Slimebound:LeechingTouch"],"picked":"Slimebound:FinishingTackle","floor":30},{"not_picked":["Slimebound:DisruptingSlam","Slimebound:FinishingTackle"],"picked":"Slimebound:SplitBruiser","floor":30},{"not_picked":["Slimebound:SplitMire","Slimebound:Replication"],"picked":"Slimebound:Gluttony","floor":30},{"not_picked":["Slimebound:SpikyOuterGoop","Slimebound:ItLooksTasty+1"],"picked":"Slimebound:SplitBruiser","floor":31},{"not_picked":["Slimebound:ComboTackle+1","Slimebound:RainOfGoop"],"picked":"Slimebound:Repurpose","floor":32},{"not_picked":["Slimebound:MassRepurpose","Slimebound:DouseInSlime"],"picked":"Slimebound:OneTwoCombo","floor":33},{"not_picked":["Slimebound:ViciousTackle","Slimebound:ComboTackle+1"],"picked":"Slimebound:GoopTackle","floor":36},{"not_picked":["Slimebound:GrowthPunch+1","Slimebound:SplitMire"],"picked":"Slimebound:SlimeBrawl+1","floor":38},{"not_picked":["Slimebound:SlimeSpikes","Slimebound:AcidTongue+1"],"picked":"Slimebound:ComboTackle","floor":42},{"not_picked":["Slimebound:Equalize","Slimebound:FinishingTackle+1"],"picked":"Slimebound:SlimeSpikes+1","floor":43},{"not_picked":["Slimebound:GoopSpray+1","Slimebound:RollThrough+1"],"picked":"Slimebound:OneTwoCombo","floor":44},{"not_picked":["Slimebound:BestDefense+1","Slimebound:Dissolve+1"],"picked":"Slimebound:LeadByExample+1","floor":46},{"not_picked":["Slimebound:GoopSpray","Slimebound:Gluttony+1"],"picked":"Slimebound:FirmFortitude+1","floor":48},{"not_picked":["Slimebound:GrowthPunch","Slimebound:Equalize"],"picked":"Slimebound:RollThrough+1","floor":49}],"player_experience":357721,"relics_obtained":[{"floor":7,"key":"infinitespire:BottledMercury"},{"floor":10,"key":"ReplayTheSpireMod:TigerMarble"},{"floor":13,"key":"hubris:SlimyHat"},{"floor":24,"key":"HornCleat"},{"floor":25,"key":"Strawberry"},{"floor":29,"key":"Pondfish Scales"},{"floor":29,"key":"HollowMod:LifeEnderRelic"},{"floor":31,"key":"Durian"},{"floor":39,"key":"Ring of Peace"},{"floor":39,"key":"Ring of Chaos"},{"floor":41,"key":"Frozen Egg 2"},{"floor":43,"key":"aspiration:Lifesprig"}],"event_choices":[],"is_beta":false,"boss_relics":[{"not_picked":["Pandora\u0027s Box","hubris:HollowSoul"],"picked":"Abe\u0027s Treasure"},{"not_picked":["aspiration:RunesmithSkillbook","Sozu"],"picked":"aspiration:SecretTechniqueScroll"}],"items_purged_floors":[8],"is_endless":false,"potions_floor_spawned":[6,10,12,13,15,22,29,32,33,36,42,46,48,49],"ascension_level":0}}