{"host":"u9xtr94typ21duox","time":1609491487,"event":{"mods":["BaseMod","Key Reminder","KinomotoSakuraMod(木之本樱)","LagranYue(拉格朗・月)","Marisa（F雨　魔理沙）","Minty Spire (QoL Compilation)","Reimu（博丽灵梦）","Remilia（蕾米莉亚）","Replay The Spire","StSLib","Td1madao Mod","The Administrix","The Bladedancer","The Bug Knight","The Construct","The Cursed","The Gatherer","The Runesmith","The Servant 0.9.4","WarShipGirlsR/战舰少女R mod","Youmu（魂魄妖梦）","vexMod"],"gold_per_floor":[109,0,13,29,47,47,59,59,59,59,93,25,356,373,373,373,373],"floor_reached":16,"playtime":845,"items_purged":[],"score":169,"play_id":"4d763396-8755-47cd-be53-8fdbd9ad18b4","local_time":"20210101165807","is_ascension_mode":true,"campfire_choices":[{"data":"rmod:goodsister","floor":6,"key":"SMITH"},{"data":"rmod:chargemoney","floor":8,"key":"SMITH"},{"data":"rmod:fletcher","floor":10,"key":"SMITH"},{"data":"rmod:goodsister","floor":15,"key":"SMITH"}],"circlet_count":0,"master_deck":["rmod:strick","rmod:strick","rmod:strick","rmod:strick","rmod:defend","rmod:defend","rmod:defend","rmod:defend","rmod:basicallowance","rmod:maingunfire","rmod:fuelsupply","rmod:goodsister+1","rmod:salvage","rmod:chargemoney+1","rmod:fletcherpendant","rmod:fletcherpendant","rmod:fletcherpendant","rmod:fuelsupply","rmod:fletcher+1","rmod:fletcherpendant","rmod:fletcherpendant","rmod:goodsister+1","rmod:fletcherpendant","rmod:fletcherpendant","rmod:fletcherpendant","rmod:fletcher","rmod:fletcherpendant"],"relics":["rmod:firstchargereward","LagranYue:RandomDrawCardRelic","keyreminder:keyreminder","Ornamental Fan","Old Coin"],"acts_visited":["Exordium"],"potions_floor_usage":[13],"damage_taken":[{"damage":0,"enemies":"Jaw Worm","floor":1,"turns":3},{"damage":3,"enemies":"Cultist","floor":3,"turns":5},{"damage":4,"enemies":"2 Louse","floor":4,"turns":5},{"damage":3,"enemies":"Looter","floor":5,"turns":4},{"damage":1,"enemies":"Exordium Wildlife","floor":7,"turns":2},{"damage":9,"enemies":"Lagavulin","floor":11,"turns":9},{"damage":0,"enemies":"Gremlin Nob","floor":13,"turns":3},{"damage":12,"enemies":"Lots of Slimes","floor":14,"turns":8},{"damage":46,"enemies":"Slime Boss","floor":16,"turns":15}],"seed_played":"-8064997370279228027","potions_obtained":[{"floor":1,"key":"LiquidMemories"},{"floor":11,"key":"AttackPotion"},{"floor":13,"key":"construct:ShiftPotion"}],"is_trial":false,"path_per_floor":["M","$","M","M","M","R","M","R","T","R","E","$","E","M","R","B"],"character_chosen":"PRAEFECT","items_purchased":["rmod:salvage","rmod:chargemoney","rmod:goodsister"],"campfire_rested":0,"item_purchase_floors":[2,2,12],"current_hp_per_floor":[75,75,72,68,65,65,64,64,64,64,55,55,55,43,43,0,0],"gold":373,"neow_bonus":"THREE_CARDS","is_daily":false,"chose_seed":false,"campfire_upgraded":4,"win_rate":0.0,"timestamp":1609491487,"path_taken":["M","$","M","M","M","R","M","R","T","R","E","$","E","M","R","BOSS"],"items_purchased_type":["Card","Card","Card"],"build_version":"2020-12-22","purchased_purges":0,"victory":false,"max_hp_per_floor":[75,75,75,75,75,75,75,75,75,75,75,75,75,75,75,75,75],"card_choices":[{"not_picked":["rmod:luckystar","rmod:intelligenceanalysis"],"picked":"rmod:fuelsupply","floor":0},{"not_picked":["rmod:steelsupply","rmod:aviationdawn"],"picked":"rmod:goodsister","floor":1},{"not_picked":["rmod:ammunitionsupply","rmod:intelligenceanalysis","rmod:luckystar"],"picked":"SKIP","floor":3},{"not_picked":["rmod:fletcherpendant","rmod:unsinkable"],"picked":"rmod:fuelsupply","floor":4},{"not_picked":["rmod:capitalist","rmod:bulid"],"picked":"rmod:fletcherpendant","floor":5},{"not_picked":["rmod:goodfighter","rmod:firesupport","rmod:aluminumsupply"],"picked":"SKIP","floor":7},{"not_picked":["rmod:supportaircraftcarrier","rmod:acesubmarine","rmod:aluminumsupply"],"picked":"SKIP","floor":11},{"not_picked":["rmod:aviationdawn","rmod:salvage","rmod:combined"],"picked":"SKIP","floor":13},{"not_picked":["rmod:unsinkable","rmod:chargemoney","rmod:steelsupply"],"picked":"SKIP","floor":14}],"player_experience":268996,"relics_obtained":[{"floor":11,"key":"Ornamental Fan"},{"floor":13,"key":"Old Coin"}],"event_choices":[],"is_beta":false,"boss_relics":[],"items_purged_floors":[],"is_endless":false,"potions_floor_spawned":[1,11,13],"killed_by":"Slime Boss","ascension_level":1}}