{"host":"kl3udm1gvauizrd7","time":1609542943,"event":{"mods":["AchievementEnabler","Act Like it!","Aspiration","Bard","BaseMod","Beaked The Cultist","Better Altar","Better Match","Better Note","Better Sensory Stone","Better Skull","Better Third Choice","BetterRewards","CCEM","Clawfect","Colored Map","Conspire","Downfall","GifTheSpireLib","Googly Eyes","Halation","Hallownest","Hermit","Highlight Path","Hubris","Hunter ??","Infinite Spire","Jedi Mod","Jorbs\u0027s Wanderer Trilogy","Mad Scientist","Marisa????????","Mimic Mod","Minty Spire (QoL Compilation)","Permanent Neow","Replay The Spire","Shade Mod","Shop Mod","Spicy Shops","StSLib","Stuff the Spire","The Administrix","The Blackbeard","The Bug Knight","The Construct","The Cursed","The Disciple","The Gatherer","The Hierophant","The Jungle","The Mystic","The Necromancer","The Problem Sleuth","The Runesmith","The Servant 0.9.4","The Spell Scribe","The Witch","Unceasing Turn Reminder","[IsaacMod]????","everything is the same but u backflip on backflip","slay the spire mod where everything is the same but ironclad has a cowboy hat"],"gold_per_floor":[114,114,114,125,132,187,226,271,296,296,303,6,6,45,45,185,185,213,283,306,306,324,343,395,395,450,472,511,25,68,218,218,356,356,372,372,402,443,545,545,609,632,656,692,729,729,749,774,774,959,959,977,451,487,487,509,509,533,533,557,589,601,619,619,650,650,665,665],"floor_reached":67,"playtime":7178,"items_purged":["HollowMod:NailStrikeStart","HollowMod:NailStrikeStart"],"score":1031,"play_id":"ae72f854-a9b5-4387-8727-2b9907796ba6","local_time":"20210101181543","is_ascension_mode":false,"campfire_choices":[{"data":"expansioncontent:DashGenerateEvil","floor":10,"key":"SMITH"},{"floor":13,"key":"REST"},{"floor":15,"key":"REST"},{"data":"HollowMod:HuntersJournal","floor":25,"key":"SMITH"},{"data":"HollowMod:SlysStrikes","floor":32,"key":"SMITH"},{"data":"infinitespire:FutureSight","floor":40,"key":"SMITH"},{"data":"hubris:DuctTapeCard","floor":49,"key":"SMITH"},{"floor":57,"key":"REST"},{"data":"HollowMod:FocusHealStart","floor":59,"key":"SMITH"},{"data":"HollowMod:SoulShaman","floor":64,"key":"SMITH"},{"data":"HollowMod:BaldurShell","floor":66,"key":"SMITH"}],"circlet_count":0,"master_deck":["HollowMod:NailStrikeStart","HollowMod:NailStrikeStart","HollowMod:QuickDashStart","HollowMod:QuickDashStart","HollowMod:QuickDashStart","HollowMod:QuickDashStart","HollowMod:FocusHealStart+1","HollowMod:PogoStrike","expansioncontent:DashGenerateEvil+1","HollowMod:CycloneSlash+1","HollowMod:CycloneSlash","HollowMod:DoubleDash","HollowMod:HuntersJournal+1","HollowMod:DashSlash+1","HollowMod:CloakDash+1","HollowMod:Grubsong","HollowMod:GoodIntentions","expansioncontent:QuickStudy+1","HollowMod:SlysStrikes+1","infinitespire:FutureSight+1","HollowMod:DashSlash+1","hubris:DuctTapeCard+2","HollowMod:CycloneSlash+1","ReplayUltimateDefense+1","hubris:EnhanceAbility+1","HollowMod:SoulShaman+1","HollowMod:MantisMark","HollowMod:BaldurShell+1"],"relics":["HollowMod:VesselMask","HushsDoor","SalivaCoin","Golden Idol","UnicornStump","StuffTheSpire:CocoNut","ReplayTheSpireMod:TigerMarble","Membership Card","HollowMod:StagPassRelic","Blue Doll","Sozu","halation:BottledLove","Centennial Puzzle","halation:SwordOfLegend","Molten Egg 2","Replay:Baseball","infinitespire:CursedDice","HornCleat","MerchantsRug","jedi:shrinkray","Black Star","ReplayTheSpireMod:EnergyBall","hubris:DuctTape","StuffTheSpire:OldFever","jedi:crownofsimplicity","Mummified Hand","SlaversCollar","PunchingBag","Replay:Bandana","ClockworkSouvenir","construct:FoamFinger","ReplayTheSpireMod:ShopPack","BelialBook","Hallownest:SalubrasBlessingRelic","Bronze Scales","Simple Rune","CCEMRelics:FryingPan","hubris:64BitClover","Mango"],"acts_visited":["Exordium","Exordium","Hallownest:KingdomsEdge","Hallownest:Greenpath"],"potions_floor_usage":[16,16,16],"damage_taken":[{"damage":0,"enemies":"2 Louse","floor":1,"turns":2},{"damage":0,"enemies":"Small Slimes","floor":4,"turns":2},{"damage":29,"enemies":"Gremlin Nob","floor":6,"turns":4},{"damage":4,"enemies":"conspire:RoseBush","floor":7,"turns":2},{"damage":2,"enemies":"HollowMod:MossKnight","floor":8,"turns":6},{"damage":0,"enemies":"Lagavulin","floor":14,"turns":4},{"damage":14,"enemies":"The Guardian","floor":16,"turns":9},{"damage":3,"enemies":"Shell Parasite","floor":18,"turns":3},{"damage":0,"enemies":"Hiden Room Battle","floor":19,"turns":5},{"damage":0,"enemies":"theJungle:5_Spyders","floor":20,"turns":4},{"damage":0,"enemies":"theJungle:Snecko_Cultist_And_Trap","floor":22,"turns":5},{"damage":0,"enemies":"theJungle:Lyon","floor":23,"turns":2},{"damage":11,"enemies":"theJungle:JungleHuntersEncounter","floor":24,"turns":4},{"damage":8,"enemies":"theJungle:SlimyTreeVines","floor":26,"turns":5},{"damage":7,"enemies":"theJungle:SlimyTreeVines","floor":27,"turns":4},{"damage":20,"enemies":"theJungle:Snecko_Cultist_And_Trap","floor":28,"turns":6},{"damage":0,"enemies":"Nightmare","floor":30,"turns":6},{"damage":19,"enemies":"theJungle:FunGuy","floor":33,"turns":10},{"damage":0,"enemies":"Hallownest:2_Littles","floor":35,"turns":3},{"damage":9,"enemies":"Hallownest:3_Siblings","floor":37,"turns":7},{"damage":10,"enemies":"Hallownest:2_Wing_and_1_Kings","floor":38,"turns":7},{"damage":51,"enemies":"Hallownest:eliteCollector","floor":41,"turns":9},{"damage":0,"enemies":"Hallownest:2_Wandering_and_1_Horned","floor":42,"turns":7},{"damage":20,"enemies":"Hallownest:monsterPrimalAspid","floor":44,"turns":4},{"damage":4,"enemies":"Hallownest:2_Wing_and_1_Kings","floor":45,"turns":6},{"damage":0,"enemies":"Hallownest:Shield_Sturdy","floor":47,"turns":4},{"damage":0,"enemies":"Hallownest:2_Great","floor":48,"turns":3},{"damage":49,"enemies":"Hallownest:BossHollowKnight","floor":50,"turns":8},{"damage":2,"enemies":"Hallownest:monsterHuskWarrior","floor":52,"turns":2},{"damage":0,"enemies":"conspire:MimicChest","floor":54,"turns":4},{"damage":1,"enemies":"Hallownest:monsterHuskGuard","floor":56,"turns":2},{"damage":1,"enemies":"Hallownest:2_Baldur","floor":58,"turns":2},{"damage":11,"enemies":"Hallownest:monsterMossCharger","floor":61,"turns":2},{"damage":0,"enemies":"Hallownest:Guard_and_Warrior","floor":62,"turns":3},{"damage":0,"enemies":"Hallownest:eliteCrystalGuardian","floor":63,"turns":4},{"damage":0,"enemies":"Hallownest:eliteVengeflyKing","floor":65,"turns":3},{"damage":145,"enemies":"Delirium","floor":67,"turns":13}],"seed_played":"8627690851437945214","potions_obtained":[{"floor":6,"key":"hexamod:EctoCoolerPotion"},{"floor":7,"key":"BlessingOfTheForge"},{"floor":14,"key":"LiquidBronze"}],"is_trial":false,"path_per_floor":["M","?","?","M","?","E","M","E","T","R","?","$","R","E","R","B",null,"M","?","M","AVR","M","M","M","R","MIM","M","M","$","NM","?","R","B",null,"M","AVR","M","M","?","R","E","M","T","M","M","T","M","M","R","B",null,"M","$","?","?","M","R","M","R","T","M","M","E","R","E","R","B"],"character_chosen":"THE_BUGKNIGHT","items_purchased":["Membership Card","HollowMod:StagPassRelic","HollowMod:CycloneSlash","expansioncontent:QuickStudy+1","Replay:Baseball","infinitespire:CursedDice","HornCleat","MerchantsRug","PunchingBag","Replay:Bandana","ClockworkSouvenir","construct:FoamFinger","ReplayTheSpireMod:ShopPack"],"campfire_rested":3,"item_purchase_floors":[12,12,12,29,29,29,29,29,53,53,53,53,53],"current_hp_per_floor":[75,75,75,75,57,38,34,45,45,45,29,29,53,53,77,68,82,82,73,73,73,82,82,77,76,68,61,47,47,47,47,56,45,82,82,82,73,73,58,70,31,41,41,41,49,49,59,71,80,33,82,80,80,80,80,82,84,83,84,84,78,84,84,84,98,98,0,0],"gold":665,"neow_bonus":"","is_daily":false,"chose_seed":false,"campfire_upgraded":8,"win_rate":0.0,"timestamp":1609542943,"path_taken":["M","?","?","M","?","E","?","E","T","R","?","$","R","E","R","BOSS","M","?","?","AVR","?","?","?","R","MIM","M","M","?","NM","?","R","BOSS","M","AVR","M","M","?","R","E","?","T","M","?","?","?","M","R","BOSS","M","$","?","?","M","R","M","R","T","M","?","E","R","E","R","BOSS"],"items_purchased_type":["Relic","Relic","Card","Card","Relic","Relic","Relic","Relic","Relic","Relic","Relic","Relic","Relic"],"build_version":"2020-12-22","purchased_purges":2,"victory":false,"max_hp_per_floor":[75,75,75,75,75,75,75,82,82,82,82,82,82,82,82,82,82,82,82,82,82,82,82,82,82,82,82,82,82,82,82,82,82,82,82,82,82,82,82,82,82,82,82,82,82,82,82,82,82,82,82,82,82,82,82,82,84,84,84,84,84,84,84,84,98,98,98,98],"card_choices":[{"not_picked":["HollowMod:InfectedAttack","HollowMod:DescendingDark"],"picked":"HollowMod:CloakDash","floor":1},{"not_picked":["Replay:Sssssssssshield","Poisoned Strike"],"picked":"expansioncontent:DashGenerateEvil","floor":3},{"not_picked":["Bomb","HollowMod:VengefulVoid","HollowMod:LifebloodCocoon"],"picked":"SKIP","floor":4},{"not_picked":["HollowMod:SiblingsShadow","HollowMod:CloakDash"],"picked":"HollowMod:CycloneSlash","floor":6},{"not_picked":["HollowMod:SiblingsShadow","HollowMod:SiblingsSouls","HollowMod:VengefulSpirit"],"picked":"SKIP","floor":7},{"not_picked":["Bomb","HollowMod:SoulStrike"],"picked":"HollowMod:LifebloodCocoon","floor":8},{"not_picked":["HollowMod:ShadowDash","HollowMod:SoulSplash"],"picked":"HollowMod:DoubleDash","floor":14},{"not_picked":["HollowMod:ChannelNail","HollowMod:InfectedAttack+1","HollowMod:VengefulVoid+1"],"picked":"SKIP","floor":18},{"not_picked":["HollowMod:AbyssShriek","HollowMod:CloakDash"],"picked":"HollowMod:HuntersJournal","floor":19},{"not_picked":["HollowMod:GrimmsGift","HollowMod:VengefulSpirit"],"picked":"HollowMod:DashSlash+1","floor":20},{"not_picked":["HollowMod:DescendingDark","HollowMod:VengefulSpirit+1"],"picked":"HollowMod:CloakDash+1","floor":22},{"not_picked":["HollowMod:LifebloodCocoon+1","HollowMod:SiblingsShadow","HollowMod:SiblingsSouls+1"],"picked":"SKIP","floor":23},{"not_picked":["HollowMod:NewJinnsSoul","HollowMod:InfectedCysts"],"picked":"HollowMod:Grubsong","floor":24},{"not_picked":["HollowMod:SiblingsSouls","HollowMod:SoulEater"],"picked":"HollowMod:GoodIntentions","floor":27},{"not_picked":["HollowMod:DungDefenderAura","HollowMod:DescendingDark+1","HollowMod:GrimmsGift"],"picked":"SKIP","floor":28},{"not_picked":["HollowMod:VengefulSpirit+1","HollowMod:DungDefenderAura"],"picked":"HollowMod:SlysStrikes","floor":30},{"not_picked":["HollowMod:VengefulVoid+1","HollowMod:HowlingWraiths+1","HollowMod:RecoilStrike+1"],"picked":"SKIP","floor":35},{"not_picked":["HollowMod:GreatSlash+1","HollowMod:VengefulVoid+1","HollowMod:HuntersJournal"],"picked":"SKIP","floor":37},{"not_picked":["HollowMod:SoulStrike+1","HollowMod:PureNailStrike+1"],"picked":"HollowMod:DashSlash+1","floor":38},{"not_picked":["HollowMod:SoulStrike+1","HollowMod:SiblingsShadow","HollowMod:RecoilStrike+1"],"picked":"SKIP","floor":41},{"not_picked":["HollowMod:SoulStrike+1","HollowMod:AbyssShriek+1"],"picked":"HollowMod:CycloneSlash+1","floor":42},{"not_picked":["HollowMod:HeavyBlow+1","HollowMod:NewJinnsSoul+1","HollowMod:PureNailStrike+1"],"picked":"SKIP","floor":44},{"not_picked":["HollowMod:NewJinnsSoul","HollowMod:Grubsong+1","HollowMod:HowlingWraiths+1"],"picked":"SKIP","floor":45},{"not_picked":["HollowMod:DescendingDark+1","HollowMod:ChannelNail","HollowMod:SoulVessel+1"],"picked":"SKIP","floor":47},{"not_picked":["HollowMod:WraithStrike+1","HollowMod:TaintedHusks+1","HollowMod:MidwifesHunger+1"],"picked":"SKIP","floor":48},{"not_picked":["HollowMod:Grubsong","HollowMod:CornifersMapStart","HollowMod:ChannelNail"],"picked":"SKIP","floor":52},{"not_picked":["Transmutation","Magnetism"],"picked":"ReplayUltimateDefense","floor":53},{"not_picked":["expansioncontent:CaCaw","PanicButton"],"picked":"hubris:EnhanceAbility","floor":53},{"not_picked":["HollowMod:CornifersMapStart","HollowMod:VengefulVoid+1"],"picked":"HollowMod:SoulShaman","floor":56},{"not_picked":["HollowMod:InfectionAssault+1","HollowMod:DoubleDash","HollowMod:ChannelNail"],"picked":"SKIP","floor":58},{"not_picked":["HollowMod:InfectedCysts+1","HollowMod:SlysStrikes","HollowMod:ShadowDash"],"picked":"SKIP","floor":61},{"not_picked":["HollowMod:SoulEater","HollowMod:CloakDash"],"picked":"HollowMod:MantisMark","floor":62},{"not_picked":["HollowMod:LifebloodCocoon","HollowMod:NewGlowingWomb","HollowMod:InfectedAttack+1"],"picked":"SKIP","floor":63},{"not_picked":["HollowMod:NewGlowingWomb","HollowMod:SoulStrike+1"],"picked":"HollowMod:BaldurShell","floor":65}],"player_experience":0,"relics_obtained":[{"floor":6,"key":"UnicornStump"},{"floor":8,"key":"StuffTheSpire:CocoNut"},{"floor":9,"key":"ReplayTheSpireMod:TigerMarble"},{"floor":14,"key":"Blue Doll"},{"floor":19,"key":"halation:BottledLove"},{"floor":19,"key":"Centennial Puzzle"},{"floor":26,"key":"Molten Egg 2"},{"floor":30,"key":"jedi:shrinkray"},{"floor":41,"key":"hubris:DuctTape"},{"floor":41,"key":"StuffTheSpire:OldFever"},{"floor":43,"key":"jedi:crownofsimplicity"},{"floor":46,"key":"Mummified Hand"},{"floor":54,"key":"BelialBook"},{"floor":60,"key":"Bronze Scales"},{"floor":63,"key":"Simple Rune"},{"floor":63,"key":"CCEMRelics:FryingPan"},{"floor":65,"key":"hubris:64BitClover"},{"floor":65,"key":"Mango"}],"event_choices":[{"damage_healed":0,"gold_gain":1,"player_choice":"1","damage_taken":0,"max_hp_gain":0,"max_hp_loss":0,"event_name":"betterStone:BetterStone","floor":3,"gold_loss":0},{"damage_healed":0,"gold_gain":0,"player_choice":"Take Damage","damage_taken":18,"relics_obtained":["Golden Idol"],"max_hp_gain":0,"max_hp_loss":0,"event_name":"Golden Idol","floor":5,"gold_loss":0},{"damage_healed":45,"gold_gain":0,"player_choice":"Upgrade","damage_taken":16,"max_hp_gain":0,"max_hp_loss":82,"event_name":"betterThird:BetterShining","floor":11,"gold_loss":0,"cards_upgraded":["HollowMod:CycloneSlash","HollowMod:NailStrikeStart"]},{"damage_healed":0,"gold_gain":0,"player_choice":"Fight","damage_taken":0,"max_hp_gain":0,"max_hp_loss":0,"event_name":"HidenRoomEvent","floor":19,"gold_loss":0}],"is_beta":false,"boss_relics":[{"not_picked":["Philosopher\u0027s Stone","Runesmith:UraniumAnvil"],"picked":"Sozu"},{"not_picked":[]},{"not_picked":["jedi:hotpepper","StuffTheSpire:RunicHypercube"],"picked":"Black Star"},{"not_picked":[]},{"not_picked":["Replay:Ancient Bell","construct:WeddingRing"],"picked":"SlaversCollar"},{"not_picked":[]}],"items_purged_floors":[21,53],"is_endless":true,"potions_floor_spawned":[6,7,14,19,22,23,27,28,35,38,42,45,50,58,61,62,65],"killed_by":"Delirium","ascension_level":0}}