{"host":"89b1o62hw5aqf71h","time":1609480898,"event":{"mods":["Ascension Reborn","Ascension Unlocker","Aspiration","Bard","BaseMod","Bestiary","Better Silent Start","Better-Laid Plans","BetterRewards","CatGirl Mod","Challenge The Spire","Colored Map","Colored Powertips","Conspire","Dio Mod","Dota2Spire","Energized Spire","GungeonMod","Hubris","Infinite Spire","JesterMod","Marisa????????","Mimic Mod","Minty Spire (QoL Compilation)","Potionbrewer","Random Character Button","Random Character Mod","Replay The Spire","Retaliation","Shop Mod","Small Relic Pack","Spicy Shops","Spikes Relics","StSLib","The Alterego","The Bladedancer","The Blue Laboratory","The Druid","The Hierophant","The Poker Player","The Runesmith","The Sage","The Saiyan","The Vixen","TheArtist","TheVelvet","Thieving Mod","Uncapped","Waifu the Spire","everything is the same but u backflip on backflip","vexMod","??????REMEMod"],"gold_per_floor":[37,37,72,103,128,128,12,12,47,82,112,112,76,76,108,134,163,163,163,163],"floor_reached":18,"playtime":1437,"items_purged":["jesterMod:Encore"],"score":330,"play_id":"8fcf5d4a-a076-4841-9053-4c19c2e290d6","local_time":"20210101010138","daily_mods":["challengethespire:Bronze Difficulty","challengethespire:Modded Elite Rush","Uncertain Future"],"is_ascension_mode":false,"metric_token":3346,"campfire_choices":[{"data":"PokerPlayerMod:Diamond5","floor":2,"key":"SMITH"},{"floor":8,"key":"REST"},{"data":"DDmod:PotionAddictCard","floor":14,"key":"SMITH"}],"circlet_count":0,"master_deck":["PokerPlayerMod:Diamond1","PokerPlayerMod:Diamond2","PokerPlayerMod:Diamond3","PokerPlayerMod:Diamond4","PokerPlayerMod:Diamond6","PokerPlayerMod:Spade1","PokerPlayerMod:Spade2","PokerPlayerMod:Spade3","PokerPlayerMod:Spade4","PokerPlayerMod:Club1","PokerPlayerMod:Club2","PokerPlayerMod:Heart2","PokerPlayerMod:TrumpStrike+1","PokerPlayerMod:BadJoker","PokerPlayerMod:Mulligan","PokerPlayerMod:FillThePot","PokerPlayerMod:Sharpen","PokerPlayerMod:FlyingCard","DDmod:PotionAddictCard+1","PokerPlayerMod:Overdeal","PokerPlayerMod:Sharpen","Dazed","Clumsy","Sickly","ReplayTheSpireMod:Faulty Equipment","PokerPlayerMod:Diamond10+","DDmod:PotionAddictCard+1","PokerPlayerMod:Manipulation","PokerPlayerMod:Overdeal","PokerPlayerMod:FillThePot"],"relics":["PokerPlayerMod:DeckCase","Black Star","Sling","PreservedInsect","REME_ComplimentaryCards","Chameleon Ring","ExplosiveVial","MerchantsRug","Runesmith:Locket","Blood Vial","REME_PuzzleBoxRelic","REME_HandOfSuture","Dota2Spire:RefresherOrb","Ice Cream","Pen Nib","Calipers","DemoMod:PoisonVial","Blue Doll","Simple Rune","DemoMod:LamentConfigurum","DemoMod:PinkGuonStone","Durian","Blue Candle","sagemod:Blowpipe","Eternal Feather","DemoMod:VorpalBullet","Replay:Towering Pillar of Hats","Replay:Bottled Flurry"],"acts_visited":["Exordium"],"potions_floor_usage":[3,15,15,15,18],"damage_taken":[{"damage":18,"enemies":"Lagavulin","floor":3,"turns":3},{"damage":8,"enemies":"3 Sentries","floor":4,"turns":4},{"damage":9,"enemies":"Replay:BlueRogue","floor":5,"turns":2},{"damage":0,"enemies":"conspire:Head Lice","floor":9,"turns":2},{"damage":25,"enemies":"REME_1_Revenger","floor":10,"turns":4},{"damage":4,"enemies":"Replay:Snechameleon","floor":11,"turns":3},{"damage":0,"enemies":"Nemesis","floor":15,"turns":5},{"damage":38,"enemies":"Reptomancer","floor":16,"turns":5},{"damage":0,"enemies":"Giant Head","floor":17,"turns":5},{"damage":48,"enemies":"PillarMen","floor":18,"turns":2}],"seed_played":"-7659371011276609188","potions_obtained":[{"floor":3,"key":"potionbrewer:FreezingPotion"},{"floor":17,"key":"potionbrewer:ToxicPotion"}],"is_trial":true,"path_per_floor":["$","R","E","E","E","T","$","R","E","E","E","T","$","R","E","E","E","E"],"character_chosen":"THE_POKER_PLAYER","items_purchased":["Chameleon Ring","ExplosiveVial","Energy Potion","Dexterity Potion","Toxic Potion","infinitespire:Lucky Rock","MerchantsRug","Ice Cream","DDmod:PotionAddictCard","PokerPlayerMod:Diamond10+","potionbrewer:BarricadePotion"],"campfire_rested":1,"item_purchase_floors":[1,1,1,1,1,1,1,7,7,13,13],"current_hp_per_floor":[52,52,34,31,28,28,28,43,49,26,26,38,38,38,63,34,44,0,0,0],"gold":163,"neow_bonus":"","is_daily":false,"chose_seed":false,"campfire_upgraded":2,"win_rate":0.0,"timestamp":1609480898,"path_taken":["$","R","E","E","E","T","$","R","E","E","E","T","$","R","E","E","E","E"],"items_purchased_type":["Relic","Relic","Potion","Potion","Potion","Relic","Relic","Relic","Card","Potion","Potion"],"build_version":"2020-12-22","purchased_purges":1,"victory":false,"max_hp_per_floor":[52,52,52,52,52,52,52,52,52,52,52,64,64,64,64,64,64,64,64,64],"card_choices":[{"not_picked":["hubris:Disease","Normality"],"picked":"Clumsy","floor":12},{"not_picked":["relicPack:TruthCard","hubris:Gluttony"],"picked":"Sickly","floor":12},{"not_picked":["Replay:Hysterical Blindness","Decay"],"picked":"ReplayTheSpireMod:Faulty Equipment","floor":12}],"player_experience":17542,"relics_obtained":[{"floor":3,"key":"Runesmith:Locket"},{"floor":3,"key":"Blood Vial"},{"floor":4,"key":"REME_PuzzleBoxRelic"},{"floor":4,"key":"Mercury Hourglass"},{"floor":5,"key":"vexMod:BarristanHead"},{"floor":5,"key":"REME_HandOfSuture"},{"floor":9,"key":"Pen Nib"},{"floor":9,"key":"infinitespire:Bottled Soul"},{"floor":10,"key":"Calipers"},{"floor":10,"key":"DemoMod:PoisonVial"},{"floor":11,"key":"Blue Doll"},{"floor":11,"key":"Simple Rune"},{"floor":15,"key":"Blue Candle"},{"floor":15,"key":"sagemod:Blowpipe"},{"floor":16,"key":"Eternal Feather"},{"floor":16,"key":"DemoMod:VorpalBullet"},{"floor":17,"key":"Replay:Towering Pillar of Hats"},{"floor":17,"key":"Replay:Bottled Flurry"}],"event_choices":[],"is_beta":false,"boss_relics":[{"not_picked":["Runesmith:UraniumAnvil","Philosopher\u0027s Stone"],"picked":"Dota2Spire:RefresherOrb"},{"not_picked":["energizedSpire:DeadBattery","hubris:VirtuousBlindfold"],"picked":"Replay:Ancient Bell"},{"not_picked":["RollingBoulder","potionbrewer:Torch"],"picked":"DemoMod:LamentConfigurum"},{"not_picked":["DemoMod:Bottle","vexMod:ScavengeHelm"],"picked":"DemoMod:PinkGuonStone"},{"not_picked":["DemoMod:SevenLeafClover","hubris:Spice"],"picked":"Durian"}],"items_purged_floors":[1],"is_endless":false,"potions_floor_spawned":[3,9,10,17],"killed_by":"PillarMen","ascension_level":0}}