{"host":"qjk3wp69zu6hw4kx","time":1609537496,"event":{"mods":["BaseMod","Curses Come First","Downfall","Googly Eyes","Minty Spire (QoL Compilation)","Replay The Spire","StSLib"],"gold_per_floor":[111,127,127,147,158,191,77,77,77,77,103,115,132,145,145,248,248,258,274,373,7,7,7,20,20,20,50,70,70,70],"floor_reached":29,"playtime":2589,"items_purged":["Defend_P"],"score":257,"play_id":"b83489bc-a0a8-44c7-9ec9-19529856dcb1","local_time":"20210101234456","is_ascension_mode":false,"campfire_choices":[{"floor":8.0,"key":"RECALL"},{"floor":15.0,"key":"REST"},{"floor":23,"key":"REST"},{"floor":25,"key":"REST"}],"circlet_count":1,"master_deck":["Strike_P+1","Strike_P","Strike_P","Defend_P","Defend_P","Defend_P+1","Eruption","Vigilance+1","ForeignInfluence","Prostrate","Madness+1","MentalFortress","FearNoEvil","Prostrate","Prostrate","EmptyMind","FlurryOfBlows","Adaptation","PathToVictory","Brilliance","CurseOfTheBell","Fasting2","FlurryOfBlows+1","TalkToTheHand","Brilliance"],"relics":["Fusion Hammer","Nunchaku","Matryoshka","Calling Bell","Art of War","Circlet","StoneCalendar","Orichalcum","War Paint","Vajra","Gremlin Food","Ancient Tea Set","ReplayTheSpireMod:TigerMarble"],"acts_visited":[],"potions_floor_usage":[27,27,27],"damage_taken":[{"damage":0.0,"enemies":"2 Louse","floor":1.0,"turns":2.0},{"damage":0.0,"enemies":"Small Slimes","floor":2.0,"turns":3.0},{"damage":0.0,"enemies":"Cultist","floor":4.0,"turns":3.0},{"damage":0.0,"enemies":"3 Louse","floor":5.0,"turns":3.0},{"damage":6.0,"enemies":"Lagavulin","floor":6.0,"turns":6.0},{"damage":48.0,"enemies":"Gremlin Nob","floor":11.0,"turns":5.0},{"damage":0.0,"enemies":"Large Slime","floor":12.0,"turns":5.0},{"damage":0.0,"enemies":"Exordium Thugs","floor":13.0,"turns":3.0},{"damage":0.0,"enemies":"3 Louse","floor":14.0,"turns":3.0},{"damage":18.0,"enemies":"Slime Boss","floor":16.0,"turns":6.0},{"damage":21.0,"enemies":"3 Byrds","floor":18.0,"turns":6.0},{"damage":5,"enemies":"Chosen","floor":19,"turns":4},{"damage":2,"enemies":"Snake Plant","floor":24,"turns":4},{"damage":14,"enemies":"Slavers","floor":27,"turns":4},{"damage":3,"enemies":"Snecko","floor":28,"turns":3},{"damage":68,"enemies":"Gremlin Leader","floor":29,"turns":3}],"seed_played":"-726818373021286244","potions_obtained":[{"floor":2.0,"key":"Elixir"},{"floor":4.0,"key":"ColorlessPotion"},{"floor":5.0,"key":"sneckomod:MuddlingPotion"},{"floor":13.0,"key":"StancePotion"},{"floor":18,"key":"Explosive Potion"}],"is_trial":false,"path_per_floor":["M","M","?","M","M","E","$","R","T","?","E","M","M","M","R","B",null,"M","M","?","$","?","R","M","R","T","E","M","E"],"character_chosen":"WATCHER","items_purchased":["Prostrate","EmptyMind","Orichalcum","War Paint"],"campfire_rested":3,"item_purchase_floors":[7,7,21,21],"current_hp_per_floor":[72,72,58,58,58,52,52,52,52,52,4,4,4,4,25,7,72,51,46,46,46,46,67,65,72,72,58,55,0,0],"gold":70,"neow_bonus":"BOSS_RELIC","is_daily":false,"chose_seed":false,"campfire_upgraded":0,"win_rate":0.0,"timestamp":1609537496,"path_taken":["M","M","?","M","M","E","$","R","T","?","E","M","M","M","R","BOSS","M","M","?","$","?","R","M","R","T","E","M","E"],"items_purchased_type":["Card","Card","Relic","Relic"],"build_version":"2020-12-22","purchased_purges":1,"victory":false,"max_hp_per_floor":[72,72,72,72,72,72,72,72,72,72,72,72,72,72,72,72,72,72,72,72,72,72,72,72,72,72,72,72,72,72],"card_choices":[{"not_picked":["Protect","FollowUp"],"picked":"ForeignInfluence","floor":1.0},{"not_picked":["Protect","Conclude"],"picked":"Prostrate","floor":2.0},{"not_picked":["FlurryOfBlows","Protect"],"picked":"Replay:DivineShield","floor":4.0},{"not_picked":["CutThroughFate","Indignation"],"picked":"MentalFortress","floor":5.0},{"not_picked":["PathToVictory","SashWhip"],"picked":"FearNoEvil","floor":6.0},{"not_picked":["Replay:BluntJabs","TalkToTheHand"],"picked":"FlurryOfBlows","floor":11.0},{"not_picked":["BowlingBash","Protect"],"picked":"Adaptation","floor":12.0},{"not_picked":["Study","Halt"],"picked":"PathToVictory","floor":13.0},{"not_picked":["Crescendo","Replay:Cycle","Prostrate"],"picked":"SKIP","floor":14.0},{"not_picked":["ConjureBlade","Establishment"],"picked":"Brilliance","floor":16.0},{"not_picked":["Evaluate","Replay:BluntJabs"],"picked":"Fasting2","floor":18},{"not_picked":["PathToVictory","Consecrate+1"],"picked":"FlurryOfBlows+1","floor":19},{"not_picked":["EmptyMind","SashWhip","EmptyBody"],"picked":"SKIP","floor":24},{"not_picked":["Crescendo","CrushJoints"],"picked":"TalkToTheHand","floor":27},{"not_picked":["Study","MentalFortress"],"picked":"Brilliance","floor":28}],"player_experience":372215,"relics_obtained":[{"floor":6.0,"key":"Nunchaku"},{"floor":11.0,"key":"Matryoshka"},{"floor":17.0,"key":"Art of War"},{"floor":17.0,"key":"Replay:Bottled Flurry"},{"floor":17.0,"key":"StoneCalendar"},{"floor":26,"key":"Gremlin Food"},{"floor":26,"key":"Ancient Tea Set"},{"floor":27,"key":"ReplayTheSpireMod:TigerMarble"}],"event_choices":[{"damage_healed":0.0,"max_hp_gain":0.0,"max_hp_loss":0.0,"gold_gain":0.0,"event_name":"Shining Light","player_choice":"Entered Light","floor":3.0,"gold_loss":0.0,"damage_taken":14.0,"cards_upgraded":["Strike_P","Vigilance"]},{"cards_removed":["Strike_P"],"damage_healed":0.0,"max_hp_gain":0.0,"max_hp_loss":0.0,"gold_gain":0.0,"event_name":"Wheel of Change","player_choice":"Card Removal","floor":10.0,"gold_loss":0.0,"damage_taken":0.0},{"damage_healed":0,"gold_gain":99,"player_choice":"Stole From Cult","damage_taken":0,"max_hp_gain":0,"max_hp_loss":0,"event_name":"Nest","floor":20,"gold_loss":0},{"damage_healed":0,"gold_gain":0,"player_choice":"Opened","damage_taken":0,"relics_obtained":["Vajra"],"max_hp_gain":0,"max_hp_loss":0,"event_name":"The Mausoleum","floor":22,"gold_loss":0}],"is_beta":false,"boss_relics":[{"not_picked":["Coffee Dripper","ChewingGum"],"picked":"Calling Bell"}],"items_purged_floors":[21],"is_endless":false,"potions_floor_spawned":[2,4,5,13,18,19,24],"killed_by":"Gremlin Leader","ascension_level":0}}