{"host":"wg29woj1pduqw9vg","time":1609492668,"event":{"mods":["BaseMod","Colored Map","Downfall","Minty Spire (QoL Compilation)","StSLib","The Cursed"],"gold_per_floor":[116,116,116,65,85,85,104,104,104,128,153,163,178,194,194,299,299,311,410,107,82,32,32,51,51,51,51,51,62,62,79,79,175,175,191,191,209,155,181,181,191,191,191,191,191],"floor_reached":44,"playtime":2656,"items_purged":["TheCursedMod:Strike_TheCursed"],"score":408,"play_id":"8cd013da-2bfd-4210-8bd5-e3db61abe3b5","local_time":"20210101011748","is_ascension_mode":false,"campfire_choices":[{"data":"TheCursedMod:CleanUpWorkshop","floor":6,"key":"SMITH"},{"floor":15,"key":"REST"},{"data":"TheCursedMod:CursedBlade","floor":23,"key":"SMITH"},{"floor":25,"key":"REST"},{"data":"TheCursedMod:Strike_TheCursed","floor":28,"key":"SMITH"},{"floor":32,"key":"REST"},{"data":"TheCursedMod:VoidForm","floor":40,"key":"SMITH"},{"data":"TheCursedMod:RavingStaff","floor":42,"key":"SMITH"}],"circlet_count":0,"master_deck":["TheCursedMod:Strike_TheCursed+1","TheCursedMod:Strike_TheCursed","TheCursedMod:Strike_TheCursed","TheCursedMod:Defend_TheCursed","TheCursedMod:Defend_TheCursed","TheCursedMod:Defend_TheCursed","TheCursedMod:Defend_TheCursed","TheCursedMod:CursedWand","TheCursedMod:CleanUpWorkshop+1","TheCursedMod:Dregs","TheCursedMod:SurpriseAttack","TheCursedMod:Stretching","TheCursedMod:CursedShiv","TheCursedMod:Obscuration","TheCursedMod:Stigma","TheCursedMod:RapidMovement","TheCursedMod:CircleOfFlame","TheCursedMod:ParallelWorld","TheCursedMod:CursedShiv","TheCursedMod:HellsGateOpen","TheCursedMod:Evocation+1","TheCursedMod:CursedBlade+1","Shame","TheCursedMod:ManaBullet","TheCursedMod:VoidForm+1","Pain","TheCursedMod:WearCloak","TheCursedMod:RavingStaff+1"],"relics":["TheCursedMod:BlackMagicAdvanced","TheCursedMod:DemonicMark","Lantern","Toy Ornithopter","Oddly Smooth Stone","Mummified Hand","MealTicket","Coffee Dripper","WarpedTongs","Bag of Preparation","Bag of Marbles"],"acts_visited":["Exordium","TheCity","TheBeyond"],"potions_floor_usage":[11,16,16,33,33,33,33],"damage_taken":[{"damage":0,"enemies":"Small Slimes","floor":1,"turns":3},{"damage":0,"enemies":"Cultist","floor":5,"turns":4},{"damage":0,"enemies":"Jaw Worm","floor":7,"turns":5},{"damage":34,"enemies":"Lagavulin","floor":11,"turns":7},{"damage":14,"enemies":"Exordium Thugs","floor":12,"turns":7},{"damage":15,"enemies":"Large Slime","floor":13,"turns":7},{"damage":0,"enemies":"2 Fungi Beasts","floor":14,"turns":3},{"damage":12,"enemies":"Hexaghost","floor":16,"turns":9},{"damage":20,"enemies":"Chosen","floor":18,"turns":5},{"damage":16,"enemies":"2 Thieves","floor":21,"turns":5},{"damage":8,"enemies":"Chosen and Byrds","floor":24,"turns":6},{"damage":10,"enemies":"Shelled Parasite and Fungi","floor":29,"turns":6},{"damage":16,"enemies":"3 Cultists","floor":31,"turns":5},{"damage":76,"enemies":"Automaton","floor":33,"turns":13},{"damage":26,"enemies":"3 Darklings","floor":35,"turns":5},{"damage":10,"enemies":"3 Shapes","floor":37,"turns":4},{"damage":28,"enemies":"3 Darklings","floor":41,"turns":3},{"damage":38,"enemies":"Maw","floor":44,"turns":7}],"seed_played":"5243062513778363473","potions_obtained":[{"floor":1,"key":"CultistPotion"},{"floor":3,"key":"FearPotion"},{"floor":3,"key":"Ancient Potion"},{"floor":12,"key":"SteroidPotion"},{"floor":21,"key":"Energy Potion"},{"floor":24,"key":"EntropicBrew"},{"floor":33,"key":"ColorlessPotion"},{"floor":37,"key":"SkillPotion"}],"is_trial":false,"path_per_floor":["M","$","?","$","M","R","M","?","T","T","E","M","M","M","R","B",null,"M","?","$","M","$","R","M","R","T","?","R","M","$","M","R","B",null,"M","?","M","$","T","R","M","R","T","M"],"character_chosen":"THE_CURSED","items_purchased":["TheCursedMod:Stretching","TheCursedMod:HellsGateOpen","Oddly Smooth Stone","TheCursedMod:CursedBlade","TheCursedMod:WearCloak"],"campfire_rested":3,"item_purchase_floors":[4,20,20,22,38],"current_hp_per_floor":[82,82,82,82,82,82,82,82,82,82,48,34,19,19,43,41,82,62,62,62,46,46,46,38,62,62,62,62,52,67,51,75,16,82,56,56,46,61,61,61,33,33,33,0,0],"gold":191,"neow_bonus":"TEN_PERCENT_HP_BONUS","is_daily":false,"chose_seed":false,"campfire_upgraded":5,"win_rate":0.0,"timestamp":1609492668,"path_taken":["M","$","?","$","?","R","M","?","T","?","E","M","?","M","R","BOSS","M","?","$","M","$","R","M","R","T","?","R","M","?","M","R","BOSS","M","?","M","$","?","R","?","R","T","M"],"items_purchased_type":["Card","Card","Relic","Card","Card"],"build_version":"2020-12-22","purchased_purges":1,"victory":false,"max_hp_per_floor":[82,82,82,82,82,82,82,82,82,82,82,82,82,82,82,82,82,82,82,82,82,82,82,82,82,82,82,82,82,82,82,82,82,82,82,82,82,82,82,82,82,82,82,82,82],"card_choices":[{"not_picked":["TheCursedMod:BlessingInDisguise","TheCursedMod:RapidMovement"],"picked":"TheCursedMod:SurpriseAttack","floor":1},{"not_picked":["TheCursedMod:ManaBullet","TheCursedMod:Wield"],"picked":"TheCursedMod:CursedShiv","floor":5},{"not_picked":["TheCursedMod:CursedShiv","TheCursedMod:CircleOfCorruption","TheCursedMod:Wield"],"picked":"SKIP","floor":7},{"not_picked":["TheCursedMod:Wield","TheCursedMod:CursedArmor"],"picked":"TheCursedMod:Obscuration","floor":11},{"not_picked":["TheCursedMod:RavingStaff","TheCursedMod:Wield"],"picked":"TheCursedMod:Stigma","floor":12},{"not_picked":["TheCursedMod:ManaCirculation","TheCursedMod:ManaBullet"],"picked":"TheCursedMod:RapidMovement","floor":13},{"not_picked":["TheCursedMod:WearCloak","TheCursedMod:Stretching"],"picked":"TheCursedMod:CircleOfFlame","floor":14},{"not_picked":["TheCursedMod:ShockAndAwe","TheCursedMod:DarkBarrier"],"picked":"TheCursedMod:ParallelWorld","floor":16},{"not_picked":["TheCursedMod:SurpriseAttack","TheCursedMod:CircleOfCorruption"],"picked":"TheCursedMod:CursedShiv","floor":18},{"not_picked":["TheCursedMod:CircleOfFlame","TheCursedMod:SurpriseAttack"],"picked":"TheCursedMod:Evocation+1","floor":21},{"not_picked":["TheCursedMod:SmokeScreen","TheCursedMod:TacticalStrike","TheCursedMod:ForbiddenAlchemy"],"picked":"SKIP","floor":24},{"not_picked":["TheCursedMod:Torture","TheCursedMod:CursedBlade+1","TheCursedMod:Stretching"],"picked":"SKIP","floor":29},{"not_picked":["TheCursedMod:CursedShiv","TheCursedMod:VitalStrike"],"picked":"TheCursedMod:ManaBullet","floor":31},{"not_picked":["TheCursedMod:OutForBlood","TheCursedMod:NeowsMight"],"picked":"TheCursedMod:VoidForm","floor":33},{"not_picked":["TheCursedMod:FleshFromBone+1","TheCursedMod:BlessingInDisguise+1","TheCursedMod:CursedShiv"],"picked":"SKIP","floor":35},{"not_picked":["TheCursedMod:Obscuration","TheCursedMod:Torture","TheCursedMod:Neurasthenia"],"picked":"SKIP","floor":37},{"not_picked":["TheCursedMod:SpitefulStrike+1","TheCursedMod:CircleOfWindfury"],"picked":"TheCursedMod:RavingStaff","floor":41}],"player_experience":19761,"relics_obtained":[{"floor":9,"key":"TheCursedMod:DemonicMark"},{"floor":10,"key":"Lantern"},{"floor":11,"key":"Toy Ornithopter"},{"floor":26,"key":"Mummified Hand"},{"floor":39,"key":"Bag of Preparation"},{"floor":43,"key":"Bag of Marbles"}],"event_choices":[{"damage_healed":0,"gold_gain":0,"player_choice":"Got Potions","damage_taken":0,"max_hp_gain":0,"max_hp_loss":0,"event_name":"Lab","floor":3,"gold_loss":0},{"damage_healed":0,"gold_gain":0,"player_choice":"Ignored","damage_taken":0,"max_hp_gain":0,"max_hp_loss":0,"event_name":"Liars Game","floor":8,"gold_loss":0},{"damage_healed":0,"gold_gain":99,"player_choice":"Stole From Cult","damage_taken":0,"max_hp_gain":0,"max_hp_loss":0,"event_name":"Nest","floor":19,"gold_loss":0},{"damage_healed":0,"gold_gain":0,"player_choice":"Stole Relic","damage_taken":0,"relics_obtained":["MealTicket"],"max_hp_gain":0,"max_hp_loss":0,"event_name":"Addict","floor":27,"gold_loss":0,"cards_obtained":["Shame"]},{"damage_healed":0,"gold_gain":0,"player_choice":"Rummage","damage_taken":0,"relics_obtained":["WarpedTongs"],"max_hp_gain":0,"max_hp_loss":0,"event_name":"Accursed Blacksmith","floor":36,"gold_loss":0,"cards_obtained":["Pain"]}],"is_beta":false,"boss_relics":[{"not_picked":["Velvet Choker","Astrolabe"],"picked":"TheCursedMod:BlackMagicAdvanced"},{"not_picked":["SacredBark","Black Star"],"picked":"Coffee Dripper"}],"items_purged_floors":[20],"is_endless":false,"potions_floor_spawned":[1,12,14,21,24,33,35,37],"killed_by":"Maw","ascension_level":0}}