{"host":"qgru5siit3fz0wh9","time":1609528713,"event":{"mods":["AchievementEnabler","BaseMod","Highlight Path","Minty Spire (QoL Compilation)"],"gold_per_floor":[114,114,289,289,11,42,42,81,81,114,134,157,173,193,193,313,313,338,318,333,358,33,33,33,33],"floor_reached":24,"playtime":1103,"items_purged":["Doubt"],"score":344,"play_id":"ce7b71a7-dafc-4900-8da2-02625672ecb6","local_time":"20210101201833","is_ascension_mode":true,"campfire_choices":[{"data":"Zap","floor":7,"key":"SMITH"},{"data":"Dualcast","floor":15,"key":"SMITH"},{"data":"Capacitor","floor":23,"key":"SMITH"}],"circlet_count":0,"master_deck":["Strike_B","Strike_B","Strike_B","Strike_B","Defend_B","Defend_B","Defend_B","Defend_B","Zap+1","Dualcast+1","Conserve Battery","Sweeping Beam","Coolheaded","BootSequence","Rebound","Conserve Battery","Thunder Strike","Tempest","Ball Lightning+1","Capacitor+1"],"relics":["Cracked Core","NeowsBlessing","Golden Idol","HandDrill","Turnip","Mango","Pear","Ginger","Snecko Eye","Kunai"],"acts_visited":["Exordium","TheCity"],"potions_floor_usage":[13,18,21,21,21],"damage_taken":[{"damage":0,"enemies":"2 Louse","floor":1,"turns":1},{"damage":0,"enemies":"Lagavulin","floor":6,"turns":1},{"damage":0,"enemies":"Gremlin Nob","floor":8,"turns":1},{"damage":13,"enemies":"3 Sentries","floor":10,"turns":8},{"damage":0,"enemies":"Small Slimes","floor":11,"turns":2},{"damage":0,"enemies":"Jaw Worm","floor":12,"turns":3},{"damage":0,"enemies":"Looter","floor":13,"turns":3},{"damage":3,"enemies":"Exordium Thugs","floor":14,"turns":6},{"damage":54,"enemies":"The Guardian","floor":16,"turns":17},{"damage":0,"enemies":"Spheric Guardian","floor":18,"turns":3},{"damage":23,"enemies":"2 Thieves","floor":20,"turns":4},{"damage":21,"enemies":"3 Cultists","floor":21,"turns":5},{"damage":54,"enemies":"Book of Stabbing","floor":24,"turns":4}],"seed_played":"-4546549170154248935","potions_obtained":[{"floor":10,"key":"Block Potion"},{"floor":11,"key":"Explosive Potion"},{"floor":12,"key":"DistilledChaos"},{"floor":14,"key":"SteroidPotion"},{"floor":19,"key":"EssenceOfDarkness"},{"floor":20,"key":"Block Potion"}],"is_trial":false,"path_per_floor":["M","?","?","?","$","E","R","E","T","E","M","M","M","M","R","B",null,"M","?","M","M","$","R","E"],"character_chosen":"DEFECT","items_purchased":["HandDrill","Sweeping Beam","Capacitor","Kunai"],"campfire_rested":0,"item_purchase_floors":[5,5,22,22],"current_hp_per_floor":[75,75,75,69,69,69,69,83,93,80,80,80,80,77,77,23,93,93,93,70,49,49,49,0,0],"gold":33,"neow_bonus":"THREE_ENEMY_KILL","is_daily":false,"chose_seed":false,"campfire_upgraded":3,"win_rate":0.0,"timestamp":1609528713,"path_taken":["M","?","?","?","?","E","R","E","T","E","M","M","M","M","R","BOSS","M","?","M","M","$","R","E"],"items_purchased_type":["Relic","Card","Card","Relic"],"build_version":"2020-12-22","purchased_purges":1,"victory":false,"max_hp_per_floor":[75,75,75,69,69,69,69,83,93,93,93,93,93,93,93,93,93,93,93,93,93,93,93,93,93],"card_choices":[{"not_picked":["Force Field","Steam"],"picked":"Conserve Battery","floor":1},{"not_picked":["Barrage","Blizzard"],"picked":"Coolheaded","floor":6},{"not_picked":["Auto Shields","Amplify","Steam"],"picked":"SKIP","floor":8},{"not_picked":["Turbo","Static Discharge","Recycle"],"picked":"SKIP","floor":10},{"not_picked":["Go for the Eyes","Coolheaded"],"picked":"BootSequence","floor":11},{"not_picked":["Turbo","Sweeping Beam"],"picked":"Rebound","floor":12},{"not_picked":["Barrage","Reprogram","Steam"],"picked":"SKIP","floor":13},{"not_picked":["Reinforced Body","Recycle"],"picked":"Conserve Battery","floor":14},{"not_picked":["Multi-Cast","Machine Learning"],"picked":"Thunder Strike","floor":16},{"not_picked":["Beam Cell","Cold Snap"],"picked":"Tempest","floor":18},{"not_picked":["Redo","Coolheaded"],"picked":"Ball Lightning+1","floor":20},{"not_picked":["Go for the Eyes","Steam","Barrage+1"],"picked":"SKIP","floor":21}],"player_experience":372274,"relics_obtained":[{"floor":6,"key":"Turnip"},{"floor":8,"key":"Mango"},{"floor":9,"key":"Pear"},{"floor":10,"key":"Ginger"}],"event_choices":[{"damage_healed":0,"gold_gain":0,"player_choice":"Leave","damage_taken":0,"max_hp_gain":0,"max_hp_loss":0,"event_name":"The Cleric","floor":2,"gold_loss":0},{"damage_healed":0,"gold_gain":175,"player_choice":"AGREE","damage_taken":0,"max_hp_gain":0,"max_hp_loss":0,"event_name":"Liars Game","floor":3,"gold_loss":0,"cards_obtained":["Doubt"]},{"damage_healed":0,"gold_gain":0,"player_choice":"Lose Max HP","damage_taken":0,"relics_obtained":["Golden Idol"],"max_hp_gain":0,"max_hp_loss":6,"event_name":"Golden Idol","floor":4,"gold_loss":0},{"damage_healed":0,"gold_gain":0,"player_choice":"Bought 1 Potion","damage_taken":0,"max_hp_gain":0,"max_hp_loss":0,"event_name":"The Woman in Blue","floor":19,"gold_loss":0}],"is_beta":false,"boss_relics":[{"not_picked":["Ectoplasm","Tiny House"],"picked":"Snecko Eye"}],"items_purged_floors":[5],"is_endless":false,"potions_floor_spawned":[10,11,12,14,20],"killed_by":"Book of Stabbing","ascension_level":4}}