{"host":"oeeu8njhzvf3llor","time":1609460511,"event":{"mods":["BaseMod","Better Match","Better Note","Better Skull","Better Third Choice","Hubris","Minty Spire (QoL Compilation)","Rare Cards Sparkle","Replay The Spire","Shop Mod","Spicy Shops","StSLib","Swap Starting Deck Mod"],"gold_per_floor":[109,109,119,131,131,165,244,269,294,294,308,308,325,359,359,455,455,465,479,69,69,88,122,122,148,148,176,176,176,276,676,676,771,771,791,791,791,804,804,838,858,81,81,81,303,71,97,108,108,108,108,108,21,46,46],"floor_reached":56,"playtime":1999,"items_purged":["Strike_R","Strike_R","Defend_R","Defend_R","Defend_R","Crow Ritual"],"score":1510,"play_id":"a78e68cd-85f8-49df-ba1b-56596d85e583","local_time":"20201231192151","is_ascension_mode":true,"campfire_choices":[{"data":"True Grit","floor":10,"key":"SMITH"},{"data":"Spot Weakness","floor":12,"key":"SMITH"},{"data":"Shockwave","floor":15,"key":"SMITH"},{"data":"1","floor":24,"key":"LIFT"},{"data":"2","floor":29,"key":"LIFT"},{"data":"3","floor":32,"key":"LIFT"},{"floor":44,"key":"RECALL"},{"data":"ReplayTheSpireMod:Limb From Limb","floor":49,"key":"SMITH"},{"data":"Whirlwind","floor":52,"key":"SMITH"}],"circlet_count":0,"master_deck":["Strike_R","Strike_R","Strike_R","Defend_R","Bash+1","ReplayTheSpireMod:Strike From Hell+1","Whirlwind+1","Twin Strike","Spot Weakness+1","True Grit+1","Offering","Shockwave+1","ReplayTheSpireMod:Strike From Hell+1","Inflame","Reaper","True Grit+1","Enlightenment","Spot Weakness+1","Replay:Undeath\u0027s Touch+1","Thunderclap","Impervious","ReplayTheSpireMod:Private Reserves","The Bomb","Wild Strike","Exhume","ReplayTheSpireMod:Strike From Hell+1","ReplayTheSpireMod:Limb From Limb+1","Cleave"],"relics":["Burning Blood","Garlic","Paper Frog","Bag of Marbles","ReplayTheSpireMod:TigerMarble","Girya","Onion Ring","Orichalcum","Replay:Wax Seal","Bird Faced Urn","hubris:Metronome","hubris:BlackHole","hubris:Icosahedron","hubris:Towel","ReplayTheSpireMod:Spearhead","MerchantsRug","Unceasing Top","Replay:Bottled Eggs","Self Forming Clay"],"acts_visited":["Exordium","TheCity","TheBeyond","TheEnding"],"potions_floor_usage":[18,19,31,40,55],"damage_taken":[{"damage":0,"enemies":"2 Louse","floor":1,"turns":3},{"damage":8,"enemies":"Jaw Worm","floor":3,"turns":3},{"damage":0,"enemies":"Small Slimes","floor":4,"turns":2},{"damage":21,"enemies":"Lagavulin","floor":6,"turns":5},{"damage":14,"enemies":"3 Sentries","floor":8,"turns":5},{"damage":6,"enemies":"2 Fungi Beasts","floor":11,"turns":3},{"damage":6,"enemies":"Blue Slaver","floor":13,"turns":3},{"damage":10,"enemies":"Replay:BlueRogue","floor":14,"turns":6},{"damage":21,"enemies":"The Guardian","floor":16,"turns":8},{"damage":15,"enemies":"Spheric Guardian","floor":18,"turns":3},{"damage":18,"enemies":"Shell Parasite","floor":19,"turns":5},{"damage":10,"enemies":"Centurion and Healer","floor":22,"turns":5},{"damage":6,"enemies":"Gremlin Leader","floor":23,"turns":6},{"damage":13,"enemies":"Slavers","floor":25,"turns":2},{"damage":21,"enemies":"Gremlin Leader","floor":27,"turns":4},{"damage":14,"enemies":"Colosseum Slavers","floor":31,"turns":4},{"damage":0,"enemies":"Colosseum Nobs","floor":31,"turns":1},{"damage":42,"enemies":"Automaton","floor":33,"turns":5},{"damage":9,"enemies":"3 Shapes","floor":35,"turns":1},{"damage":0,"enemies":"Orb Walker","floor":38,"turns":2},{"damage":6,"enemies":"Nemesis","floor":40,"turns":1},{"damage":0,"enemies":"Sphere and 2 Shapes","floor":41,"turns":1},{"damage":6,"enemies":"R_Hoarder","floor":47,"turns":2},{"damage":0,"enemies":"3 Darklings","floor":48,"turns":1},{"damage":0,"enemies":"hubris:GrandSnecko","floor":50,"turns":1},{"damage":0,"enemies":"Shield and Spear","floor":54,"turns":1},{"damage":62,"enemies":"The Heart","floor":55,"turns":4}],"seed_played":"-166576680413402228","potions_obtained":[{"floor":1,"key":"Regen Potion"},{"floor":3,"key":"GamblersBrew"},{"floor":8,"key":"LiquidMemories"},{"floor":16,"key":"DistilledChaos"},{"floor":18,"key":"FearPotion"},{"floor":25,"key":"DuplicationPotion"},{"floor":31,"key":"Elixir"},{"floor":40,"key":"Fruit Juice"},{"floor":47,"key":"LifebloodPotion"}],"is_trial":false,"path_per_floor":["M","?","M","M","T","E","T","E","T","R","M","R","M","E","R","B",null,"M","M","$","?","M","E","R","E","T","E","?","R","?","?","R","B",null,"M","?","?","M","?","E","M","$","T","R","?","$","E","M","R","B",null,"R","$","E","B",null],"character_chosen":"IRONCLAD","items_purchased":["Onion Ring","Enlightenment","MerchantsRug","ReplayTheSpireMod:Strike From Hell","Unceasing Top","Crow Ritual"],"campfire_rested":0,"item_purchase_floors":[20,20,42,42,42,42],"current_hp_per_floor":[80,80,78,80,80,65,65,57,57,57,57,57,57,53,53,38,80,71,61,61,61,57,72,72,65,65,80,80,80,80,78,78,44,80,77,77,72,78,78,83,85,85,85,85,67,67,69,77,77,83,85,85,85,85,34],"gold":46,"neow_bonus":"THREE_CARDS","is_daily":false,"chose_seed":false,"campfire_upgraded":5,"win_rate":0.0,"timestamp":1609460511,"path_taken":["M","?","M","M","?","E","?","E","T","R","M","R","M","E","R","BOSS","M","M","$","?","M","E","R","E","T","E","?","R","?","?","R","BOSS","M","?","?","M","?","E","M","$","T","R","?","$","E","M","R","BOSS","R","$","E","BOSS"],"items_purchased_type":["Relic","Card","Relic","Card","Relic","Card"],"build_version":"2020-12-22","purchased_purges":6,"victory":true,"max_hp_per_floor":[80,80,80,80,80,80,80,80,80,80,80,80,80,80,80,80,80,80,80,80,80,80,80,80,80,80,80,80,80,80,80,80,80,80,80,80,80,80,80,85,85,85,85,85,85,85,85,85,85,85,85,85,85,85,85],"card_choices":[{"not_picked":["Rage","Perfected Strike"],"picked":"ReplayTheSpireMod:Strike From Hell","floor":0},{"not_picked":["Bloodletting","Armaments"],"picked":"Whirlwind","floor":1},{"not_picked":["Heavy Blade","Flex"],"picked":"Twin Strike","floor":3},{"not_picked":["hubris:SharpeningStone","Perfected Strike"],"picked":"Spot Weakness","floor":4},{"not_picked":["Iron Wave","Fire Breathing"],"picked":"True Grit","floor":6},{"not_picked":["ReplayReversal","Infernal Blade"],"picked":"Offering","floor":8},{"not_picked":["Run Through","Perfected Strike"],"picked":"Shockwave","floor":11},{"not_picked":["Thunderclap","Sentinel"],"picked":"ReplayTheSpireMod:Strike From Hell","floor":13},{"not_picked":["Wild Strike","Pommel Strike"],"picked":"Inflame","floor":14},{"not_picked":["Offering","Replay:Many Hands"],"picked":"Reaper","floor":16},{"not_picked":["Second Wind","Warcry"],"picked":"True Grit+1","floor":18},{"not_picked":["Wild Strike","Perfected Strike","Clash"],"picked":"SKIP","floor":19},{"not_picked":["Run Through","Shockwave+1","Headbutt"],"picked":"SKIP","floor":22},{"not_picked":["Replay:Many Hands","Dark Embrace","Entrench+1"],"picked":"SKIP","floor":23},{"not_picked":["True Grit+1","Headbutt"],"picked":"Replay:Undeath\u0027s Touch","floor":25},{"not_picked":["Clash","Warcry","Blood for Blood"],"picked":"SKIP","floor":27},{"not_picked":["Rampage","True Grit"],"picked":"Thunderclap","floor":31},{"not_picked":["Eclipse","Replay:Many Hands"],"picked":"Impervious","floor":33},{"not_picked":["Perfected Strike","Warcry+1","hubris:ReadiedAction+1"],"picked":"SKIP","floor":35},{"not_picked":["Madness","Replay:Bootleg Shield Generator"],"picked":"ReplayTheSpireMod:Private Reserves","floor":37},{"not_picked":["Blind","Finesse"],"picked":"The Bomb","floor":37},{"not_picked":["Twin Strike+1","Thunderclap+1"],"picked":"Wild Strike","floor":38},{"not_picked":["hubris:ReadiedAction+1","Run Through+1","Eclipse"],"picked":"SKIP","floor":40},{"not_picked":["Perfected Strike","Dual Wield+1"],"picked":"Exhume","floor":41},{"not_picked":["Twin Strike+1","Second Wind+1"],"picked":"ReplayTheSpireMod:Limb From Limb","floor":47},{"not_picked":["Twin Strike","Wild Strike"],"picked":"Cleave","floor":48},{"not_picked":["Metallicize","Power Through","Warcry"],"picked":"SKIP","floor":54}],"player_experience":482716,"relics_obtained":[{"floor":5,"key":"Pet Ghost"},{"floor":6,"key":"WingedGreaves"},{"floor":7,"key":"Garlic"},{"floor":8,"key":"Paper Frog"},{"floor":9,"key":"Bag of Marbles"},{"floor":14,"key":"ReplayTheSpireMod:TigerMarble"},{"floor":23,"key":"Orichalcum"},{"floor":25,"key":"Replay:Wax Seal"},{"floor":26,"key":"Du-Vu Doll"},{"floor":27,"key":"Bird Faced Urn"},{"floor":31,"key":"Old Coin"},{"floor":31,"key":"hubris:Metronome"},{"floor":40,"key":"ReplayTheSpireMod:Spearhead"},{"floor":47,"key":"Replay:Bottled Eggs"},{"floor":54,"key":"Self Forming Clay"}],"event_choices":[{"damage_healed":0,"gold_gain":0,"player_choice":"Copied","damage_taken":0,"max_hp_gain":0,"max_hp_loss":0,"event_name":"Duplicator","floor":21,"gold_loss":0,"cards_obtained":["Spot Weakness"]},{"damage_healed":0,"gold_gain":0,"player_choice":"Upgraded","damage_taken":0,"max_hp_gain":0,"max_hp_loss":0,"event_name":"Upgrade Shrine","floor":28,"gold_loss":0,"cards_upgraded":["Replay:Undeath\u0027s Touch"]},{"damage_healed":0,"gold_gain":100,"player_choice":"Pray","damage_taken":0,"max_hp_gain":0,"max_hp_loss":0,"event_name":"Golden Shrine","floor":30,"gold_loss":0},{"damage_healed":0,"gold_gain":0,"player_choice":"Fight","damage_taken":0,"max_hp_gain":0,"max_hp_loss":0,"event_name":"Colosseum","floor":31,"gold_loss":0},{"damage_healed":0,"gold_gain":0,"player_choice":"Fought Nobs","damage_taken":0,"max_hp_gain":0,"max_hp_loss":0,"event_name":"Colosseum","floor":31,"gold_loss":0},{"damage_healed":0,"gold_gain":0,"player_choice":"Memory 2","damage_taken":5,"max_hp_gain":0,"max_hp_loss":0,"event_name":"SensoryStone","floor":37,"gold_loss":0},{"damage_healed":0,"gold_gain":222,"player_choice":"GO GO ","damage_taken":20,"relics_obtained":[],"max_hp_gain":0,"max_hp_loss":0,"event_name":"betterSkull:BetterSkull","floor":45,"gold_loss":0,"cards_upgraded":[]}],"is_beta":false,"boss_relics":[{"not_picked":["Velvet Choker","hubris:ScarierMask"],"picked":"hubris:Backtick"},{"not_picked":["Runic Cube","Philosopher\u0027s Stone"],"picked":"hubris:BlackHole"}],"items_purged_floors":[20,42,42,46,46,53],"is_endless":false,"potions_floor_spawned":[1,3,8,13,16,18,25,27,31,31,40,47,48],"ascension_level":1}}