{"host":"tfkz8stxzb1up54p","time":1609496967,"event":{"mods":["AchievementEnabler","BaseMod","Better Note","Block Reminder","Colored Powertips","Curses Come First","Disable Question Mark Monsters","Displayed Cursed Tome","Emptier Cage","Gold Saver","Gremlin Skip","Highlight Path","Minty Spire (QoL Compilation)","Permanent Neow","StSLib"],"gold_per_floor":[983,465,480,495,510,540,540,570,570,572,602,602,632,382,382,482,482,497,497,412,427,84,114,114,144,144,144,159,189,39,54,54,154,154,189,289,304,319,334,364,379,379,379,409,409,409,424,454,454,454],"floor_reached":51,"playtime":6068,"items_purged":["Grand Finale","Tools of the Trade","Wraith Form v2"],"score":973,"play_id":"6e5d699d-b651-4b0e-8d7a-aa6a46a2228e","local_time":"20210101102927","daily_mods":["Shiny","ControlledChaos","Elite Swarm"],"is_ascension_mode":false,"campfire_choices":[{"data":"Storm of Steel","floor":7,"key":"SMITH"},{"data":"Venomology","floor":12,"key":"SMITH"},{"data":"Venomology","floor":15,"key":"SMITH"},{"data":"Malaise","floor":24,"key":"SMITH"},{"data":"Doppelganger","floor":27,"key":"SMITH"},{"data":"Catalyst","floor":32,"key":"SMITH"},{"floor":42,"key":"REST"},{"floor":46,"key":"REST"},{"floor":49,"key":"REST"}],"circlet_count":0,"master_deck":["Venomology+1","Corpse Explosion","Malaise+1","Phantasmal Killer","Die Die Die","Adrenaline","Envenom","Doppelganger+1","Burst","Night Terror+1","Unload","After Image","Bullet Time","Storm of Steel+1","Glass Knife","A Thousand Cuts","Setup+1","Swift Strike","Backflip","Slice","Backflip","Slice","Storm of Steel","Poisoned Stab","Venomology+1","A Thousand Cuts","Slice","Deflect+1","Bane+1","Caltrops","Footwork","Terror+1","Bullet Time","Catalyst+1","Catalyst+1","Bane+1","Adrenaline"],"relics":["Ring of the Snake","Frozen Eye","MealTicket","War Paint","Prayer Wheel","PreservedInsect","Orichalcum","Odd Mushroom","Snake Skull","Strawberry","Bag of Preparation","Nilry\u0027s Codex","Pen Nib","Bronze Scales","Singing Bowl","Happy Flower","White Beast Statue","Question Card","DollysMirror","SacredBark","Shuriken","Lizard Tail","Potion Belt","Gremlin Horn"],"acts_visited":["Exordium","TheCity","TheBeyond"],"potions_floor_usage":[3,4,5,6,8,11,13,13,13,16,16,16,18,18,21,21,23,23,25,25,25,29,31,31,33,33,33,33,33,33,33,33,35,35,38,38,39,39,40,40,41,41,47,47,48,48,48,50,50,50,50,50],"damage_taken":[{"damage":3,"enemies":"Cultist","floor":1,"turns":3},{"damage":8,"enemies":"Small Slimes","floor":3,"turns":3},{"damage":0,"enemies":"2 Louse","floor":4,"turns":2},{"damage":2,"enemies":"Blue Slaver","floor":5,"turns":2},{"damage":0,"enemies":"3 Sentries","floor":6,"turns":3},{"damage":8,"enemies":"Lagavulin","floor":8,"turns":3},{"damage":0,"enemies":"The Mushroom Lair","floor":10,"turns":2},{"damage":0,"enemies":"Gremlin Nob","floor":11,"turns":3},{"damage":0,"enemies":"3 Sentries","floor":13,"turns":2},{"damage":2,"enemies":"Hexaghost","floor":16,"turns":5},{"damage":0,"enemies":"Chosen","floor":18,"turns":2},{"damage":0,"enemies":"3 Byrds","floor":21,"turns":2},{"damage":6,"enemies":"Gremlin Leader","floor":23,"turns":4},{"damage":5,"enemies":"Book of Stabbing","floor":25,"turns":2},{"damage":3,"enemies":"Centurion and Healer","floor":28,"turns":2},{"damage":8,"enemies":"Gremlin Leader","floor":29,"turns":2},{"damage":0,"enemies":"3 Cultists","floor":31,"turns":2},{"damage":28,"enemies":"Automaton","floor":33,"turns":6},{"damage":2,"enemies":"3 Darklings","floor":35,"turns":4},{"damage":0,"enemies":"3 Shapes","floor":37,"turns":1},{"damage":29,"enemies":"Spire Growth","floor":38,"turns":3},{"damage":11,"enemies":"Maw","floor":39,"turns":5},{"damage":0,"enemies":"Nemesis","floor":40,"turns":1},{"damage":6,"enemies":"Jaw Worm Horde","floor":41,"turns":2},{"damage":54,"enemies":"Reptomancer","floor":44,"turns":4},{"damage":0,"enemies":"Transient","floor":47,"turns":5},{"damage":6,"enemies":"Giant Head","floor":48,"turns":5},{"damage":32,"enemies":"Awakened One","floor":50,"turns":8}],"seed_played":"-2495295926900846280","potions_obtained":[{"floor":3,"key":"AttackPotion"},{"floor":6,"key":"Fire Potion"},{"floor":8,"key":"SteroidPotion"},{"floor":11,"key":"SpeedPotion"},{"floor":13,"key":"PowerPotion"},{"floor":21,"key":"SmokeBomb"},{"floor":25,"key":"SkillPotion"},{"floor":28,"key":"SpeedPotion"},{"floor":29,"key":"DistilledChaos"},{"floor":31,"key":"DuplicationPotion"},{"floor":33,"key":"Swift Potion"},{"floor":35,"key":"SmokeBomb"},{"floor":37,"key":"PowerPotion"},{"floor":38,"key":"Ancient Potion"},{"floor":39,"key":"GhostInAJar"},{"floor":40,"key":"FairyPotion"},{"floor":41,"key":"Ancient Potion"},{"floor":44,"key":"GamblersBrew"},{"floor":47,"key":"PowerPotion"},{"floor":48,"key":"Fire Potion"}],"is_trial":false,"path_per_floor":["M","$","M","M","M","E","R","E","T","?","E","R","E","$","R","B",null,"M","?","?","M","$","E","R","E","T","R","M","E","$","M","R","B",null,"M","?","M","M","M","E","M","R","T","E","?","R","M","E","R","B",null],"character_chosen":"THE_SILENT","items_purchased":["Swift Strike","Backflip","MealTicket","War Paint","Bag of Preparation","Bronze Scales","Caltrops","DollysMirror"],"campfire_rested":3,"item_purchase_floors":[2,2,2,2,14,22,22,30],"current_hp_per_floor":[67,67,59,59,57,57,57,49,49,49,49,49,56,71,71,69,77,77,61,61,61,76,72,72,69,69,69,66,60,75,77,77,51,87,89,89,91,64,57,57,55,85,85,33,33,64,68,64,97,65],"gold":454,"neow_bonus":"","is_daily":true,"chose_seed":false,"campfire_upgraded":6,"win_rate":0.0,"timestamp":1609496967,"path_taken":["M","$","M","?","M","E","R","E","T","?","E","R","E","$","R","BOSS","M","?","?","M","$","E","R","E","T","R","M","E","?","M","R","BOSS","M","?","M","?","M","E","M","R","T","E","?","R","M","E","R","BOSS"],"items_purchased_type":["Card","Card","Relic","Relic","Relic","Relic","Card","Relic"],"build_version":"2020-12-22","purchased_purges":3,"victory":true,"max_hp_per_floor":[70,70,70,70,70,70,70,70,70,70,70,70,77,77,77,77,77,77,77,77,77,77,79,79,81,81,81,81,83,83,85,85,87,87,91,91,93,95,99,99,103,103,103,105,105,105,109,111,111,111],"card_choices":[{"not_picked":["Dagger Spray","Underhanded Strike"],"picked":"Setup","floor":1},{"not_picked":["Escape Plan","Poisoned Stab"],"picked":"Slice","floor":3},{"not_picked":["Bane","Flying Knee"],"picked":"Backflip","floor":4},{"not_picked":["Crippling Poison","Terror"],"picked":"Slice","floor":5},{"not_picked":["Burst","Unload","Grand Finale"],"picked":"SKIP","floor":6},{"not_picked":["Burst","Night Terror"],"picked":"Storm of Steel","floor":8},{"not_picked":["Skewer","Acrobatics"],"picked":"Poisoned Stab","floor":10},{"not_picked":["Doppelganger","Phantasmal Killer"],"picked":"Venomology","floor":11},{"not_picked":["Glass Knife","Bullet Time"],"picked":"A Thousand Cuts","floor":13},{"not_picked":["Crippling Poison","Bane"],"picked":"Slice","floor":18},{"not_picked":["Blade Dance","Expertise","Reflex"],"picked":"SKIP","floor":18},{"not_picked":["Acrobatics","All Out Attack"],"picked":"Deflect+1","floor":21},{"not_picked":["Quick Slash","Blade Dance"],"picked":"Bane+1","floor":21},{"not_picked":["Corpse Explosion","Malaise","Envenom"],"picked":"Singing Bowl","floor":23},{"not_picked":["Unload","Burst","Envenom"],"picked":"Singing Bowl","floor":25},{"not_picked":["Flying Knee+1","Slice"],"picked":"Footwork","floor":28},{"not_picked":["Deflect","Heel Hook"],"picked":"Terror+1","floor":28},{"not_picked":["Venomology","After Image","Burst"],"picked":"Singing Bowl","floor":29},{"not_picked":["PiercingWail","Outmaneuver","Underhanded Strike","Choke"],"picked":"Singing Bowl","floor":31},{"not_picked":["Dash","Deadly Poison+1","Prepared"],"picked":"Catalyst","floor":31},{"not_picked":["Wraith Form v2","Burst","Night Terror","Grand Finale"],"picked":"Singing Bowl","floor":33},{"not_picked":["Dodge and Roll+1","Slice","Accuracy","Flying Knee+1"],"picked":"Singing Bowl","floor":35},{"not_picked":["Tools of the Trade","PiercingWail","Eviscerate","Prepared+1"],"picked":"Singing Bowl","floor":35},{"not_picked":["Underhanded Strike","PiercingWail+1","Dagger Spray","Poisoned Stab"],"picked":"Singing Bowl","floor":37},{"not_picked":["Blade Dance+1","Poisoned Stab+1","Dagger Spray+1"],"picked":"Catalyst+1","floor":37},{"not_picked":["Blur","Escape Plan+1","Flechettes+1"],"picked":"Bane+1","floor":38},{"not_picked":["Slice","Accuracy","Tools of the Trade","Outmaneuver+1"],"picked":"Singing Bowl","floor":38},{"not_picked":["Infinite Blades+1","Underhanded Strike+1","Bane","Backstab+1"],"picked":"Singing Bowl","floor":39},{"not_picked":["Masterful Stab","Footwork+1","Underhanded Strike+1","Outmaneuver"],"picked":"Singing Bowl","floor":39},{"not_picked":["Venomology","Bullet Time","Wraith Form v2"],"picked":"Adrenaline","floor":40},{"not_picked":["Bane+1","PiercingWail+1","Flying Knee","Outmaneuver"],"picked":"Singing Bowl","floor":41},{"not_picked":["Flying Knee+1","Quick Slash","Bane","Phantasmal Killer"],"picked":"Singing Bowl","floor":41},{"not_picked":["Malaise","Wraith Form v2","Doppelganger","Night Terror"],"picked":"Singing Bowl","floor":44},{"not_picked":["Escape Plan+1","Deflect","Noxious Fumes","Dodge and Roll+1"],"picked":"Singing Bowl","floor":47},{"not_picked":["Prepared+1","PiercingWail","Footwork+1","All Out Attack+1"],"picked":"Singing Bowl","floor":47},{"not_picked":["Die Die Die","Glass Knife","Envenom","Doppelganger"],"picked":"Singing Bowl","floor":48}],"player_experience":1286539,"relics_obtained":[{"floor":6,"key":"Prayer Wheel"},{"floor":8,"key":"PreservedInsect"},{"floor":9,"key":"Orichalcum"},{"floor":10,"key":"Odd Mushroom"},{"floor":11,"key":"Snake Skull"},{"floor":13,"key":"Strawberry"},{"floor":23,"key":"Singing Bowl"},{"floor":25,"key":"Happy Flower"},{"floor":26,"key":"White Beast Statue"},{"floor":29,"key":"Question Card"},{"floor":40,"key":"Shuriken"},{"floor":43,"key":"Lizard Tail"},{"floor":44,"key":"Potion Belt"},{"floor":48,"key":"Gremlin Horn"}],"event_choices":[{"damage_healed":0,"gold_gain":0,"player_choice":"Fought Mushrooms","damage_taken":0,"max_hp_gain":0,"max_hp_loss":0,"event_name":"Mushrooms","floor":10,"gold_loss":0},{"damage_healed":0,"gold_gain":0,"player_choice":"Obtained Book","damage_taken":16,"max_hp_gain":0,"max_hp_loss":0,"event_name":"Cursed Tome","floor":19,"gold_loss":0},{"damage_healed":0,"gold_gain":0,"player_choice":"Obtained Relic","damage_taken":0,"relics_obtained":["Pen Nib"],"max_hp_gain":0,"max_hp_loss":0,"event_name":"Addict","floor":20,"gold_loss":85},{"damage_healed":0,"gold_gain":100,"player_choice":"Pray","damage_taken":0,"max_hp_gain":0,"max_hp_loss":0,"event_name":"Golden Shrine","floor":36,"gold_loss":0},{"damage_healed":0,"gold_gain":0,"player_choice":"Ignored","damage_taken":0,"max_hp_gain":0,"max_hp_loss":0,"event_name":"Mysterious Sphere","floor":45,"gold_loss":0}],"is_beta":false,"boss_relics":[{"not_picked":["Snecko Eye","Velvet Choker","Coffee Dripper"]},{"not_picked":["Sozu","Empty Cage"],"picked":"SacredBark"}],"items_purged_floors":[2,14,22],"is_endless":false,"potions_floor_spawned":[3,6,8,11,13,21,25,28,29,31,33,35,37,38,39,40,41,44,47,48],"ascension_level":0}}