{"host":"cjczijzq2n4uvi0v","time":1609472309,"event":{"mods":["2.2 Compatiblity","Act Like it!","Aspiration","Astrologer","BaseMod","BetterRewards","Challenge The Spire","Colored Map","Colored Powertips","Conspire","Elementarium","Gensokyo","GifTheSpireLib","GungeonMod","Halation","Hallownest","Highlight Path","Hubris","Infinite Spire","Jorbs\u0027s Wanderer Trilogy","Lobotomy","Mimic Mod","Minty Spire (QoL Compilation)","Pale of the Ancients","Permanent Neow","Rare Cards Sparkle","Replay The Spire","Shop Mod","Spikes Relics","StSLib","Stuff the Spire","The Animator","The Bug Knight","The Construct","The Disciple","The Factory","The Jungle","The Problem Sleuth","Unknown Chances","Wandering Minibosses"],"gold_per_floor":[111,111,111,148,160,160,160],"floor_reached":6,"playtime":243,"items_purged":[],"score":34,"play_id":"e3af5256-1b2f-451b-a08d-07ccf10807a1","local_time":"20210101033829","is_ascension_mode":false,"campfire_choices":[],"circlet_count":0,"master_deck":["Strike_B","Strike_B","Strike_B","Strike_B","Defend_B","Defend_B","Defend_B","Defend_B","Zap","Dualcast","Time Bomb","ReplayTheSpireMod:Calculation Training","Writhe","Doubt","aspiration:Polymerization","Sweeping Beam"],"relics":["Cracked Core","Lantern","Prayer Wheel","DemoMod:GlassGuonStoneRelic"],"acts_visited":["Hallownest:Greenpath"],"potions_floor_usage":[],"damage_taken":[{"damage":8,"enemies":"Hallownest:monsterHuskWarrior","floor":1,"turns":3},{"damage":45,"enemies":"conspire:MimicChest","floor":4,"turns":7},{"damage":15,"enemies":"Hallownest:2_Tiktiks_and_1_Crawlid","floor":5,"turns":4},{"damage":0,"enemies":"Hallownest:eliteMossKnight","floor":6,"turns":1}],"seed_played":"-8308809647994074625","potions_obtained":[{"floor":5,"key":"Strength Potion"}],"is_trial":false,"path_per_floor":["M","?","?","?","M","E"],"character_chosen":"DEFECT","items_purchased":[],"campfire_rested":0,"item_purchase_floors":[],"current_hp_per_floor":[67,76,76,31,16,16,16],"gold":160,"neow_bonus":"THREE_CARDS","is_daily":false,"chose_seed":false,"campfire_upgraded":0,"win_rate":0.0,"timestamp":1609472309,"path_taken":["M","?","?","?","M","E"],"items_purchased_type":[],"build_version":"2020-12-22","purchased_purges":0,"victory":false,"max_hp_per_floor":[75,84,84,84,84,84,84],"card_choices":[{"not_picked":["Coolheaded","Redo"],"picked":"Time Bomb","floor":0},{"not_picked":["StuffTheSpire:Plugnplay","Glacier"],"picked":"ReplayTheSpireMod:Calculation Training","floor":1},{"not_picked":["conspire:Rain","Stack"],"picked":"ReplayTheSpireMod:Fabricate Wheel","floor":4},{"not_picked":["Cold Snap","Beam Cell"],"picked":"aspiration:Polymerization","floor":5},{"not_picked":["Conserve Battery","ReplayTheSpireMod:System Scan"],"picked":"Sweeping Beam","floor":5}],"player_experience":32809,"relics_obtained":[{"floor":4,"key":"Lantern"}],"event_choices":[],"is_beta":false,"boss_relics":[],"items_purged_floors":[],"is_endless":false,"potions_floor_spawned":[5],"killed_by":"Hallownest:eliteMossKnight","ascension_level":0}}