{"host":"ko4b5atusvmax52d","time":1609508661,"event":{"mods":["AchievementEnabler","Act Like it!","Aspiration","BaseMod","Better Third Choice","BetterRewards","Friendly Minions","Hermit","Hubris","Infinite Spire","Koishi","Marisa????????","Minty Spire (QoL Compilation)","Rare Cards Sparkle","Replay The Spire","Shade Mod","Spicy Shops","StSLib","SuperFastMode","The Animator","The Bug Knight","The Wild Card","Wandering Minibosses","vexMod"],"gold_per_floor":[113,137,137,156,169,169,169,169],"floor_reached":7,"playtime":257,"items_purged":[],"score":43,"play_id":"1c2ffeab-43fe-46e4-afee-cfd9be95b385","local_time":"20210101144421","is_ascension_mode":false,"campfire_choices":[{"data":"animator:Aqua","floor":6,"key":"SMITH"}],"circlet_count":0,"master_deck":["animator:Strike_AccelWorld","animator:Defend_AccelWorld","animator:Strike","animator:Strike","animator:Strike","animator:Defend","animator:Defend","animator:Kuroyukihime","animator:LimeBell","animator:TukaLunaMarceau","animator:Kazuma","animator:Gillette","animator:Aqua+1"],"relics":["animator:LivingPicture","animator:TheMissingPiece","animator:PurgingStone","NeowsBlessing"],"acts_visited":["Exordium"],"potions_floor_usage":[7],"damage_taken":[{"damage":0,"enemies":"Small Slimes","floor":1,"turns":1},{"damage":0,"enemies":"Cultist","floor":2,"turns":1},{"damage":0,"enemies":"Jaw Worm","floor":4,"turns":1},{"damage":20,"enemies":"Large Slime","floor":5,"turns":8},{"damage":54,"enemies":"Gremlin Nob","floor":7,"turns":5}],"seed_played":"-6071782067591285938","potions_obtained":[{"floor":4,"key":"SteroidPotion"},{"floor":5,"key":"ColorlessPotion"}],"is_trial":false,"path_per_floor":["M","M","?","M","M","R","E"],"character_chosen":"THE_ANIMATOR","items_purchased":[],"campfire_rested":0,"item_purchase_floors":[],"current_hp_per_floor":[66,66,66,66,47,47,0,0],"gold":169,"neow_bonus":"THREE_ENEMY_KILL","is_daily":false,"chose_seed":false,"campfire_upgraded":1,"win_rate":0.0,"timestamp":1609508661,"path_taken":["M","M","?","M","?","R","E"],"items_purchased_type":[],"build_version":"2020-12-22","purchased_purges":0,"victory":false,"max_hp_per_floor":[66,66,66,66,67,67,67,67],"card_choices":[{"not_picked":["animator:Shalltear","animator:FielNirvalen"],"picked":"animator:TukaLunaMarceau","floor":1},{"not_picked":["animator:ChlammyZell","animator:TukaLunaMarceau"],"picked":"animator:Kazuma","floor":2},{"not_picked":["animator:ChlammyZell","animator:CrowleyEusford"],"picked":"animator:Gillette","floor":4},{"not_picked":["animator:Vanir","animator:Darkness"],"picked":"animator:Aqua","floor":5}],"player_experience":260892,"relics_obtained":[],"event_choices":[{"cards_removed":["animator:Defend"],"damage_healed":0,"gold_gain":0,"player_choice":"Offered Basic","damage_taken":0,"max_hp_gain":0,"max_hp_loss":0,"event_name":"Bonfire Elementals","floor":3,"gold_loss":0}],"is_beta":false,"boss_relics":[],"items_purged_floors":[],"is_endless":false,"potions_floor_spawned":[4,5],"killed_by":"Gremlin Nob","ascension_level":0}}