{"host":"tmf10eeko6je6wes","time":1609468673,"event":{"mods":["AchievementEnabler","BaseMod","Better Altar","Better Match","Better Note","Better Sensory Stone","Better Skull","Better Third Choice","Colored Map","Colored Powertips","Curses Come First","DeckTracker","Highlight Path","Minty Spire (QoL Compilation)","Permanent Neow","Quick Restart","Relic Sorter","Relic Stats","Shop Mod","StSLib","SuperFastMode","Synergy Search"],"gold_per_floor":[19,94,94,106,121,121,34,48,71,82,96,96,108,126,126,126,126],"floor_reached":16,"playtime":712,"items_purged":[],"score":96,"play_id":"9559614e-f91e-4caf-b168-a0f6f8c86595","local_time":"20201231213753","is_ascension_mode":false,"campfire_choices":[{"data":"Adaptation","floor":6,"key":"SMITH"},{"floor":12,"key":"REST"},{"floor":15,"key":"REST"}],"circlet_count":0,"master_deck":["Strike_P","Strike_P","Strike_P","Strike_P","Defend_P","Defend_P","Defend_P","Defend_P","Eruption","Vigilance","Adaptation+1","Consecrate","WheelKick","PathToVictory","Perseverance","EmptyBody","SignatureMove","Establishment","BowlingBash","Protect"],"relics":["PureWater","Torii","Orichalcum"],"acts_visited":["Exordium"],"potions_floor_usage":[16,16,16],"damage_taken":[{"damage":0,"enemies":"2 Louse","floor":1,"turns":3},{"damage":1,"enemies":"Cultist","floor":4,"turns":3},{"damage":0,"enemies":"Small Slimes","floor":5,"turns":2},{"damage":1,"enemies":"Exordium Wildlife","floor":8,"turns":3},{"damage":7,"enemies":"2 Fungi Beasts","floor":10,"turns":4},{"damage":4,"enemies":"Lots of Slimes","floor":11,"turns":6},{"damage":1,"enemies":"Large Slime","floor":13,"turns":4},{"damage":23,"enemies":"Exordium Thugs","floor":14,"turns":5},{"damage":67,"enemies":"Hexaghost","floor":16,"turns":7}],"seed_played":"-3855206231103962013","potions_obtained":[{"floor":1,"key":"ColorlessPotion"},{"floor":5,"key":"SpeedPotion"},{"floor":10,"key":"CultistPotion"},{"floor":14,"key":"Weak Potion"}],"is_trial":false,"path_per_floor":["M","?","?","M","M","R","$","M","T","M","M","R","M","M","R","B"],"character_chosen":"WATCHER","items_purchased":["PathToVictory","Perseverance"],"campfire_rested":2,"item_purchase_floors":[7,7],"current_hp_per_floor":[72,61,61,60,60,60,60,59,59,52,48,69,68,45,66,0,0],"gold":126,"neow_bonus":"ONE_RARE_RELIC","is_daily":false,"chose_seed":false,"campfire_upgraded":1,"win_rate":0.0,"timestamp":1609468673,"path_taken":["M","?","?","M","M","R","$","?","T","M","M","R","M","M","R","BOSS"],"items_purchased_type":["Card","Card"],"build_version":"2020-12-22","purchased_purges":0,"victory":false,"max_hp_per_floor":[72,72,72,72,72,72,72,72,72,72,72,72,72,72,72,72,72],"relic_stats":{"Torii":20,"counters":[9,37],"Orichalcum":[24],"obtain_stats":[{"Torii":0,"PureWater":0,"Orichalcum":9},{"Torii":0,"PureWater":0,"Orichalcum":4},{"Torii":0,"PureWater":0,"Orichalcum":11}]},"card_choices":[{"not_picked":["WaveOfTheHand","CutThroughFate"],"picked":"Adaptation","floor":1},{"not_picked":["SashWhip","Fasting2"],"picked":"Consecrate","floor":4},{"not_picked":["ClearTheMind","Vengeance"],"picked":"WheelKick","floor":5},{"not_picked":["EmptyFist","FlurryOfBlows"],"picked":"EmptyBody","floor":8},{"not_picked":["EmptyBody","CutThroughFate"],"picked":"SignatureMove","floor":10},{"not_picked":["Prostrate","Wireheading"],"picked":"Establishment","floor":11},{"not_picked":["FollowUp","CrushJoints"],"picked":"BowlingBash","floor":13},{"not_picked":["Meditate","Consecrate"],"picked":"Protect","floor":14}],"player_experience":39989,"relics_obtained":[{"floor":9,"key":"Orichalcum"}],"event_choices":[{"damage_healed":0,"gold_gain":75,"player_choice":"Gold","damage_taken":11,"max_hp_gain":0,"max_hp_loss":0,"event_name":"betterThird:BetterGoop","floor":2,"gold_loss":0},{"damage_healed":0,"gold_gain":0,"player_choice":"Ignored","damage_taken":0,"max_hp_gain":0,"max_hp_loss":0,"event_name":"Purifier","floor":3,"gold_loss":0}],"is_beta":false,"boss_relics":[],"items_purged_floors":[],"is_endless":false,"potions_floor_spawned":[1,5,10,14],"killed_by":"Hexaghost","ascension_level":0}}