{"host":"68ryiucqar8jyfi2","time":1609527024,"event":{"mods":["2.2 Compatiblity","Act Like it!","Aspiration","BaseMod","Better Match","Better Note","Better Skull","Better Third Choice","CCEM","CapriCore","Curses Come First","Defuse TimeMaze Blight","Displayed Cursed Tome","Emptier Cage","Energized Spire","Friendly Minions","GifTheSpireLib","HexUI Lib","Hubris","Hyrulean Relics","Infinite Spire","Minty Spire (QoL Compilation)","Permanent Neow","RNG Fix","Replay The Spire","Robot Space Explorer","StSLib","Stuff the Spire","The Blue Laboratory","Trackpad","Transform Curses","Uncapped","Wandering Minibosses"],"gold_per_floor":[112,187,187,212,229,229,229,226,226,5,5,23,23,43,43,143,143,88,88,88,89,89,89,89,35,35,35,35,35],"floor_reached":28,"playtime":938,"items_purged":["Regret","Strike_B"],"score":237,"play_id":"5a323ea9-dccd-4c97-9ecf-431ddb45ff2c","local_time":"20210101185024","daily_mods":["Vintage","Heirloom","Flight"],"is_ascension_mode":false,"campfire_choices":[{"data":"Zap","floor":6,"key":"SMITH"},{"data":"Dualcast","floor":7,"key":"SMITH"},{"floor":13,"key":"DIG"},{"floor":15,"key":"DIG"},{"floor":23,"key":"DIG"},{"floor":27,"key":"DIG"}],"circlet_count":0,"master_deck":["Strike_B","Strike_B","Strike_B","Defend_B","Defend_B","Defend_B","Defend_B","Zap+1","Dualcast+1","aspiration:Polymerization+1"],"relics":["Cracked Core","Shovel","StuffTheSpire:RedRose","zeldaRelics:CourageTriforce","hubris:TenFootPole","Solar Panel","Lee\u0027s Waffle","hubris:ToyBattleship","Mirror","Replay:Mystery Machine","Replay:Wax Seal","Black Star","Prayer Wheel","CCEMRelics:Icicle","hubris:Icosahedron","Du-Vu Doll","StuffTheSpire:HeavyRock","Pear","hubris:Towel","zeldaRelics:WisdomPiece","infinitespire:Satchel"],"acts_visited":["Exordium","TheCity"],"potions_floor_usage":[21],"damage_taken":[{"damage":2,"enemies":"2 Louse","floor":1,"turns":2},{"damage":3,"enemies":"Jaw Worm","floor":5,"turns":4},{"damage":8,"enemies":"Cultist","floor":8,"turns":6},{"damage":10,"enemies":"Gremlin Gang","floor":12,"turns":5},{"damage":16,"enemies":"Lagavulin","floor":14,"turns":7},{"damage":38,"enemies":"Hexaghost","floor":16,"turns":9},{"damage":42,"enemies":"Shell Parasite","floor":18,"turns":8},{"damage":22,"enemies":"2 Thieves","floor":21,"turns":4},{"damage":0,"enemies":"Nightmare","floor":28,"turns":1}],"seed_played":"7589214521687352944","potions_obtained":[{"floor":8,"key":"blueLaboratory:CorrosionFlask"},{"floor":12,"key":"blueLaboratory:BottledHope"},{"floor":18,"key":"FearPotion"},{"floor":21,"key":"FearPotion"}],"is_trial":true,"path_per_floor":["M","?","?","T","M","R","R","M","T","$","?","M","R","E","R","B",null,"M","?","?","M","AVR","R","?","$","T","R","NM"],"character_chosen":"DEFECT","items_purchased":["Lee\u0027s Waffle","aspiration:Polymerization+1"],"campfire_rested":0,"item_purchase_floors":[10,25],"current_hp_per_floor":[73,62,62,62,59,59,59,51,51,82,82,78,78,68,68,32,82,42,42,42,22,22,32,32,32,32,32,32,32],"gold":35,"neow_bonus":"","is_daily":false,"chose_seed":false,"campfire_upgraded":2,"win_rate":0.0,"timestamp":1609527024,"path_taken":["M","?","?","?","M","R","R","?","T","$","?","?","R","E","R","BOSS","M","?","?","M","AVR","R","?","$","T","R","NM"],"items_purchased_type":["Relic","Card"],"build_version":"2020-12-22","purchased_purges":2,"victory":false,"max_hp_per_floor":[75,75,75,75,75,75,75,75,75,82,82,82,82,82,82,82,82,82,82,82,82,82,92,92,92,92,92,92,92],"card_choices":[{"not_picked":["Coolheaded","Blizzard","Ball Lightning"],"picked":"SKIP","floor":14},{"not_picked":["Biased Cognition","Reboot"],"picked":"ReplayTheSpireMod:Fabricate Wheel","floor":16}],"player_experience":194612,"relics_obtained":[{"floor":4,"key":"zeldaRelics:CouragePiece"},{"floor":5,"key":"hubris:TenFootPole"},{"floor":8,"key":"Solar Panel"},{"floor":9,"key":"zeldaRelics:CouragePiece"},{"floor":12,"key":"Mirror"},{"floor":13,"key":"Replay:Mystery Machine"},{"floor":14,"key":"zeldaRelics:CouragePiece"},{"floor":15,"key":"Replay:Wax Seal"},{"floor":18,"key":"CCEMRelics:Icicle"},{"floor":21,"key":"Du-Vu Doll"},{"floor":23,"key":"Pear"},{"floor":26,"key":"zeldaRelics:WisdomPiece"},{"floor":27,"key":"infinitespire:Satchel"}],"event_choices":[{"damage_healed":0,"gold_gain":75,"player_choice":"Gold","damage_taken":11,"max_hp_gain":0,"max_hp_loss":0,"event_name":"betterThird:BetterGoop","floor":2,"gold_loss":0},{"damage_healed":0,"gold_gain":0,"player_choice":"Gave Potion","damage_taken":0,"relics_obtained":["hubris:ToyBattleship"],"max_hp_gain":0,"max_hp_loss":0,"event_name":"WeMeetAgain","floor":11,"gold_loss":0},{"damage_healed":0,"gold_gain":0,"player_choice":"Ignored","damage_taken":0,"max_hp_gain":0,"max_hp_loss":0,"event_name":"betterNote:BetterNote","floor":19,"gold_loss":0,"cards_obtained":["RobotSpaceExplorer:Counterblock"]}],"is_beta":false,"boss_relics":[{"not_picked":["ChewingGum","aspiration:WatcherSkillbook"],"picked":"Black Star"}],"items_purged_floors":[10,22],"is_endless":false,"potions_floor_spawned":[8,12,14,16,18,21],"killed_by":"Nightmare","ascension_level":0}}