{"host":"2lrkmsuh7nz013qb","time":1609493040,"event":{"mods":["BaseMod","Colored Map","DeckTracker","Minty Spire (QoL Compilation)","SuperFastMode","everything is the same but u backflip on backflip"],"gold_per_floor":[113,128,147,160,160,160,160,160,184,184,109,134,158,171,171,171,171],"floor_reached":16,"playtime":200,"items_purged":["Defend_G"],"score":188,"play_id":"e6a1f63d-0d14-41e7-81ec-f004b938dff4","local_time":"20210101182400","is_ascension_mode":true,"campfire_choices":[{"data":"Dagger Throw","floor":6,"key":"SMITH"},{"data":"Neutralize","floor":8,"key":"SMITH"},{"data":"Storm of Steel","floor":15,"key":"SMITH"}],"circlet_count":0,"master_deck":["AscendersBane","Strike_G","Strike_G","Strike_G","Strike_G","Defend_G","Defend_G","Defend_G","Defend_G","Survivor","Neutralize+1","Prepared","Dagger Throw+1","Storm of Steel+1","Backflip"],"relics":["Ring of the Snake","NeowsBlessing","Ninja Scroll","Boot","Golden Idol"],"acts_visited":["Exordium"],"potions_floor_usage":[],"damage_taken":[{"damage":0,"enemies":"Jaw Worm","floor":1,"turns":1},{"damage":0,"enemies":"Small Slimes","floor":2,"turns":1},{"damage":0,"enemies":"Cultist","floor":3,"turns":1},{"damage":23,"enemies":"3 Louse","floor":4,"turns":3},{"damage":1,"enemies":"2 Fungi Beasts","floor":12,"turns":3},{"damage":3,"enemies":"Exordium Thugs","floor":13,"turns":4},{"damage":0,"enemies":"Blue Slaver","floor":14,"turns":2},{"damage":0,"enemies":"Hexaghost","floor":16,"turns":1}],"seed_played":"795371103768313544","potions_obtained":[{"floor":3,"key":"Fire Potion"},{"floor":12,"key":"BlessingOfTheForge"},{"floor":14,"key":"Dexterity Potion"}],"is_trial":false,"path_per_floor":["M","M","M","M","?","R","T","R","T","?","$","M","M","M","R","B"],"character_chosen":"THE_SILENT","items_purchased":[],"campfire_rested":0,"item_purchase_floors":[],"current_hp_per_floor":[59,59,59,36,36,36,36,36,36,36,36,35,32,32,32,32,32],"gold":171,"neow_bonus":"THREE_ENEMY_KILL","is_daily":false,"chose_seed":false,"campfire_upgraded":3,"win_rate":0.0,"timestamp":1609493040,"path_taken":["M","M","M","M","?","R","?","R","T","?","$","?","M","M","R","BOSS"],"items_purchased_type":[],"build_version":"2020-12-22","purchased_purges":1,"victory":false,"max_hp_per_floor":[66,66,66,66,66,66,66,66,66,60,60,60,60,60,60,60,60],"card_choices":[{"not_picked":["Concentrate","Crippling Poison"],"picked":"Prepared","floor":1},{"not_picked":["Endless Agony","PiercingWail"],"picked":"Dagger Throw","floor":2},{"not_picked":["Noxious Fumes","Bane","Expertise"],"picked":"SKIP","floor":3},{"not_picked":["Bane","Distraction","Slice"],"picked":"SKIP","floor":4},{"not_picked":["Backstab","Infinite Blades","Riddle With Holes"],"picked":"SKIP","floor":12},{"not_picked":["Choke","Deadly Poison","Quick Slash"],"picked":"SKIP","floor":13},{"not_picked":["Accuracy","Quick Slash"],"picked":"Backflip","floor":14}],"player_experience":720054,"relics_obtained":[{"floor":7,"key":"Ninja Scroll"},{"floor":9,"key":"Boot"}],"event_choices":[{"damage_healed":0,"gold_gain":0,"cards_transformed":["Strike_G"],"player_choice":"Change","damage_taken":0,"max_hp_gain":0,"max_hp_loss":0,"event_name":"Living Wall","floor":5,"gold_loss":0,"cards_obtained":["Storm of Steel"]},{"damage_healed":0,"gold_gain":0,"player_choice":"Lose Max HP","damage_taken":0,"relics_obtained":["Golden Idol"],"max_hp_gain":0,"max_hp_loss":6,"event_name":"Golden Idol","floor":10,"gold_loss":0}],"is_beta":false,"boss_relics":[],"items_purged_floors":[11],"is_endless":false,"potions_floor_spawned":[3,12,14],"killed_by":"Hexaghost","ascension_level":20}}