{"host":"m7l79cv0ty9jy0jv","time":1609536415,"event":{"mods":["BaseMod","Minty Spire (QoL Compilation)","Replay The Spire","StSLib","The Cursed","The Servant 0.9.4"],"gold_per_floor":[110,126,6,23,37,62,62,62,85,98,98,98],"floor_reached":11,"playtime":591,"items_purged":[],"score":75,"play_id":"1404d3eb-7f8b-4fb3-b2c1-c2d092661ba9","local_time":"20210101162655","is_ascension_mode":false,"campfire_choices":[{"floor":7,"key":"REST"}],"circlet_count":0,"master_deck":["TheCursedMod:Strike_TheCursed","TheCursedMod:Strike_TheCursed","TheCursedMod:Strike_TheCursed","TheCursedMod:Strike_TheCursed","TheCursedMod:Defend_TheCursed","TheCursedMod:Defend_TheCursed","TheCursedMod:Defend_TheCursed+1","TheCursedMod:Defend_TheCursed","TheCursedMod:CursedWand","TheCursedMod:CleanUpWorkshop","TheCursedMod:Dregs","TheCursedMod:CursedArmor","TheCursedMod:CircleOfBlood","TheCursedMod:ReleasedKnowledge","TheCursedMod:AbyssShockwave","TheCursedMod:AbyssShockwave+1","TheCursedMod:RavingStaff","TheCursedMod:EmpowerCircles","TheCursedMod:RapidMovement","TheCursedMod:WearCloak"],"relics":["TheCursedMod:BlackMagic101","NeowsBlessing","Smiling Mask","Dream Catcher"],"acts_visited":["Exordium"],"potions_floor_usage":[],"damage_taken":[{"damage":0.0,"enemies":"Jaw Worm","floor":1.0,"turns":1.0},{"damage":0.0,"enemies":"2 Louse","floor":2.0,"turns":2.0},{"damage":0.0,"enemies":"Cultist","floor":4.0,"turns":1.0},{"damage":26,"enemies":"Blue Slaver","floor":5,"turns":5},{"damage":19,"enemies":"Replay:BlueRogue","floor":6,"turns":6},{"damage":15,"enemies":"Gremlin Gang","floor":10,"turns":5},{"damage":44,"enemies":"Gremlin Nob","floor":11,"turns":4}],"seed_played":"-1570064694715794011","potions_obtained":[{"floor":1.0,"key":"Cursed Concoction"},{"floor":4.0,"key":"Swift Potion"},{"floor":10,"key":"SkillPotion"}],"is_trial":false,"path_per_floor":["M","M","$","M","M","E","R","?","T","M","E"],"character_chosen":"THE_CURSED","items_purchased":["TheCursedMod:ReleasedKnowledge","TheCursedMod:AbyssShockwave"],"campfire_rested":1,"item_purchase_floors":[3,3],"current_hp_per_floor":[75,75,75,75,53,38,60,45,45,36,0,0],"gold":98,"neow_bonus":"THREE_ENEMY_KILL","is_daily":false,"chose_seed":false,"campfire_upgraded":0,"win_rate":0.0,"timestamp":1609536415,"path_taken":["M","M","$","M","M","E","R","?","T","M","E"],"items_purchased_type":["Card","Card"],"build_version":"2020-12-22","purchased_purges":0,"victory":false,"max_hp_per_floor":[75,75,75,75,75,75,75,75,75,75,75,75],"card_choices":[{"not_picked":["TheCursedMod:EmpowerCircles","TheCursedMod:SmokeScreen"],"picked":"TheCursedMod:CursedArmor","floor":1.0},{"not_picked":["TheCursedMod:CursedMace","TheCursedMod:EmpowerCircles"],"picked":"TheCursedMod:CircleOfBlood","floor":2.0},{"not_picked":["TheCursedMod:FleshFromBone","TheCursedMod:CursedAmulet"],"picked":"TheCursedMod:RavingStaff","floor":4.0},{"not_picked":["TheCursedMod:RapidMovement","TheCursedMod:TacticalStrike"],"picked":"TheCursedMod:EmpowerCircles","floor":5},{"not_picked":["TheCursedMod:ManaCirculation","TheCursedMod:CursedArmor"],"picked":"TheCursedMod:RapidMovement","floor":6},{"not_picked":["TheCursedMod:Torture","TheCursedMod:Stretching"],"picked":"TheCursedMod:WearCloak","floor":10}],"player_experience":436440,"relics_obtained":[{"floor":6,"key":"Smiling Mask"},{"floor":9,"key":"Dream Catcher"}],"event_choices":[{"damage_healed":0,"gold_gain":0,"player_choice":"Entered Light","damage_taken":15,"max_hp_gain":0,"max_hp_loss":0,"event_name":"Shining Light","floor":8,"gold_loss":0,"cards_upgraded":["TheCursedMod:AbyssShockwave","TheCursedMod:Defend_TheCursed"]}],"is_beta":false,"boss_relics":[],"items_purged_floors":[],"is_endless":false,"potions_floor_spawned":[1,4,10],"killed_by":"Gremlin Nob","ascension_level":0}}