{"host":"y7sd46uq4xlni546","time":1609521292,"event":{"mods":["AchievementEnabler","BaseMod","Colored Map","Colored Powertips","Curses Come First","Filter the Spire","Minty Spire (QoL Compilation)","Quick Restart","Random Character Button","Rare Cards Sparkle","StSLib"],"gold_per_floor":[111,124,124,124,124,124,167,167,245,285,285,300,325,346,346,466,529,548,564,118,118,118,161,174,174,174,174,213,225,267,279,291,398,410,434,456,38,86,0,33,33,52,52,78,128,148,183,193,193,193],"floor_reached":51,"playtime":16112,"items_purged":[],"score":1144,"play_id":"fcdb3cad-8444-42d5-8c61-f47ee9cbb6c5","local_time":"20210101181452","is_ascension_mode":true,"campfire_choices":[{"floor":6.0,"key":"REST"},{"floor":8.0,"key":"REST"},{"floor":11.0,"key":"REST"},{"floor":15.0,"key":"REST"},{"floor":25.0,"key":"REST"},{"data":"Doppelganger","floor":32.0,"key":"SMITH"},{"data":"1","floor":49,"key":"LIFT"}],"circlet_count":0,"master_deck":["Strike_G","Strike_G","Strike_G","Defend_G","Defend_G","Defend_G","Defend_G","Defend_G","Survivor","Neutralize","All Out Attack","Crippling Poison","Flechettes+1","Leg Sweep","Corpse Explosion","Finisher","Blade Dance","Die Die Die","Doppelganger+1","Backflip","Burst","Accuracy","Doppelganger","Apotheosis","Caltrops","Terror+1","Cloak And Dagger+1","Tactician+1","After Image","Footwork","Dagger Spray+1","Backstab+1","Dodge and Roll+1","Adrenaline"],"relics":["Black Star","Bloody Idol","The Courier","Juzu Bracelet","Letter Opener","Ninja Scroll","Oddly Smooth Stone","Question Card","Odd Mushroom","Tiny House","Lantern","Anchor","Bag of Marbles","Pen Nib","Paper Crane","Potion Belt","MawBank","Mango","Centennial Puzzle","Bottled Flame","Fusion Hammer","Dream Catcher","Ornamental Fan","Omamori","Girya","Red Mask","Nunchaku","Bronze Scales","Kunai","Calipers","Strawberry","Tingsha","Gremlin Horn","Happy Flower"],"acts_visited":["Exordium","TheCity","TheBeyond"],"potions_floor_usage":[48,50],"damage_taken":[{"damage":2.0,"enemies":"Jaw Worm","floor":1.0,"turns":6.0},{"damage":7.0,"enemies":"Small Slimes","floor":2.0,"turns":3.0},{"damage":57.0,"enemies":"Gremlin Nob","floor":7.0,"turns":6.0},{"damage":13.0,"enemies":"3 Sentries","floor":10.0,"turns":9.0},{"damage":0.0,"enemies":"2 Louse","floor":12.0,"turns":2.0},{"damage":0.0,"enemies":"The Mushroom Lair","floor":13.0,"turns":2.0},{"damage":0.0,"enemies":"Red Slaver","floor":14.0,"turns":4.0},{"damage":5.0,"enemies":"Slime Boss","floor":16.0,"turns":8.0},{"damage":9.0,"enemies":"Shell Parasite","floor":18.0,"turns":6.0},{"damage":22.0,"enemies":"2 Thieves","floor":19.0,"turns":2.0},{"damage":18.0,"enemies":"Slavers","floor":23.0,"turns":3.0},{"damage":2.0,"enemies":"Centurion and Healer","floor":24.0,"turns":4.0},{"damage":21.0,"enemies":"Gremlin Leader","floor":28.0,"turns":5.0},{"damage":0.0,"enemies":"Book of Stabbing","floor":30.0,"turns":2.0},{"damage":89.0,"enemies":"Automaton","floor":33.0,"turns":13.0},{"damage":0.0,"enemies":"Orb Walker","floor":35.0,"turns":2.0},{"damage":0.0,"enemies":"3 Shapes","floor":36.0,"turns":3.0},{"damage":3.0,"enemies":"2 Orb Walkers","floor":38.0,"turns":2.0},{"damage":4.0,"enemies":"Nemesis","floor":40.0,"turns":5.0},{"damage":0,"enemies":"3 Darklings","floor":42,"turns":3},{"damage":8,"enemies":"Reptomancer","floor":44,"turns":6},{"damage":0,"enemies":"Mind Bloom Boss Battle","floor":45,"turns":6},{"damage":0,"enemies":"4 Shapes","floor":46,"turns":4},{"damage":0,"enemies":"Giant Head","floor":47,"turns":7},{"damage":0,"enemies":"Writhing Mass","floor":48,"turns":5},{"damage":0,"enemies":"Awakened One","floor":50,"turns":10}],"seed_played":"-2899108003513408400","potions_obtained":[{"floor":12.0,"key":"DuplicationPotion"},{"floor":13.0,"key":"SmokeBomb"},{"floor":14.0,"key":"FearPotion"},{"floor":16.0,"key":"EssenceOfSteel"},{"floor":17.0,"key":"SpeedPotion"},{"floor":18.0,"key":"Fruit Juice"},{"floor":19.0,"key":"ColorlessPotion"},{"floor":28.0,"key":"SteroidPotion"},{"floor":30.0,"key":"Energy Potion"},{"floor":35.0,"key":"FearPotion"},{"floor":36.0,"key":"Swift Potion"},{"floor":44,"key":"ColorlessPotion"},{"floor":47,"key":"Energy Potion"},{"floor":48,"key":"SpeedPotion"}],"is_trial":false,"path_per_floor":["M","M","?","?","?","R","E","R","T","E","R","M","?","M","R","B",null,"M","M","$","?","?","E","M","R","T","?","E","?","E","$","R","B",null,"M","M","$","?","?","E","?","M","T","E","?","M","E","M","R","B",null],"character_chosen":"THE_SILENT","items_purchased":["Lantern","Anchor","Doppelganger","Apotheosis","Dream Catcher","Ornamental Fan","Omamori"],"campfire_rested":5,"item_purchase_floors":[20,20,20,20,37,37,37],"current_hp_per_floor":[68,61,44,41,41,62,5,26,26,13,34,34,34,34,55,50,75,71,49,49,75,75,57,55,79,79,79,72,72,82,87,92,10,94,94,94,94,94,94,94,94,94,94,98,101,101,101,101,101,101],"gold":193,"neow_bonus":"BOSS_RELIC","is_daily":false,"chose_seed":false,"campfire_upgraded":1,"win_rate":0.0,"timestamp":1609521292,"path_taken":["M","M","?","?","?","R","E","R","T","E","R","M","?","M","R","BOSS","M","M","$","?","?","E","M","R","T","?","E","?","E","$","R","BOSS","M","M","$","?","?","E","?","M","T","E","?","M","E","M","R","BOSS"],"items_purchased_type":["Relic","Relic","Card","Card","Relic","Relic","Relic"],"build_version":"2020-12-22","purchased_purges":0,"victory":true,"max_hp_per_floor":[70,70,70,70,70,70,70,70,70,70,70,70,70,70,70,70,75,80,80,80,80,80,80,80,80,80,80,94,94,94,94,94,94,94,94,94,94,94,94,94,94,94,94,101,101,101,101,101,101,101],"card_choices":[{"not_picked":["Flying Knee","Sucker Punch"],"picked":"All Out Attack","floor":1.0},{"not_picked":["Bane","Well Laid Plans"],"picked":"Crippling Poison","floor":2.0},{"not_picked":["Distraction","Predator"],"picked":"Leg Sweep","floor":7.0},{"not_picked":["Quick Slash","Slice"],"picked":"Corpse Explosion","floor":10.0},{"not_picked":["Dodge and Roll","PiercingWail","Poisoned Stab"],"picked":"Finisher","floor":12.0},{"not_picked":["Poisoned Stab","Skewer","Reflex"],"picked":"Blade Dance","floor":13.0},{"not_picked":["Prepared","Underhanded Strike","Backflip"],"picked":"Die Die Die","floor":14.0},{"not_picked":["Bullet Time","Die Die Die","A Thousand Cuts"],"picked":"Doppelganger","floor":16.0},{"not_picked":["Reflex","Acrobatics","Prepared"],"picked":"Backflip","floor":17.0},{"not_picked":["Deflect+1","Backflip","Dodge and Roll+1"],"picked":"Burst","floor":18.0},{"not_picked":["Underhanded Strike+1","Deadly Poison","Poisoned Stab"],"picked":"Accuracy","floor":19.0},{"not_picked":["Riddle With Holes","Dodge and Roll","Deadly Poison"],"picked":"Caltrops","floor":23.0},{"not_picked":["Cloak And Dagger","Escape Plan","Glass Knife"],"picked":"Terror+1","floor":24.0},{"not_picked":["Outmaneuver","Bane+1","Finisher"],"picked":"Cloak And Dagger+1","floor":28.0},{"not_picked":["Footwork","Slice","Caltrops"],"picked":"Tactician+1","floor":30.0},{"not_picked":["Wraith Form v2","Malaise","Night Terror"],"picked":"After Image","floor":33.0},{"not_picked":["Underhanded Strike","Deflect+1","Deadly Poison+1"],"picked":"Footwork","floor":35.0},{"not_picked":["Well Laid Plans+1","Dagger Throw+1","Wraith Form v2"],"picked":"Dagger Spray+1","floor":36.0},{"not_picked":["Quick Slash+1","Dagger Spray+1","Outmaneuver+1","Crippling Poison"],"picked":"SKIP","floor":40.0},{"not_picked":["Infinite Blades","Blade Dance","Dagger Spray","Poisoned Stab+1"],"picked":"SKIP","floor":42},{"not_picked":["Backflip","Dagger Spray+1","Escape Plan"],"picked":"Backstab+1","floor":44},{"not_picked":["Choke","Eviscerate","Poisoned Stab+1"],"picked":"Dodge and Roll+1","floor":46},{"not_picked":["Escape Plan","Riddle With Holes","Blade Dance","Flying Knee"],"picked":"SKIP","floor":47},{"not_picked":["Endless Agony+1","Riddle With Holes+1","Underhanded Strike+1"],"picked":"Adrenaline","floor":48}],"player_experience":565447,"relics_obtained":[{"floor":7.0,"key":"Juzu Bracelet"},{"floor":7.0,"key":"Letter Opener"},{"floor":9.0,"key":"Ninja Scroll"},{"floor":10.0,"key":"Oddly Smooth Stone"},{"floor":10.0,"key":"Question Card"},{"floor":13.0,"key":"Odd Mushroom"},{"floor":23.0,"key":"Bag of Marbles"},{"floor":23.0,"key":"Pen Nib"},{"floor":26.0,"key":"Paper Crane"},{"floor":28.0,"key":"MawBank"},{"floor":28.0,"key":"Mango"},{"floor":30.0,"key":"Centennial Puzzle"},{"floor":30.0,"key":"Bottled Flame"},{"floor":38.0,"key":"Girya"},{"floor":40.0,"key":"Nunchaku"},{"floor":40.0,"key":"Bronze Scales"},{"floor":43,"key":"Kunai"},{"floor":44,"key":"Calipers"},{"floor":44,"key":"Strawberry"},{"floor":45,"key":"Tingsha"},{"floor":47,"key":"Gremlin Horn"},{"floor":47,"key":"Happy Flower"}],"event_choices":[{"damage_healed":0.0,"max_hp_gain":0.0,"max_hp_loss":0.0,"gold_gain":0.0,"event_name":"Golden Idol","player_choice":"Take Damage","floor":3.0,"gold_loss":0.0,"damage_taken":17.0,"relics_obtained":["Golden Idol"]},{"damage_healed":0.0,"max_hp_gain":0.0,"max_hp_loss":0.0,"gold_gain":0.0,"event_name":"Scrap Ooze","player_choice":"Success","floor":4.0,"gold_loss":0.0,"damage_taken":3.0,"relics_obtained":["The Courier"]},{"damage_healed":0.0,"max_hp_gain":0.0,"max_hp_loss":0.0,"gold_gain":0.0,"cards_transformed":["Strike_G"],"event_name":"Transmorgrifier","player_choice":"Transformed","floor":5.0,"gold_loss":0.0,"damage_taken":0.0,"cards_obtained":["Flechettes"]},{"damage_healed":0.0,"max_hp_gain":0.0,"max_hp_loss":0.0,"gold_gain":0.0,"event_name":"Mushrooms","player_choice":"Fought Mushrooms","floor":13.0,"gold_loss":0.0,"damage_taken":0.0},{"damage_healed":26.0,"max_hp_gain":0.0,"max_hp_loss":0.0,"gold_gain":0.0,"event_name":"The Library","player_choice":"Heal","floor":21.0,"gold_loss":0.0,"damage_taken":0.0},{"damage_healed":0.0,"max_hp_gain":0.0,"max_hp_loss":0.0,"gold_gain":0.0,"event_name":"Beggar","player_choice":"Ignored","floor":22.0,"gold_loss":0.0,"damage_taken":0.0},{"damage_healed":0.0,"max_hp_gain":0.0,"max_hp_loss":0.0,"gold_gain":0.0,"event_name":"WeMeetAgain","player_choice":"Gave Potion","floor":27.0,"gold_loss":0.0,"damage_taken":0.0,"relics_obtained":["Potion Belt"]},{"damage_healed":0.0,"max_hp_gain":0.0,"max_hp_loss":0.0,"gold_gain":0.0,"event_name":"Forgotten Altar","player_choice":"Gave Idol","floor":29.0,"relics_lost":["Golden Idol"],"gold_loss":0.0,"damage_taken":0.0,"relics_obtained":["Bloody Idol"]},{"damage_healed":0.0,"max_hp_gain":0.0,"max_hp_loss":0.0,"gold_gain":0.0,"event_name":"Mysterious Sphere","player_choice":"Fight","floor":38.0,"gold_loss":0.0,"damage_taken":0.0},{"damage_healed":0.0,"max_hp_gain":0.0,"max_hp_loss":0.0,"gold_gain":0.0,"event_name":"Tomb of Lord Red Mask","player_choice":"Paid","floor":39.0,"gold_loss":86.0,"damage_taken":0.0,"relics_obtained":["Red Mask"]},{"cards_removed":["Strike_G"],"damage_healed":0.0,"max_hp_gain":0.0,"max_hp_loss":0.0,"gold_gain":0.0,"event_name":"Falling","player_choice":"Removed Attack","floor":41.0,"gold_loss":0.0,"damage_taken":0.0},{"damage_healed":0,"gold_gain":0,"player_choice":"Fight","damage_taken":0,"max_hp_gain":0,"max_hp_loss":0,"event_name":"MindBloom","floor":45,"gold_loss":0}],"is_beta":false,"boss_relics":[{"not_picked":["Coffee Dripper","Runic Pyramid"],"picked":"Tiny House"},{"not_picked":["Cursed Key","Runic Dome"],"picked":"Fusion Hammer"}],"items_purged_floors":[],"is_endless":false,"potions_floor_spawned":[12,13,14,16,18,19,28,30,35,36,44,47,48],"ascension_level":4}}