{"host":"1jyvlwrg3lqf29t2","time":1609539556,"event":{"mods":["BaseMod","Colored Powertips","Downfall","Hermit","Minty Spire (QoL Compilation)","StSLib","The Blackbeard","The Cursed","The Poker Player","TheBandit"],"gold_per_floor":[1110,1127,28,28,40,71,84,84,110,2998,3017,3117,2991,3007,3007,3112,3112,3131,3021,3037,3037,3037,3064,3078,3078,3105,3105,3132,3021,3049,2974,2974,3077,3077,3090,3090,2977,2991,3006,3034,3049,3079,3079,0,20,55,55,73,73,73],"floor_reached":51,"playtime":2902,"items_purged":["Strike_R","Strike_R","Strike_R","Cleave","Defend_R","Defend_R+1"],"score":1345,"play_id":"6091b71f-9ef5-4a0c-b4e3-0330accd101c","local_time":"20210101161915","is_ascension_mode":false,"campfire_choices":[{"data":"1","floor":15,"key":"LIFT"},{"data":"2","floor":25,"key":"LIFT"},{"data":"3","floor":32,"key":"LIFT"},{"data":"Defend_R+1","floor":49,"key":"PURGE"}],"circlet_count":217,"master_deck":["Bash","Feed+1","Heavy Blade+1","Disarm+1","Inflame+1","Disarm+1","Feed+1","Twin Strike+1","Spot Weakness+1","Metallicize+1","Limit Break+1","Metallicize+1","Metallicize+1","Disarm+1"],"relics":["Burning Blood","The Courier","Smiling Mask","Membership Card","Frozen Egg 2","Whetstone","Potion Belt","Regal Pillow","Singing Bowl","Orichalcum","Toy Ornithopter","Bronze Scales","MealTicket","Mercury Hourglass","Shuriken","Red Skull","Bottled Flame","Nunchaku","Dream Catcher","Strawberry","Ornamental Fan","Tiny Chest","War Paint","Guardian:PocketSentry","Charon\u0027s Ashes","Anchor","Bag of Preparation","Gremlin Horn","TungstenRod","Thread and Needle","Darkstone Periapt","Toxic Egg 2","Lantern","Juzu Bracelet","Oddly Smooth Stone","Meat on the Bone","Mummified Hand","PreservedInsect","Vajra","Happy Flower","Blood Vial","Orrery","Pantograph","Question Card","Bag of Marbles","Pocketwatch","Boot","Eternal Feather","White Beast Statue","Ginger","Sundial","Centennial Puzzle","Bottled Lightning","Pen Nib","Ancient Tea Set","Kunai","Omamori","Art of War","Champion Belt","Ice Cream","Paper Frog","Bird Faced Urn","Matryoshka","HornCleat","Pear","Molten Egg 2","Letter Opener","Blue Candle","Self Forming Clay","Turnip","FossilizedHelix","CaptainsWheel","Unceasing Top","Lizard Tail","Torii","Du-Vu Doll","Calipers","Incense Burner","Magic Flower","Gambling Chip","Girya","Mango","Peace Pipe","StoneCalendar","Prayer Wheel","InkBottle","WingedGreaves","Circlet","Strange Spoon","Membership Card","Empty Cage","Toolbox","Nilry\u0027s Codex","Brimstone","Sozu","Medical Kit","Red Mask"],"acts_visited":["Exordium","TheCity","TheBeyond"],"potions_floor_usage":[],"damage_taken":[{"damage":7,"enemies":"Cultist","floor":1,"turns":5},{"damage":0,"enemies":"2 Louse","floor":2,"turns":3},{"damage":0,"enemies":"Jaw Worm","floor":5,"turns":1},{"damage":0,"enemies":"Gremlin Nob","floor":6,"turns":3},{"damage":0,"enemies":"Red Slaver","floor":7,"turns":2},{"damage":0,"enemies":"2 Fungi Beasts","floor":11,"turns":2},{"damage":0,"enemies":"Exordium Wildlife","floor":14,"turns":1},{"damage":0,"enemies":"Hexaghost","floor":16,"turns":3},{"damage":0,"enemies":"3 Byrds","floor":18,"turns":2},{"damage":0,"enemies":"2 Thieves","floor":20,"turns":2},{"damage":0,"enemies":"Book of Stabbing","floor":23,"turns":3},{"damage":0,"enemies":"Snake Plant","floor":24,"turns":1},{"damage":0,"enemies":"Gremlin Leader","floor":28,"turns":2},{"damage":0,"enemies":"Slavers","floor":30,"turns":2},{"damage":0,"enemies":"Automaton","floor":33,"turns":3},{"damage":0,"enemies":"Orb Walker","floor":35,"turns":2},{"damage":0,"enemies":"3 Shapes","floor":38,"turns":2},{"damage":0,"enemies":"3 Darklings","floor":39,"turns":2},{"damage":0,"enemies":"Nemesis","floor":40,"turns":6},{"damage":0,"enemies":"Maw","floor":41,"turns":3},{"damage":0,"enemies":"Reptomancer","floor":42,"turns":1},{"damage":0,"enemies":"4 Shapes","floor":45,"turns":2},{"damage":0,"enemies":"Giant Head","floor":46,"turns":3},{"damage":0,"enemies":"Jaw Worm Horde","floor":48,"turns":2},{"damage":0,"enemies":"Donu and Deca","floor":50,"turns":3}],"seed_played":"-4657274321486161290","potions_obtained":[{"floor":2,"key":"HeartOfIron"},{"floor":5,"key":"sneckomod:MuddlingPotion"},{"floor":6,"key":"Dexterity Potion"},{"floor":7,"key":"EntropicBrew"},{"floor":11,"key":"Strength Potion"},{"floor":33,"key":"BloodPotion"}],"is_trial":false,"path_per_floor":["M","M","$","T","M","E","M","?","T","$","M","?","$","M","R","B",null,"M","$","M","T","?","E","M","R","T","?","E","$","E","?","R","B",null,"M","T","$","M","M","E","M","E","T","?","M","E","?","M","R","B",null],"character_chosen":"IRONCLAD","items_purchased":["Frozen Egg 2","Whetstone","Potion Belt","Regal Pillow","Singing Bowl","Orichalcum","Toy Ornithopter","Bronze Scales","MealTicket","Mercury Hourglass","Shuriken","Red Skull","Bottled Flame","Nunchaku","Dream Catcher","Strawberry","Ornamental Fan","Tiny Chest","War Paint","Guardian:PocketSentry","Charon\u0027s Ashes","Anchor","Bag of Preparation","Gremlin Horn","TungstenRod","Thread and Needle","Darkstone Periapt","Toxic Egg 2","Lantern","Juzu Bracelet","Oddly Smooth Stone","Meat on the Bone","Mummified Hand","PreservedInsect","Vajra","Happy Flower","Blood Vial","Orrery","Pantograph","Question Card","Bag of Marbles","Pocketwatch","Boot","Eternal Feather","White Beast Statue","Ginger","Sundial","Centennial Puzzle","Bottled Lightning","Pen Nib","Ancient Tea Set","Kunai","Omamori","Art of War","Champion Belt","Ice Cream","Paper Frog","Bird Faced Urn","Matryoshka","HornCleat","Pear","Molten Egg 2","Letter Opener","Blue Candle","Self Forming Clay","Turnip","FossilizedHelix","CaptainsWheel","Unceasing Top","Lizard Tail","Torii","Du-Vu Doll","Dead Branch","Calipers","Incense Burner","Magic Flower","Gambling Chip","Girya","Mango","Peace Pipe","StoneCalendar","Prayer Wheel","InkBottle","WingedGreaves","Inflame+1","Circlet","Circlet","Circlet","Circlet","Circlet","Circlet","Circlet","Circlet","Circlet","Circlet","Circlet","Circlet","Circlet","Circlet","Circlet","Circlet","Circlet","Circlet","Circlet","Circlet","Circlet","Circlet","Circlet","Circlet","Circlet","Circlet","Circlet","Circlet","Circlet","Circlet","Circlet","Circlet","Circlet","Circlet","Circlet","Circlet","Circlet","Circlet","Circlet","Circlet","Circlet","Circlet","Circlet","Circlet","Circlet","Circlet","Circlet","Circlet","Circlet","Circlet","Circlet","Circlet","Circlet","Circlet","Circlet","Circlet","Circlet","Circlet","Circlet","Circlet","Circlet","Circlet","Circlet","Circlet","Circlet","Circlet","Circlet","Circlet","Circlet","Circlet","Circlet","Circlet","Circlet","Circlet","Circlet","Circlet","Circlet","Circlet","Circlet","Circlet","Circlet","Circlet","Circlet","Circlet","Circlet","Circlet","Circlet","Circlet","Circlet","Circlet","Circlet","Circlet","Circlet","Circlet","Circlet","Circlet","Circlet","Circlet","Circlet","Circlet","Circlet","Circlet","Circlet","Circlet","Circlet","Circlet","Circlet","Circlet","Circlet","Circlet","Circlet","Circlet","Circlet","Circlet","Circlet","Circlet","Circlet","Circlet","Circlet","Circlet","Circlet","Circlet","Circlet","Circlet","Circlet","Circlet","Circlet","Circlet","Circlet","Circlet","Circlet","Circlet","Circlet","Circlet","Circlet","Circlet","Circlet","Circlet","Circlet","Circlet","Circlet","Circlet","Circlet","Circlet","Circlet","Circlet","Circlet","Circlet","Circlet","Circlet","Circlet","Circlet","Circlet","Circlet","Circlet","Circlet","Circlet","Circlet","Circlet","Circlet","Circlet","Circlet","Circlet","Circlet","Circlet","Circlet","Circlet","Circlet","Circlet","Circlet","Circlet","Circlet","Circlet","Circlet","Circlet","Circlet","Circlet","Circlet","Circlet","Circlet","Circlet","Circlet","Circlet","Circlet","Circlet","Circlet","Circlet","Circlet","Circlet","Circlet","Circlet","Circlet","Circlet","Circlet","Circlet","Circlet","Circlet","Circlet","Circlet","Circlet","Circlet","Circlet","Strange Spoon","Membership Card","Spot Weakness+1","Toolbox","Brimstone","Medical Kit"],"campfire_rested":0,"item_purchase_floors":[3,3,3,3,3,3,3,3,3,3,3,3,3,3,3,3,3,3,3,3,3,3,3,3,3,3,3,3,3,3,3,3,3,3,3,3,3,3,3,3,3,3,3,3,3,3,3,3,3,3,3,3,3,3,3,3,3,3,3,3,3,3,3,3,3,3,3,3,3,3,3,3,3,3,3,3,3,3,3,3,3,3,3,3,3,3,3,3,3,3,3,3,3,3,3,3,3,3,3,3,3,3,3,3,3,3,3,3,3,3,3,3,3,3,3,3,3,3,3,3,3,3,3,3,3,3,3,3,3,3,3,3,3,3,3,3,3,3,3,3,3,3,3,3,3,3,3,3,3,3,3,3,3,3,3,3,3,3,3,3,3,3,3,3,3,3,3,3,3,3,3,3,3,3,3,3,3,3,3,3,3,3,3,3,3,3,3,3,3,3,3,3,3,3,3,3,3,3,3,3,3,3,3,3,3,3,3,3,3,3,3,3,3,3,3,3,3,3,3,3,3,3,3,3,3,3,3,3,3,3,3,3,3,3,3,3,3,3,3,3,3,3,3,3,3,3,3,3,3,3,3,3,3,3,3,3,3,3,3,3,3,3,3,3,3,3,3,3,3,3,3,3,3,3,3,3,3,3,3,3,3,3,3,3,3,3,3,10,13,13,19,29,37],"current_hp_per_floor":[55,64,99,99,116,120,126,126,126,126,134,134,134,140,140,144,144,152,152,164,164,152,170,178,178,178,178,184,184,192,192,192,198,198,202,202,202,214,222,224,232,238,238,238,250,256,256,268,268,272],"gold":73,"neow_bonus":"THREE_RARE_CARDS","is_daily":false,"chose_seed":false,"campfire_upgraded":0,"win_rate":0.0,"timestamp":1609539555,"path_taken":["M","M","$","?","M","E","M","?","T","$","M","?","$","M","R","BOSS","M","$","M","?","?","E","M","R","T","?","E","$","E","?","R","BOSS","M","?","$","M","M","E","M","E","T","?","M","E","?","M","R","BOSS"],"items_purchased_type":["Relic","Relic","Relic","Relic","Relic","Relic","Relic","Relic","Relic","Relic","Relic","Relic","Relic","Relic","Relic","Relic","Relic","Relic","Relic","Relic","Relic","Relic","Relic","Relic","Relic","Relic","Relic","Relic","Relic","Relic","Relic","Relic","Relic","Relic","Relic","Relic","Relic","Relic","Relic","Relic","Relic","Relic","Relic","Relic","Relic","Relic","Relic","Relic","Relic","Relic","Relic","Relic","Relic","Relic","Relic","Relic","Relic","Relic","Relic","Relic","Relic","Relic","Relic","Relic","Relic","Relic","Relic","Relic","Relic","Relic","Relic","Relic","Relic","Relic","Relic","Relic","Relic","Relic","Relic","Relic","Relic","Relic","Relic","Relic","Card","Undefined","Undefined","Undefined","Undefined","Undefined","Undefined","Undefined","Undefined","Undefined","Undefined","Undefined","Undefined","Undefined","Undefined","Undefined","Undefined","Undefined","Undefined","Undefined","Undefined","Undefined","Undefined","Undefined","Undefined","Undefined","Undefined","Undefined","Undefined","Undefined","Undefined","Undefined","Undefined","Undefined","Undefined","Undefined","Undefined","Undefined","Undefined","Undefined","Undefined","Undefined","Undefined","Undefined","Undefined","Undefined","Undefined","Undefined","Undefined","Undefined","Undefined","Undefined","Undefined","Undefined","Undefined","Undefined","Undefined","Undefined","Undefined","Undefined","Undefined","Undefined","Undefined","Undefined","Undefined","Undefined","Undefined","Undefined","Undefined","Undefined","Undefined","Undefined","Undefined","Undefined","Undefined","Undefined","Undefined","Undefined","Undefined","Undefined","Undefined","Undefined","Undefined","Undefined","Undefined","Undefined","Undefined","Undefined","Undefined","Undefined","Undefined","Undefined","Undefined","Undefined","Undefined","Undefined","Undefined","Undefined","Undefined","Undefined","Undefined","Undefined","Undefined","Undefined","Undefined","Undefined","Undefined","Undefined","Undefined","Undefined","Undefined","Undefined","Undefined","Undefined","Undefined","Undefined","Undefined","Undefined","Undefined","Undefined","Undefined","Undefined","Undefined","Undefined","Undefined","Undefined","Undefined","Undefined","Undefined","Undefined","Undefined","Undefined","Undefined","Undefined","Undefined","Undefined","Undefined","Undefined","Undefined","Undefined","Undefined","Undefined","Undefined","Undefined","Undefined","Undefined","Undefined","Undefined","Undefined","Undefined","Undefined","Undefined","Undefined","Undefined","Undefined","Undefined","Undefined","Undefined","Undefined","Undefined","Undefined","Undefined","Undefined","Undefined","Undefined","Undefined","Undefined","Undefined","Undefined","Undefined","Undefined","Undefined","Undefined","Undefined","Undefined","Undefined","Undefined","Undefined","Undefined","Undefined","Undefined","Undefined","Undefined","Undefined","Undefined","Undefined","Undefined","Undefined","Undefined","Undefined","Undefined","Undefined","Undefined","Undefined","Undefined","Undefined","Undefined","Undefined","Undefined","Undefined","Undefined","Undefined","Undefined","Relic","Relic","Card","Relic","Relic","Relic"],"build_version":"2020-12-22","purchased_purges":6,"victory":true,"max_hp_per_floor":[80,83,118,118,120,120,126,126,126,126,134,134,134,140,140,144,144,152,152,164,164,164,170,178,178,178,178,184,184,192,192,192,198,198,202,202,202,214,222,224,232,238,238,238,250,256,256,268,268,272],"card_choices":[{"not_picked":["Immolate","Exhume"],"picked":"Feed","floor":0},{"not_picked":["Flex","Perfected Strike"],"picked":"Heavy Blade","floor":1},{"not_picked":["True Grit","Flex","Body Slam"],"picked":"SKIP","floor":2},{"not_picked":["Heavy Blade","Combust+1"],"picked":"Cleave","floor":3},{"not_picked":["Wild Strike","Feel No Pain+1","Impervious+1"],"picked":"Singing Bowl","floor":3},{"not_picked":["Seeing Red+1","Carnage"],"picked":"Cleave","floor":3},{"not_picked":["Thunderclap","Sword Boomerang"],"picked":"Disarm+1","floor":3},{"not_picked":["Iron Wave","Brutality+1","Headbutt"],"picked":"Singing Bowl","floor":3},{"not_picked":["Warcry+1","Armaments+1","Pommel Strike+1"],"picked":"Disarm+1","floor":5},{"not_picked":["Headbutt+1","Thunderclap+1","Armaments+1","Pommel Strike+1"],"picked":"Singing Bowl","floor":5},{"not_picked":["Seeing Red+1","Bloodletting+1","Pummel+1"],"picked":"Feed+1","floor":6},{"not_picked":["Shockwave+1","Blood for Blood+1","Warcry+1","Second Wind+1"],"picked":"Singing Bowl","floor":7},{"not_picked":["Warcry+1","Cleave+1","Infernal Blade+1"],"picked":"Twin Strike+1","floor":7},{"not_picked":["Clothesline+1","Cleave+1","Pommel Strike+1","True Grit+1"],"picked":"Singing Bowl","floor":11},{"not_picked":["Rage+1","Body Slam+1","Clothesline+1","Iron Wave+1"],"picked":"Singing Bowl","floor":11},{"not_picked":["Feel No Pain+1","Pommel Strike+1","Sword Boomerang+1"],"picked":"Metallicize+1","floor":14},{"not_picked":["Pommel Strike+1","True Grit+1","Heavy Blade+1","Rupture+1"],"picked":"Singing Bowl","floor":14},{"not_picked":["Brutality+1","Double Tap+1","Juggernaut+1"],"picked":"Limit Break+1","floor":16},{"not_picked":["Iron Wave+1","Perfected Strike+1","Havoc+1","Clash+1"],"picked":"Singing Bowl","floor":18},{"not_picked":["Fire Breathing+1","Dark Embrace+1","Body Slam+1","Twin Strike+1"],"picked":"Singing Bowl","floor":18},{"not_picked":["Clash+1","Fire Breathing+1","Clothesline+1","Armaments+1"],"picked":"Singing Bowl","floor":20},{"not_picked":["Iron Wave+1","Clash+1","Twin Strike+1","Clothesline+1"],"picked":"Singing Bowl","floor":20},{"not_picked":["Offering+1","Thunderclap+1","Berserk+1","Shrug It Off+1"],"picked":"Singing Bowl","floor":23},{"not_picked":["Rage+1","Flex+1","Warcry+1","Flame Barrier+1"],"picked":"Singing Bowl","floor":24},{"not_picked":["Clothesline+1","Havoc+1","Dual Wield+1","Warcry+1"],"picked":"Singing Bowl","floor":24},{"not_picked":["Perfected Strike+1","Bloodletting+1","Pummel+1","Cleave+1"],"picked":"Singing Bowl","floor":28},{"not_picked":["Uppercut+1","Heavy Blade+1","True Grit+1"],"picked":"Metallicize+1","floor":30},{"not_picked":["Offering+1","Berserk+1","Reaper+1","Exhume+1"],"picked":"Singing Bowl","floor":33},{"not_picked":["Body Slam+1","Flame Barrier+1","Clothesline+1"],"picked":"Metallicize+1","floor":35},{"not_picked":["Battle Trance+1","True Grit+1","Evolve+1"],"picked":"Disarm+1","floor":35},{"not_picked":["Cleave+1","Headbutt+1","Perfected Strike+1","Body Slam+1"],"picked":"Singing Bowl","floor":38},{"not_picked":["Cleave+1","Body Slam+1","Seeing Red+1","Anger+1"],"picked":"Singing Bowl","floor":38},{"not_picked":["Shrug It Off+1","Reaper+1","Entrench+1","Rage+1"],"picked":"Singing Bowl","floor":39},{"not_picked":["Twin Strike+1","Feel No Pain+1","Power Through+1","Rupture+1"],"picked":"Singing Bowl","floor":39},{"not_picked":["Inflame+1","Berserk+1","Flame Barrier+1","Rampage+1"],"picked":"Singing Bowl","floor":40},{"not_picked":["Warcry+1","Havoc+1","Anger+1","True Grit+1"],"picked":"Singing Bowl","floor":41},{"not_picked":["Evolve+1","Iron Wave+1","Carnage+1","Headbutt+1"],"picked":"Singing Bowl","floor":41},{"not_picked":["True Grit+1","Combust+1","Body Slam+1","Clash+1"],"picked":"Singing Bowl","floor":42},{"not_picked":["Reckless Charge+1","Corruption+1","Carnage+1","Headbutt+1"],"picked":"Singing Bowl","floor":45},{"not_picked":["True Grit+1","Spot Weakness+1","Clash+1","Clothesline+1"],"picked":"Singing Bowl","floor":45},{"not_picked":["Pommel Strike+1","Carnage+1","Shrug It Off+1","Wild Strike+1"],"picked":"Singing Bowl","floor":46},{"not_picked":["Armaments+1","Anger+1","Headbutt+1","Blood for Blood+1"],"picked":"Singing Bowl","floor":48},{"not_picked":["Sword Boomerang+1","Iron Wave+1","Hemokinesis+1","Headbutt+1"],"picked":"Singing Bowl","floor":48}],"player_experience":399121,"relics_obtained":[{"floor":4,"key":"Circlet"},{"floor":4,"key":"Circlet"},{"floor":6,"key":"Circlet"},{"floor":9,"key":"Circlet"},{"floor":9,"key":"Circlet"},{"floor":21,"key":"Circlet"},{"floor":22,"key":"Nilry\u0027s Codex"},{"floor":23,"key":"Circlet"},{"floor":26,"key":"Circlet"},{"floor":28,"key":"Circlet"},{"floor":30,"key":"Circlet"},{"floor":36,"key":"Circlet"},{"floor":40,"key":"Circlet"},{"floor":42,"key":"Circlet"},{"floor":43,"key":"Circlet"},{"floor":46,"key":"Circlet"}],"event_choices":[{"cards_removed":["Strike_R"],"damage_healed":0,"gold_gain":0,"player_choice":"Forget","damage_taken":0,"max_hp_gain":0,"max_hp_loss":0,"event_name":"Living Wall","floor":8,"gold_loss":0},{"damage_healed":0,"gold_gain":100,"player_choice":"Pray","damage_taken":0,"max_hp_gain":0,"max_hp_loss":0,"event_name":"Golden Shrine","floor":12,"gold_loss":0},{"damage_healed":0,"gold_gain":0,"player_choice":"Obtained Book","damage_taken":16,"max_hp_gain":0,"max_hp_loss":0,"event_name":"Cursed Tome","floor":22,"gold_loss":0},{"cards_removed":["Defend_R"],"damage_healed":0,"gold_gain":0,"player_choice":"Gave Gold","damage_taken":0,"max_hp_gain":0,"max_hp_loss":0,"event_name":"Beggar","floor":31,"gold_loss":75},{"damage_healed":0,"gold_gain":0,"player_choice":"Paid","damage_taken":0,"relics_obtained":["Red Mask"],"max_hp_gain":0,"max_hp_loss":0,"event_name":"Tomb of Lord Red Mask","floor":44,"gold_loss":3079}],"is_beta":false,"boss_relics":[{"not_picked":["Ectoplasm","Coffee Dripper"],"picked":"Empty Cage"},{"not_picked":["Velvet Choker","Runic Dome"],"picked":"Sozu"}],"items_purged_floors":[3,10,13,19,29,37],"is_endless":false,"potions_floor_spawned":[2,5,6,7,11,14,16,18,20,23,24,28,30,33,35,38,39,40,41,42,45,46,48],"ascension_level":0}}