{"host":"exyz3r55z4kt6m9o","time":1609495328,"event":{"mods":["2.2 Compatiblity","AchievementEnabler","Aspiration","BaseMod","Better Altar","Better Match","Better Note","Better Sensory Stone","Better Skull","Better Third Choice","BetterRewards","Colored Powertips","Energized Spire","Evolution","Friendly Minions","GifTheSpireLib","Gold Saver","Infinite Spire","Ironclad Rager","Jorbs\u0027s Wanderer Trilogy","Luminous","Marisa????????","Minty Spire (QoL Compilation)","Permanent Neow","Rare Cards Sparkle","Reimu??????","Relic Filter","Replay The Spire","Spicy Shops","StSLib","The Bladedancer","The Blue Laboratory","The Gatherer","The Hayseed","The Mystic","The Runesmith","Wandering Minibosses","yUi"],"gold_per_floor":[176,199,199,12,36,74,74,99,99,122,22,53,53,68,68,194,194,213,213,213,213,313,313,98,98,98,98,137,155,173,198,198,323,323,347,680,78,98,98,98,124,0,79,79,79,79,79,91,91,91,91],"floor_reached":50,"playtime":2131,"items_purged":["Runesmith:Defend_RS","Runesmith:Defend_RS","Runesmith:Defend_RS","Runesmith:Strike_RS","Runesmith:Strike_RS"],"score":544,"play_id":"fc9428f4-1ca8-439a-bd74-864c812caba2","local_time":"20210101050208","is_ascension_mode":false,"campfire_choices":[{"floor":7,"key":"REST"},{"floor":15,"key":"REST"},{"data":"Runesmith:LightningRod","floor":27,"key":"SMITH"},{"floor":32,"key":"REST"},{"data":"Mayhem","floor":40,"key":"SMITH"},{"floor":45,"key":"REST"},{"data":"Runesmith:Firestorm","floor":49,"key":"SMITH"}],"circlet_count":0,"master_deck":["Runesmith:Defend_RS","Runesmith:CraftFirestone","Runesmith:Fortify","Runesmith:EarthShield","Runesmith:PoweredAnvil","Runesmith:EarthShield","Crystallizer","Runesmith:Grindstone","Runesmith:ChiselStab","Runesmith:EarthShield","Runesmith:LightningRod+1","Runesmith:Firestorm+1","Runesmith:Firestorm","Runesmith:CraftProtectio+1","Runesmith:CraftIncendium","Runesmith:BackupBattery","Amplify","Mayhem+1","Runesmith:CraftSpiculum+1"],"relics":["Runesmith:BrokenRuby","EVO:Axolotl","aspiration:Nostalgia","aspiration:DefectSkillbook","aspiration:ArtOfWarUpgrade","Blood Vial","Darkstone Periapt","Empty Cage","Gremlin Horn","Philosopher\u0027s Stone","infinitespire:Lychee Nut","Runesmith:Nanobots","Red Mask","Singing Bowl","Toxic Egg 2"],"acts_visited":["Exordium","TheCity","TheBeyond"],"potions_floor_usage":[12,12,12,16,29,31,33,33,35,35,38,38,50],"damage_taken":[{"damage":0,"enemies":"Cultist","floor":1,"turns":3},{"damage":0,"enemies":"Small Slimes","floor":5,"turns":4},{"damage":35,"enemies":"Lagavulin","floor":6,"turns":7},{"damage":1,"enemies":"Jaw Worm","floor":8,"turns":3},{"damage":13,"enemies":"Red Slaver","floor":10,"turns":3},{"damage":13,"enemies":"Gremlin Nob","floor":12,"turns":6},{"damage":0,"enemies":"Exordium Wildlife","floor":14,"turns":5},{"damage":13,"enemies":"Hexaghost","floor":16,"turns":11},{"damage":0,"enemies":"Shell Parasite","floor":18,"turns":6},{"damage":44,"enemies":"Gremlin Leader","floor":28,"turns":8},{"damage":7,"enemies":"3 Byrds","floor":29,"turns":5},{"damage":22,"enemies":"Cultist and Chosen","floor":30,"turns":6},{"damage":2,"enemies":"Shelled Parasite and Fungi","floor":31,"turns":5},{"damage":4,"enemies":"Collector","floor":33,"turns":10},{"damage":12,"enemies":"3 Shapes","floor":35,"turns":3},{"damage":10,"enemies":"Orb Walker","floor":38,"turns":4},{"damage":42,"enemies":"Reptomancer","floor":41,"turns":6},{"damage":0,"enemies":"Spire Growth","floor":48,"turns":6},{"damage":48,"enemies":"Awakened One","floor":50,"turns":4}],"seed_played":"7213886761814775336","potions_obtained":[{"floor":5,"key":"blueLaboratory:FrostheartPotion"},{"floor":8,"key":"blueLaboratory:FrostheartPotion"},{"floor":10,"key":"blueLaboratory:Moonshine"},{"floor":14,"key":"blueLaboratory:HummingbirdPotion"},{"floor":16,"key":"blueLaboratory:LouseDecoction"},{"floor":18,"key":"ColorlessPotion"},{"floor":29,"key":"blueLaboratory:LouseDecoction"},{"floor":35,"key":"Block Potion"},{"floor":48,"key":"blueLaboratory:FruitPunch"}],"is_trial":false,"path_per_floor":["M","T","?","$","M","E","R","M","T","M","$","E","$","M","R","B",null,"M","?","AVR","?","?","R","$","R","T","R","E","M","M","M","R","B",null,"M","?","$","M","?","R","E","?","T","$","R","?","T","M","R","B"],"character_chosen":"RUNESMITH_CLASS","items_purchased":["Runesmith:PoweredAnvil","Runesmith:Firestorm","Mayhem","infinitespire:Lychee Nut"],"campfire_rested":4,"item_purchase_floors":[4,24,37,37],"current_hp_per_floor":[70,70,53,53,53,18,39,40,40,29,29,18,18,20,41,30,70,70,70,70,70,70,70,70,70,70,70,26,21,1,1,22,20,70,58,58,52,43,43,43,9,9,9,9,23,28,28,38,38,0,0],"gold":91,"neow_bonus":"NOSTALGIA","is_daily":false,"chose_seed":false,"campfire_upgraded":3,"win_rate":0.0,"timestamp":1609495328,"path_taken":["M","?","?","$","M","E","R","?","T","M","?","E","$","M","R","BOSS","M","?","AVR","?","?","R","$","R","T","R","E","M","?","M","R","BOSS","M","?","$","M","?","R","E","?","T","$","R","?","?","M","R","BOSS"],"items_purchased_type":["Card","Card","Card","Relic"],"build_version":"2020-12-22","purchased_purges":5,"victory":false,"max_hp_per_floor":[70,70,70,70,70,70,70,70,70,70,70,70,70,70,70,70,70,70,70,70,70,70,70,70,70,70,70,70,70,70,70,70,70,70,70,70,52,52,49,49,49,49,49,49,49,49,49,51,51,53,53],"card_choices":[{"not_picked":["Hologram","Streamline","Runesmith:HammerThrow"],"picked":"Runesmith:EarthShield","floor":1},{"not_picked":["Blizzard","Runesmith:Repurpose","Runesmith:Augment"],"picked":"Runesmith:EarthShield","floor":5},{"not_picked":["Consume","Runesmith:Electrocute","Conserve Battery"],"picked":"Crystallizer","floor":6},{"not_picked":["Redo","Cold Snap","Time Bomb"],"picked":"Runesmith:Grindstone","floor":8},{"not_picked":["Leap","ReplayTheSpireMod:Repulse","Ball Lightning","Runesmith:EarthShield"],"picked":"SKIP","floor":10},{"not_picked":["Thunder Strike","Leap","Meteor Strike"],"picked":"Runesmith:ChiselStab","floor":12},{"not_picked":["Ball Lightning","Runesmith:StaticCage","Cold Snap"],"picked":"Runesmith:EarthShield","floor":14},{"not_picked":["Runesmith:LastStand","Buffer","Biased Cognition"],"picked":"Runesmith:LightningRod","floor":16},{"not_picked":["Runesmith:EarthShield","Hologram+1","Runesmith:RunicBlueprint","Runesmith:WhiteBalance+1"],"picked":"SKIP","floor":18},{"not_picked":["Runesmith:Grindstone+1","Creative AI","Ball Lightning+1"],"picked":"Runesmith:CraftProtectio+1","floor":28},{"not_picked":["Runesmith:HeatedChisel","Capacitor","Runesmith:CraftProtectio"],"picked":"Runesmith:CraftIncendium","floor":29},{"not_picked":["Go for the Eyes","Conserve Battery+1","Runesmith:EnergizedChisel+1"],"picked":"Runesmith:BackupBattery","floor":30},{"not_picked":["Ball Lightning","aspiration:Polymerization","Runesmith:Retool","All For One"],"picked":"SKIP","floor":31},{"not_picked":["Hyperbeam","Biased Cognition","Seek"],"picked":"Amplify","floor":33},{"not_picked":["Gash+1","Runesmith:EarthShield","Runesmith:HammerThrow","Runesmith:HeatExchange+1"],"picked":"SKIP","floor":35},{"not_picked":["Runesmith:HammerThrow+1","Runesmith:RunicBlueprint+1","Skim"],"picked":"Runesmith:CraftSpiculum+1","floor":38},{"not_picked":["Runesmith:HeatExchange","Sunder","Tempest+1","Heatsinks+1"],"picked":"SKIP","floor":41},{"not_picked":["Runesmith:EnergizedChisel+1","Runesmith:NanitesCloud+1","Runesmith:Overpower+1","Runesmith:LastStand+1"],"picked":"Singing Bowl","floor":48}],"player_experience":658493,"relics_obtained":[{"floor":2,"key":"Art of War"},{"floor":6,"key":"Blood Vial"},{"floor":12,"key":"Darkstone Periapt"},{"floor":28,"key":"Gremlin Horn"},{"floor":41,"key":"Runesmith:Nanobots"},{"floor":43,"key":"Singing Bowl"},{"floor":47,"key":"Toxic Egg 2"}],"event_choices":[{"damage_healed":0,"gold_gain":0,"player_choice":"Take Damage","damage_taken":17,"relics_obtained":["Golden Idol"],"max_hp_gain":0,"max_hp_loss":0,"event_name":"Golden Idol","floor":3,"gold_loss":0},{"cards_removed":["Crystallizer"],"damage_healed":0,"gold_gain":0,"player_choice":"Give","damage_taken":0,"max_hp_gain":0,"max_hp_loss":0,"event_name":"betterNote:BetterNote","floor":19,"gold_loss":0,"cards_obtained":["None"]},{"damage_healed":0,"gold_gain":100,"player_choice":"Pray","damage_taken":0,"max_hp_gain":0,"max_hp_loss":0,"event_name":"Golden Shrine","floor":22,"gold_loss":0},{"damage_healed":0,"gold_gain":333,"player_choice":"Gave Idol","damage_taken":0,"max_hp_gain":0,"max_hp_loss":0,"event_name":"The Moai Head","floor":36,"relics_lost":["Golden Idol"],"gold_loss":0},{"damage_healed":0,"gold_gain":0,"player_choice":"Max HP","damage_taken":0,"max_hp_gain":0,"max_hp_loss":3,"event_name":"Winding Halls","floor":39,"gold_loss":0},{"damage_healed":0,"gold_gain":0,"player_choice":"Paid","damage_taken":0,"relics_obtained":["Red Mask"],"max_hp_gain":0,"max_hp_loss":0,"event_name":"Tomb of Lord Red Mask","floor":42,"gold_loss":124}],"is_beta":false,"boss_relics":[{"not_picked":["energizedSpire:MagnifyingGlass","energizedSpire:HugeHouse"],"picked":"Empty Cage"},{"not_picked":["ChewingGum","Tiny House"],"picked":"Philosopher\u0027s Stone"}],"items_purged_floors":[4,11,20,24,37],"is_endless":false,"potions_floor_spawned":[5,8,10,14,16,18,29,35,48],"killed_by":"Awakened One","ascension_level":0}}