{"host":"26f5wxbpnrkcdwuw","time":1609481865,"event":{"mods":["BaseMod","Friendly Minions","Minty Spire (QoL Compilation)","Robot Space Explorer","StSLib"],"gold_per_floor":[117,21,21,21,31,31,64,64,88,88,109,134,174,199,199,305,305],"floor_reached":16,"playtime":2090,"items_purged":[],"score":185,"play_id":"c9757265-79e5-4958-bb04-a15b01a1086d","local_time":"20210101011745","is_ascension_mode":false,"campfire_choices":[{"data":"RobotSpaceExplorer:ImprovisedAttack","floor":6,"key":"SMITH"},{"data":"RobotSpaceExplorer:PlasmaMissile","floor":8,"key":"SMITH"},{"data":"RobotSpaceExplorer:Discharger","floor":10,"key":"SMITH"},{"floor":15,"key":"REST"}],"circlet_count":0,"master_deck":["RobotSpaceExplorer:Strike","RobotSpaceExplorer:Strike","RobotSpaceExplorer:Strike","RobotSpaceExplorer:Strike","RobotSpaceExplorer:Defend+1","RobotSpaceExplorer:Defend","RobotSpaceExplorer:Defend","RobotSpaceExplorer:Defend","RobotSpaceExplorer:Scan","RobotSpaceExplorer:MiniLasers+1","RobotSpaceExplorer:GlueShot","RobotSpaceExplorer:Discharger+1","RobotSpaceExplorer:ImprovisedAttack+1","RobotSpaceExplorer:PlasmaMissile+1","RobotSpaceExplorer:SlimeMissile","RobotSpaceExplorer:Electropulse","RobotSpaceExplorer:Scanner","RobotSpaceExplorer:FrostMissile","RobotSpaceExplorer:BlastShield"],"relics":["RobotSpaceExplorer:RoboCore","NeowsBlessing","Mercury Hourglass","Question Card","CeramicFish","Anchor"],"acts_visited":["Exordium"],"potions_floor_usage":[13,16],"damage_taken":[{"damage":0,"enemies":"2 Louse","floor":1,"turns":1},{"damage":0,"enemies":"Small Slimes","floor":5,"turns":1},{"damage":0,"enemies":"3 Sentries","floor":7,"turns":1},{"damage":0,"enemies":"Cultist","floor":11,"turns":3},{"damage":16,"enemies":"Exordium Thugs","floor":12,"turns":3},{"damage":6,"enemies":"Gremlin Nob","floor":13,"turns":3},{"damage":3,"enemies":"Blue Slaver","floor":14,"turns":3},{"damage":51,"enemies":"Hexaghost","floor":16,"turns":9}],"seed_played":"6465561519451044629","potions_obtained":[{"floor":12,"key":"EntropicBrew"},{"floor":16,"key":"Explosive Potion"}],"is_trial":false,"path_per_floor":["M","$","?","?","M","R","E","R","T","R","M","M","E","M","R","B"],"character_chosen":"RobotSpaceExplorer","items_purchased":["RobotSpaceExplorer:Discharger","RobotSpaceExplorer:SwiftStep"],"campfire_rested":1,"item_purchase_floors":[2,2],"current_hp_per_floor":[75,75,60,60,60,60,60,60,60,60,60,44,38,35,57,6,6],"gold":305,"neow_bonus":"THREE_ENEMY_KILL","is_daily":false,"chose_seed":false,"campfire_upgraded":3,"win_rate":0.0,"timestamp":1609481865,"path_taken":["M","$","?","?","?","R","E","R","T","R","M","M","E","M","R","BOSS"],"items_purchased_type":["Card","Card"],"build_version":"2020-12-22","purchased_purges":0,"victory":false,"max_hp_per_floor":[75,75,75,75,75,75,75,75,75,75,75,75,75,75,75,75,75],"card_choices":[{"not_picked":["RobotSpaceExplorer:FranticSearch","RobotSpaceExplorer:Counterblock"],"picked":"RobotSpaceExplorer:GlueShot","floor":1},{"not_picked":["RobotSpaceExplorer:MetalStrike","RobotSpaceExplorer:TurboDodge"],"picked":"RobotSpaceExplorer:ImprovisedAttack","floor":5},{"not_picked":["RobotSpaceExplorer:MiniBoosters","RobotSpaceExplorer:SelfCleaning"],"picked":"RobotSpaceExplorer:PlasmaMissile","floor":7},{"not_picked":["RobotSpaceExplorer:StunGrenade","RobotSpaceExplorer:Jetpack","RobotSpaceExplorer:ScrapMissile"],"picked":"RobotSpaceExplorer:SlimeMissile","floor":11},{"not_picked":["RobotSpaceExplorer:Calculate","RobotSpaceExplorer:SurgingShield","RobotSpaceExplorer:Reload"],"picked":"RobotSpaceExplorer:Electropulse","floor":12},{"not_picked":["RobotSpaceExplorer:ScrapShield","RobotSpaceExplorer:StunGrenade","RobotSpaceExplorer:FranticSearch"],"picked":"RobotSpaceExplorer:Scanner","floor":13},{"not_picked":["RobotSpaceExplorer:Probe","RobotSpaceExplorer:SwiftStep","RobotSpaceExplorer:ImprovisedAttack"],"picked":"RobotSpaceExplorer:FrostMissile","floor":14},{"not_picked":["RobotSpaceExplorer:Scanner","RobotSpaceExplorer:TrailblazerForm","RobotSpaceExplorer:Explosion"],"picked":"RobotSpaceExplorer:BlastShield","floor":16}],"player_experience":735199,"relics_obtained":[{"floor":7,"key":"Question Card"},{"floor":9,"key":"CeramicFish"},{"floor":13,"key":"Anchor"}],"event_choices":[{"damage_healed":0,"gold_gain":0,"player_choice":"Entered Light","damage_taken":15,"max_hp_gain":0,"max_hp_loss":0,"event_name":"Shining Light","floor":3,"gold_loss":0,"cards_upgraded":["RobotSpaceExplorer:Defend","RobotSpaceExplorer:MiniLasers"]},{"cards_removed":["RobotSpaceExplorer:SwiftStep"],"damage_healed":0,"gold_gain":0,"player_choice":"Gave Card","damage_taken":0,"relics_obtained":["Mercury Hourglass"],"max_hp_gain":0,"max_hp_loss":0,"event_name":"WeMeetAgain","floor":4,"gold_loss":0}],"is_beta":false,"boss_relics":[],"items_purged_floors":[],"is_endless":false,"potions_floor_spawned":[12,16],"killed_by":"Hexaghost","ascension_level":0}}