{"host":"ljavmhyz2e552xgo","time":1609538232,"event":{"mods":["BaseMod","Better Third Choice","Downfall","Friendly Minions","GungeonMod","Minty Spire (QoL Compilation)","Permanent Neow","Spicy Shops","StSLib"],"gold_per_floor":[99,115,128,143,143,171,171,188,113,113,113,48,48,58,71,71,71,71],"floor_reached":16,"playtime":782,"items_purged":["Slimebound:Strike_Slimebound"],"score":102,"play_id":"d891edcb-6367-4a3a-b42a-f30c191ebe21","local_time":"20210101155712","is_ascension_mode":false,"campfire_choices":[{"data":"Slimebound:Split","floor":1,"key":"SMITH"},{"floor":9,"key":"REST"},{"data":"Slimebound:DouseInSlime","floor":13,"key":"SMITH"}],"circlet_count":0,"master_deck":["Slimebound:Strike_Slimebound","Slimebound:Strike_Slimebound","Slimebound:Tackle","Slimebound:Defend_Slimebound","Slimebound:Defend_Slimebound","Slimebound:Defend_Slimebound","Slimebound:Split+1","Slimebound:CorrosiveSpit","Slimebound:FirmFortitude","Slimebound:HungryTackle","Slimebound:Prepare","Slimebound:FormOfPuddle","Slimebound:SpikyOuterGoop","Slimebound:FlameTackle","Slimebound:DouseInSlime+1","Slimebound:Repurpose","Slimebound:AcidTongue"],"relics":["Slimebound:AbsorbEndCombat","downfall:ShatteredFragment","Smiling Mask","downfall:HeartBlessingBlue","Blue Candle"],"acts_visited":["Exordium"],"potions_floor_usage":[14,16,16],"damage_taken":[{"damage":19,"enemies":"Small Slimes","floor":2,"turns":3},{"damage":18,"enemies":"2 Louse","floor":3,"turns":3},{"damage":7,"enemies":"Cultist","floor":4,"turns":3},{"damage":27,"enemies":"Lagavulin","floor":6,"turns":6},{"damage":23,"enemies":"Exordium Thugs","floor":8,"turns":3},{"damage":21,"enemies":"downfall:FleeingMerchant","floor":12,"turns":4},{"damage":9,"enemies":"2 Fungi Beasts","floor":14,"turns":3},{"damage":19,"enemies":"Blue Slaver","floor":15,"turns":2},{"damage":65,"enemies":"downfall:Defect","floor":16,"turns":6}],"seed_played":"-2573325479954192278","potions_obtained":[{"floor":3,"key":"ColorlessPotion"},{"floor":6,"key":"Swift Potion"},{"floor":14,"key":"sneckomod:MuddlingPotion"},{"floor":15,"key":"sneckomod:MuddlingPotion"}],"is_trial":false,"path_per_floor":["R","M","M","M","?","E","T","M","R","?","?","$","R","M","M","B"],"character_chosen":"SLIMEBOUND","items_purchased":[],"campfire_rested":1,"item_purchase_floors":[],"current_hp_per_floor":[60,49,51,54,36,37,37,28,59,59,59,52,52,47,46,0,0,0],"gold":71,"neow_bonus":"THREE_CARDS","is_daily":false,"chose_seed":false,"campfire_upgraded":2,"win_rate":0.0,"timestamp":1609538232,"path_taken":["R","M","M","M","?","E","T","M","R","?","?","$","R","?","M","BOSS"],"items_purchased_type":[],"build_version":"2020-12-22","purchased_purges":1,"victory":false,"max_hp_per_floor":[60,60,60,60,60,60,60,60,70,70,70,70,70,70,70,70,70,70],"card_choices":[{"not_picked":["Slimebound:LeechingTouch","Slimebound:PressTheAttack"],"picked":"Slimebound:FirmFortitude","floor":0},{"not_picked":["Slimebound:ComboTackle","Slimebound:RollThrough"],"picked":"Slimebound:HungryTackle","floor":2},{"not_picked":["Slimebound:LeechingTouch","Slimebound:GoopSpray"],"picked":"Slimebound:Prepare","floor":3},{"not_picked":["Slimebound:DisruptingSlam","Slimebound:SplitBruiser"],"picked":"Slimebound:FormOfPuddle","floor":4},{"not_picked":["Slimebound:FinishingTackle","Slimebound:FirmFortitude"],"picked":"Slimebound:SpikyOuterGoop","floor":6},{"not_picked":["Slimebound:SplitBruiser","Slimebound:PressTheAttack"],"picked":"Slimebound:FlameTackle","floor":8},{"not_picked":["Slimebound:SplitMire","Slimebound:SplitBruiser"],"picked":"Slimebound:DouseInSlime","floor":12},{"not_picked":["Slimebound:HauntingLick","Slimebound:LeechEnergy"],"picked":"Slimebound:Repurpose","floor":14},{"not_picked":["Slimebound:GrowthPunch","Slimebound:GoopTackle"],"picked":"Slimebound:AcidTongue","floor":15}],"player_experience":1455726,"relics_obtained":[{"floor":6,"key":"Smiling Mask"}],"event_choices":[{"cards_removed":["Slimebound:Defend_Slimebound"],"damage_healed":0,"gold_gain":0,"player_choice":"Purged","damage_taken":0,"max_hp_gain":0,"max_hp_loss":0,"event_name":"Purifier","floor":11,"gold_loss":0}],"is_beta":false,"boss_relics":[],"items_purged_floors":[12],"is_endless":false,"potions_floor_spawned":[3,6,14,15],"killed_by":"downfall:Defect","ascension_level":0}}