{"host":"Timothy","time":1609504297,"event":{"mods":["AchievementEnabler","BaseMod","Bestiary","Highlight Path","Minty Spire (QoL Compilation)","Quick Restart","Slay-I"],"gold_per_floor":[114,75,23,23,38,38,63,86,122,134,182,217,266,297,309,420,432,473,485,497,529,566,578,625,637,673,694,441,366,388,405,414,524,524,553,307,318,318,333,433,462,479,479,497,497,497],"floor_reached":45,"playtime":2507,"items_purged":["Strike_G","Strike_G"],"score":528,"play_id":"68f5ffa5-a8e2-4594-a30f-1f5c77d91c3b","local_time":"20210101043137","is_ascension_mode":false,"campfire_choices":[{"data":"Noxious Fumes","floor":6.0,"key":"SMITH"},{"data":"Neutralize","floor":10.0,"key":"SMITH"},{"data":"Escape Plan","floor":15.0,"key":"SMITH"},{"floor":23,"key":"REST"},{"floor":25,"key":"REST"},{"floor":27,"key":"REST"},{"floor":32,"key":"REST"}],"circlet_count":0,"master_deck":["Strike_G+1","Strike_G","Defend_G","Defend_G","Defend_G+1","Defend_G","Defend_G","Survivor","Neutralize+1","Noxious Fumes+1","Masterful Stab","Dagger Throw","Blur","Escape Plan+1","Noxious Fumes+1","Cloak And Dagger+1","Outmaneuver+1","Crippling Poison","Noxious Fumes","Slice+1","Leg Sweep+1","Unload","Backflip","Blur","Unload","Well Laid Plans+1","Leg Sweep+1","Madness","Madness"],"relics":["Ring of the Snake","Dead Branch","CeramicFish","MawBank","Art of War","Whetstone","Pear","Philosopher\u0027s Stone","Nloth\u0027s Gift","Gremlin Horn","Dream Catcher","Orrery","Coffee Dripper","War Paint"],"acts_visited":["Exordium","TheCity","TheBeyond"],"potions_floor_usage":[24],"damage_taken":[{"damage":0.0,"enemies":"Jaw Worm","floor":1.0,"turns":1.0},{"damage":0.0,"enemies":"Cultist","floor":5.0,"turns":1.0},{"damage":0.0,"enemies":"Gremlin Nob","floor":7.0,"turns":1.0},{"damage":9.0,"enemies":"3 Sentries","floor":11.0,"turns":7.0},{"damage":0.0,"enemies":"Small Slimes","floor":12.0,"turns":2.0},{"damage":13.0,"enemies":"Lagavulin","floor":13.0,"turns":5.0},{"damage":0.0,"enemies":"Red Slaver","floor":14.0,"turns":3.0},{"damage":12.0,"enemies":"The Guardian","floor":16.0,"turns":12.0},{"damage":11.0,"enemies":"Shell Parasite","floor":18.0,"turns":5.0},{"damage":15,"enemies":"Chosen","floor":21,"turns":5},{"damage":23,"enemies":"3 Cultists","floor":22,"turns":6},{"damage":38,"enemies":"Slavers","floor":24,"turns":5},{"damage":1,"enemies":"Snecko","floor":30,"turns":5},{"damage":16,"enemies":"Centurion and Healer","floor":31,"turns":6},{"damage":18,"enemies":"Champ","floor":33,"turns":9},{"damage":2,"enemies":"Orb Walker","floor":35,"turns":4},{"damage":0,"enemies":"3 Darklings","floor":37,"turns":4},{"damage":9,"enemies":"Sphere and 2 Shapes","floor":39,"turns":4},{"damage":11,"enemies":"Writhing Mass","floor":41,"turns":7},{"damage":10,"enemies":"Maw","floor":42,"turns":8},{"damage":44,"enemies":"Nemesis","floor":45,"turns":8}],"seed_played":"3303115881753479919","potions_obtained":[{"floor":7.0,"key":"Explosive Potion"},{"floor":12.0,"key":"Fire Potion"},{"floor":13.0,"key":"DuplicationPotion"},{"floor":14.0,"key":"GhostInAJar"},{"floor":33,"key":"Poison Potion"}],"is_trial":false,"path_per_floor":["M","$","?","$","M","R","E","T","T","R","E","M","E","M","R","B",null,"M","?","?","M","M","R","E","R","T","R","$","?","M","M","R","B",null,"M","$","M","?","M","?","M","M","T","?","E"],"character_chosen":"THE_SILENT","items_purchased":["Noxious Fumes","Noxious Fumes","Orrery","War Paint"],"campfire_rested":4,"item_purchase_floors":[2,28,28,36],"current_hp_per_floor":[70,70,70,70,70,70,70,70,70,70,61,61,58,58,58,46,80,69,54,54,39,16,41,3,28,28,53,53,53,52,36,61,43,85,83,83,83,83,74,74,63,53,53,42,0,0],"gold":497,"neow_bonus":"THREE_ENEMY_KILL","is_daily":false,"chose_seed":false,"campfire_upgraded":3,"win_rate":0.0,"timestamp":1609504297,"path_taken":["M","$","?","$","?","R","E","?","T","R","E","M","E","M","R","BOSS","M","?","?","M","?","R","E","R","T","R","$","?","M","M","R","BOSS","M","$","M","?","M","?","?","M","T","?","E"],"items_purchased_type":["Card","Card","Relic","Relic"],"build_version":"2020-12-18","purchased_purges":2,"victory":false,"max_hp_per_floor":[70,70,70,70,70,70,70,70,70,70,70,70,80,80,80,80,80,80,85,85,85,85,85,85,85,85,85,85,85,85,85,85,85,85,85,85,85,85,85,85,85,85,85,85,85,85],"card_choices":[{"not_picked":["Underhanded Strike","Acrobatics","Outmaneuver"],"picked":"SKIP","floor":1.0},{"not_picked":["Outmaneuver","Catalyst"],"picked":"Dagger Throw","floor":5.0},{"not_picked":["Leg Sweep","Quick Slash","Slice"],"picked":"SKIP","floor":7.0},{"not_picked":["Deadly Poison","Heel Hook"],"picked":"Masterful Stab","floor":11.0},{"not_picked":["Cloak And Dagger","Outmaneuver"],"picked":"Dagger Throw","floor":12.0},{"not_picked":["Riddle With Holes","Quick Slash"],"picked":"Blur","floor":13.0},{"not_picked":["Dagger Throw","Accuracy"],"picked":"Escape Plan","floor":14.0},{"not_picked":["Bouncing Flask","Outmaneuver"],"picked":"Noxious Fumes+1","floor":18.0},{"not_picked":["Eviscerate","Leg Sweep"],"picked":"Cloak And Dagger+1","floor":21},{"not_picked":["Burst","Underhanded Strike+1"],"picked":"Outmaneuver","floor":22},{"not_picked":["Burst","Prepared","Catalyst"],"picked":"SKIP","floor":24},{"not_picked":["Infinite Blades","Bouncing Flask+1"],"picked":"Crippling Poison","floor":27},{"not_picked":["Sucker Punch","PiercingWail"],"picked":"Slice+1","floor":28},{"not_picked":["PiercingWail","Eviscerate"],"picked":"Leg Sweep+1","floor":28},{"not_picked":["Slice+1","Endless Agony"],"picked":"Unload","floor":28},{"not_picked":["Wraith Form v2","Glass Knife"],"picked":"Backflip","floor":30},{"not_picked":["Underhanded Strike","Choke","Distraction"],"picked":"SKIP","floor":31},{"not_picked":["Acrobatics","Poisoned Stab"],"picked":"Blur","floor":32},{"not_picked":["Burst","Tools of the Trade"],"picked":"Unload","floor":33},{"not_picked":["Masterful Stab+1","Dodge and Roll+1"],"picked":"Well Laid Plans+1","floor":35},{"not_picked":["Underhanded Strike","Cloak And Dagger+1","Dagger Spray"],"picked":"SKIP","floor":37},{"not_picked":["Cloak And Dagger","Riddle With Holes+1","Infinite Blades+1"],"picked":"SKIP","floor":39},{"not_picked":["Poisoned Stab+1","Outmaneuver+1"],"picked":"Leg Sweep+1","floor":41},{"not_picked":["Eviscerate+1","Bane","Blade Dance+1"],"picked":"SKIP","floor":42}],"player_experience":701758,"relics_obtained":[{"floor":7.0,"key":"CeramicFish"},{"floor":8.0,"key":"MawBank"},{"floor":9.0,"key":"Art of War"},{"floor":11.0,"key":"Whetstone"},{"floor":13.0,"key":"Pear"},{"floor":24,"key":"Gremlin Horn"},{"floor":26,"key":"Dream Catcher"}],"event_choices":[{"damage_healed":0.0,"max_hp_gain":0.0,"max_hp_loss":0.0,"gold_gain":0.0,"event_name":"WeMeetAgain","player_choice":"Paid Gold","floor":3.0,"gold_loss":52.0,"damage_taken":0.0,"relics_obtained":["Dead Branch"]},{"damage_healed":0.0,"max_hp_gain":5.0,"max_hp_loss":0.0,"gold_gain":0.0,"event_name":"Forgotten Altar","player_choice":"Shed Blood","floor":19.0,"gold_loss":0.0,"damage_taken":20.0},{"damage_healed":0.0,"max_hp_gain":0.0,"max_hp_loss":0.0,"gold_gain":0.0,"event_name":"N\u0027loth","player_choice":"Traded Relic","floor":20.0,"relics_lost":["NeowsBlessing"],"gold_loss":0.0,"damage_taken":0.0,"relics_obtained":["Nloth\u0027s Gift"]},{"cards_removed":["Strike_G"],"damage_healed":0,"gold_gain":0,"player_choice":"Gave Gold","damage_taken":0,"max_hp_gain":0,"max_hp_loss":0,"event_name":"Beggar","floor":29,"gold_loss":75},{"cards_removed":["Dagger Throw"],"damage_healed":0,"gold_gain":0,"player_choice":"Removed Attack","damage_taken":0,"max_hp_gain":0,"max_hp_loss":0,"event_name":"Falling","floor":38,"gold_loss":0},{"damage_healed":0,"gold_gain":100,"player_choice":"Pray","damage_taken":0,"max_hp_gain":0,"max_hp_loss":0,"event_name":"Golden Shrine","floor":40,"gold_loss":0},{"damage_healed":0,"gold_gain":0,"player_choice":"Embrace Madness","damage_taken":11,"max_hp_gain":0,"max_hp_loss":0,"event_name":"Winding Halls","floor":44,"gold_loss":0,"cards_obtained":["Madness","Madness"]}],"is_beta":true,"boss_relics":[{"not_picked":["Velvet Choker","SacredBark"],"picked":"Philosopher\u0027s Stone"},{"not_picked":["Busted Crown","Runic Dome"],"picked":"Coffee Dripper"}],"items_purged_floors":[28,36],"is_endless":false,"potions_floor_spawned":[7,12,13,14,18,33,41,42],"killed_by":"Nemesis","ascension_level":0}}