{"host":"y6zg4wwu39otf01a","time":1609528783,"event":{"mods":["Act Like it!","Aspiration","BaseMod","Better Altar","Better Match","Better Note","Better Sensory Stone","Better Skull","Better Third Choice","Colored Map","Colored Powertips","Conspire","GifTheSpireLib","Glutton Mod","Halation","Hermit","Highlight Path","Hubris","Infinite Spire","Mimic Mod","Minty Spire (QoL Compilation)","Quick Restart","Random Character Button","Rare Cards Sparkle","Replay The Spire","Retaliation","Shade Mod","Spicy Shops","StSLib","Stuff the Spire","The Blue Laboratory","The Jungle","TheArtist","thorton","vexMod"],"gold_per_floor":[109,33,49,49,76,76,107,107,132,143,159,295,295,311,311,412,412,425,425,425,101,201,317,317,327,353,353,370,284,298,409,409,504,504,524,524,524,538,557,666,666,680,726,726,741,768,69,69,69,69,69],"floor_reached":50,"playtime":4435,"items_purged":[],"score":552,"play_id":"cb9da308-00b9-4a63-9997-62bcab35df2d","local_time":"20210101141943","is_ascension_mode":false,"campfire_choices":[{"data":"StuffTheSpire:Innocence","floor":6,"key":"SMITH"},{"data":"Eruption","floor":8,"key":"SMITH"},{"floor":15,"key":"REST"},{"floor":24,"key":"RECALL"},{"floor":27,"key":"REST"},{"floor":41,"key":"REST"},{"floor":44,"key":"REST"},{"floor":49,"key":"REST"}],"circlet_count":0,"master_deck":["Strike_P","Strike_P","Strike_P","Strike_P","Defend_P","Defend_P","Defend_P","Defend_P","Eruption+1","Vigilance","Replay:Hum","FlurryOfBlows","Weave","StuffTheSpire:Innocence+1","Replay:Cycle+1","Replay:ManipulateFuture","CarveReality","JustLucky","Vault+1","Replay:BluntJabs","FlurryOfBlows","DevaForm","Replay:Battleflow+1","SpiritShield","Pot Of Greed","Pot Of Greed","Pot Of Greed","SandsOfTime","FearNoEvil+1","Replay:Cycle+1","hubris:DuctTapeCard","ReplayTheSpireMod:IOU"],"relics":["PureWater","Bag of Preparation","StuffTheSpire:TintedRock","PreservedInsect","Replay:Wax Seal","Fusion Hammer","StuffTheSpire:CocoNut","Guide Book","halation:SelfBoilingWater","StuffTheSpire:Gunfinga","halation:LettersToHer","Boot","Grinning Jar","CeramicFish","hubris:DuctTape","StuffTheSpire:GrapeVine","Ginger","StrikeDummy"],"acts_visited":["Exordium","TheCity","TheBeyond"],"potions_floor_usage":[11,12,12,16,30,33,33,33,46,50,50],"damage_taken":[{"damage":5,"enemies":"2 Louse","floor":1,"turns":2},{"damage":0,"enemies":"Cultist","floor":3,"turns":2},{"damage":19,"enemies":"Gremlin Nob","floor":7,"turns":3},{"damage":0,"enemies":"Jaw Worm","floor":10,"turns":3},{"damage":0,"enemies":"Lots of Slimes","floor":11,"turns":3},{"damage":19,"enemies":"3 Sentries","floor":12,"turns":7},{"damage":0,"enemies":"2 Fungi Beasts","floor":14,"turns":1},{"damage":43,"enemies":"Fading Forest","floor":16,"turns":11},{"damage":0,"enemies":"2 Thieves","floor":18,"turns":2},{"damage":16,"enemies":"Slavers","floor":23,"turns":5},{"damage":0,"enemies":"Chosen","floor":25,"turns":4},{"damage":0,"enemies":"Snake Plant","floor":28,"turns":3},{"damage":6,"enemies":"3 Cultists","floor":29,"turns":5},{"damage":2,"enemies":"Cultist and Chosen","floor":30,"turns":3},{"damage":35,"enemies":"hubris:MusketHawk","floor":33,"turns":6},{"damage":1,"enemies":"3 Shapes","floor":35,"turns":2},{"damage":3,"enemies":"Orb Walker","floor":38,"turns":3},{"damage":19,"enemies":"Writhing Mass","floor":39,"turns":4},{"damage":22,"enemies":"Nemesis","floor":40,"turns":6},{"damage":10,"enemies":"Maw","floor":42,"turns":7},{"damage":40,"enemies":"4 Shapes","floor":45,"turns":5},{"damage":13,"enemies":"3 Darklings","floor":46,"turns":4},{"damage":157,"enemies":"infinitespire:MassOfShapes","floor":50,"turns":8}],"seed_played":"-2896347198467152779","potions_obtained":[{"floor":1,"key":"Elixir"},{"floor":3,"key":"BottledMiracle"},{"floor":10,"key":"Block Potion"},{"floor":14,"key":"blueLaboratory:NullPotion"},{"floor":16,"key":"BlessingOfTheForge"},{"floor":18,"key":"blueLaboratory:AlphaPotion"},{"floor":28,"key":"blueLaboratory:AlphaPotion"},{"floor":30,"key":"blueLaboratory:BubblePotion"},{"floor":32,"key":"Fruit Juice"},{"floor":32,"key":"blueLaboratory:RecallPotion"},{"floor":39,"key":"conspire:TimeTravelPotion"},{"floor":42,"key":"blueLaboratory:CorrosionFlask"},{"floor":45,"key":"blueLaboratory:BottleOfVodka"}],"is_trial":false,"path_per_floor":["M","$","M","?","T","R","E","R","T","M","M","E","?","M","R","B",null,"M","?","T","$","$","E","R","M","T","R","M","M","M","?","R_BF","B",null,"M","?","?","M","M","E","R","M","T","R","M","M","$","?","R","B"],"character_chosen":"WATCHER","items_purchased":["FlurryOfBlows","Guide Book","FlurryOfBlows","halation:SelfBoilingWater","hubris:DuctTape","StuffTheSpire:GrapeVine","Ginger","StrikeDummy"],"campfire_rested":5,"item_purchase_floors":[2,21,21,21,47,47,47,47],"current_hp_per_floor":[74,74,74,67,67,67,48,48,48,48,48,29,29,29,52,31,79,79,79,86,86,86,70,70,70,70,86,86,80,78,51,51,21,91,90,90,90,87,68,46,73,63,63,90,50,37,37,46,73,0,0],"gold":69,"neow_bonus":"TEN_PERCENT_HP_BONUS","is_daily":false,"chose_seed":false,"campfire_upgraded":2,"win_rate":0.0,"timestamp":1609528783,"path_taken":["M","$","M","?","?","R","E","R","T","M","M","E","?","?","R","BOSS","M","?","?","?","$","E","R","M","T","R","M","M","?","?","R_BF","BOSS","M","?","?","?","M","E","R","M","T","R","M","M","$","?","R","BOSS"],"items_purchased_type":["Card","Relic","Card","Relic","Relic","Relic","Relic","Relic"],"build_version":"2020-12-22","purchased_purges":0,"victory":false,"max_hp_per_floor":[79,79,79,79,79,79,79,79,79,79,79,79,79,79,79,79,79,79,79,86,86,86,86,86,86,86,86,86,86,86,86,86,91,91,91,91,91,91,91,91,91,91,91,91,91,91,91,91,91,91,91],"card_choices":[{"not_picked":["Wireheading","CrushJoints"],"picked":"Replay:Hum","floor":1},{"not_picked":["Pray","TalkToTheHand"],"picked":"Weave","floor":3},{"not_picked":["Pray","Replay:BluntJabs"],"picked":"Replay:Cycle","floor":7},{"not_picked":["BowlingBash","Vengeance"],"picked":"Replay:ManipulateFuture","floor":10},{"not_picked":["Halt","EmptyBody","Replay:Hum"],"picked":"SKIP","floor":11},{"not_picked":["ReachHeaven","FlyingSleeves"],"picked":"CarveReality","floor":12},{"not_picked":["SashWhip","ForeignInfluence"],"picked":"JustLucky","floor":14},{"not_picked":["Omniscience","LessonLearned"],"picked":"Vault","floor":16},{"not_picked":["Sanctity","FlyingSleeves+1"],"picked":"Replay:BluntJabs","floor":18},{"not_picked":["BowlingBash+1","EmptyFist+1"],"picked":"DevaForm","floor":23},{"not_picked":["FollowUp","ThirdEye+1","CrushJoints"],"picked":"SKIP","floor":25},{"not_picked":["Conclude","BowlingBash","Replay:ManipulateFuture"],"picked":"SKIP","floor":28},{"not_picked":["EmptyBody","Replay:BluntJabs"],"picked":"Replay:Battleflow+1","floor":29},{"not_picked":["Prostrate","EmptyMind","Crescendo"],"picked":"SKIP","floor":30},{"not_picked":["Blasphemy","Devotion"],"picked":"SpiritShield","floor":33},{"not_picked":["WaveOfTheHand+1","EmptyBody","Prostrate"],"picked":"SKIP","floor":35},{"not_picked":["ClearTheMind+1","Consecrate+1"],"picked":"SandsOfTime","floor":38},{"not_picked":["InnerPeace+1","Replay:ManipulateFuture","SashWhip"],"picked":"SKIP","floor":39},{"not_picked":["ThirdEye+1","EmptyMind+1"],"picked":"FearNoEvil+1","floor":40},{"not_picked":["ClearTheMind","Consecrate","Worship+1"],"picked":"SKIP","floor":42},{"not_picked":["Evaluate","BowlingBash+1","Perseverance+1"],"picked":"SKIP","floor":45},{"not_picked":["CutThroughFate","MasterReality"],"picked":"Replay:Cycle+1","floor":46}],"player_experience":668757,"relics_obtained":[{"floor":5,"key":"Bag of Preparation"},{"floor":7,"key":"StuffTheSpire:TintedRock"},{"floor":9,"key":"PreservedInsect"},{"floor":12,"key":"Replay:Wax Seal"},{"floor":20,"key":"StuffTheSpire:CocoNut"},{"floor":23,"key":"StuffTheSpire:Gunfinga"},{"floor":26,"key":"halation:LettersToHer"},{"floor":40,"key":"CeramicFish"},{"floor":43,"key":"halation:LettersToHer"}],"event_choices":[{"damage_healed":0,"gold_gain":0,"player_choice":"Upgraded","damage_taken":0,"max_hp_gain":0,"max_hp_loss":0,"event_name":"Upgrade Shrine","floor":13,"gold_loss":0,"cards_upgraded":["Replay:Cycle"]},{"damage_healed":0,"gold_gain":0,"player_choice":"Take","damage_taken":0,"max_hp_gain":0,"max_hp_loss":0,"event_name":"betterNote:BetterNote","floor":19,"gold_loss":0,"cards_obtained":["DeusExMachina"]},{"damage_healed":0,"gold_gain":111,"player_choice":"GO RE ","damage_taken":30,"relics_obtained":["Boot"],"max_hp_gain":0,"max_hp_loss":0,"event_name":"betterSkull:BetterSkull","floor":31,"gold_loss":0,"cards_upgraded":[]},{"damage_healed":0,"gold_gain":0,"player_choice":"Got Potions","damage_taken":0,"max_hp_gain":0,"max_hp_loss":0,"event_name":"Lab","floor":32,"gold_loss":0},{"damage_healed":0,"gold_gain":0,"player_choice":"Copied","damage_taken":0,"max_hp_gain":0,"max_hp_loss":0,"event_name":"Duplicator","floor":37,"gold_loss":0,"cards_obtained":["StuffTheSpire:Innocence"]}],"is_beta":false,"boss_relics":[{"not_picked":["aspiration:RunicSpoon","vexMod:NewClearReactor"],"picked":"Fusion Hammer"},{"not_picked":["halation:ForbiddenBikini","Coffee Dripper","Replay:Cursed D8"]}],"items_purged_floors":[],"is_endless":false,"potions_floor_spawned":[1,3,10,14,16,18,28,29,30,39,42,45],"killed_by":"infinitespire:MassOfShapes","ascension_level":0}}