{"host":"31s8hzukbhz1k6i6","time":1609469059,"event":{"mods":["AchievementEnabler","BaseMod","Bestiary","Colored Map","Filter the Spire","Minty Spire (QoL Compilation)","Relic Stats","UnlockEverythingMod","ojb\u0027s Info Mod"],"gold_per_floor":[359,359,204,204,27,59,59,88,168,183,183,218,218,233,233,337,337,347,362,92,92,111,144,144,23,23,23,23,23,23,55,55,55,55],"floor_reached":33,"playtime":1294,"items_purged":["Regret","Bash"],"score":471,"play_id":"3ee0c220-8cfa-4821-9da0-26a5935b1287","local_time":"20201231184419","is_ascension_mode":true,"campfire_choices":[{"floor":7.0,"key":"REST"},{"data":"Juggernaut","floor":11.0,"key":"SMITH"},{"data":"Barricade","floor":15.0,"key":"SMITH"},{"data":"Juggernaut","floor":24,"key":"SMITH"},{"floor":29,"key":"REST"},{"data":"Body Slam","floor":32,"key":"SMITH"}],"circlet_count":0,"master_deck":["AscendersBane","Defend_R+1","Defend_R+1","Defend_R+1","Defend_R+1","Shockwave+1","Impervious+1","Juggernaut+1","Feel No Pain","Reaper","Burning Pact+1","Barricade+1","Juggernaut+1","Impervious","Body Slam+1","Dual Wield+1","Feel No Pain","Bite","Bite","Bite","Bite","Bite"],"relics":["Burning Blood","Potion Belt","Regal Pillow","Turnip","InkBottle","Anchor","Philosopher\u0027s Stone","War Paint","Darkstone Periapt","Bag of Marbles","Bag of Preparation"],"acts_visited":["Exordium","TheCity"],"potions_floor_usage":[23,23,23],"damage_taken":[{"damage":0.0,"enemies":"2 Louse","floor":1.0,"turns":2.0},{"damage":55.0,"enemies":"3 Sentries","floor":6.0,"turns":11.0},{"damage":18.0,"enemies":"Lagavulin","floor":8.0,"turns":9.0},{"damage":2.0,"enemies":"Small Slimes","floor":10.0,"turns":6.0},{"damage":23.0,"enemies":"3 Sentries","floor":12.0,"turns":7.0},{"damage":2.0,"enemies":"Cultist","floor":14.0,"turns":4.0},{"damage":12.0,"enemies":"The Guardian","floor":16.0,"turns":18.0},{"damage":23.0,"enemies":"Chosen","floor":18.0,"turns":6.0},{"damage":28.0,"enemies":"Spheric Guardian","floor":19.0,"turns":5.0},{"damage":3,"enemies":"Snecko","floor":22,"turns":6},{"damage":34,"enemies":"Slavers","floor":23,"turns":8},{"damage":21,"enemies":"Book of Stabbing","floor":31,"turns":6},{"damage":69,"enemies":"Collector","floor":33,"turns":7}],"seed_played":"-5446347108922009637","potions_obtained":[{"floor":6.0,"key":"LiquidBronze"},{"floor":16.0,"key":"DuplicationPotion"},{"floor":19.0,"key":"DistilledChaos"},{"floor":22,"key":"AttackPotion"}],"is_trial":false,"path_per_floor":["M","?","$","?","$","E","R","E","T","M","R","E","?","M","R","B",null,"M","M","$","?","M","E","R","$","T","?","$","R","?","E","R","B"],"character_chosen":"IRONCLAD","items_purchased":["Impervious","Juggernaut","Impervious","Body Slam","War Paint","Feel No Pain","SpeedPotion"],"campfire_rested":2,"item_purchase_floors":[3,5,20,20,20,25,25],"current_hp_per_floor":[78,66,66,66,66,17,56,44,44,60,60,47,31,39,39,35,69,55,34,34,34,41,25,25,25,25,25,25,56,56,45,45,0,0],"gold":55,"neow_bonus":"TWO_FIFTY_GOLD","is_daily":false,"chose_seed":false,"campfire_upgraded":4,"win_rate":0.0,"timestamp":1609469059,"path_taken":["M","?","$","?","$","E","R","E","T","?","R","E","?","M","R","BOSS","M","M","$","?","M","E","R","$","T","?","$","R","?","E","R","BOSS"],"items_purchased_type":["Card","Card","Card","Card","Relic","Card","Potion"],"build_version":"2020-12-22","purchased_purges":2,"victory":false,"max_hp_per_floor":[80,80,80,80,80,80,80,80,80,80,80,80,80,80,80,80,80,80,80,80,80,80,80,80,80,80,56,56,56,56,56,56,56,56],"relic_stats":{"Darkstone Periapt":0,"Regal Pillow":30,"counters":[13,95],"Turnip":[11],"Bag of Preparation":[2],"War Paint":["Defend_R","Defend_R"],"obtain_stats":[{"Potion Belt":2,"Darkstone Periapt":23,"Regal Pillow":6,"Anchor":12,"Philosopher\u0027s Stone":17,"Turnip":8,"Bag of Marbles":26,"Bag of Preparation":31,"War Paint":20,"Burning Blood":0,"InkBottle":9},{"Potion Belt":1,"Darkstone Periapt":11,"Regal Pillow":2,"Anchor":5,"Philosopher\u0027s Stone":7,"Turnip":3,"Bag of Marbles":11,"Bag of Preparation":12,"War Paint":9,"Burning Blood":0,"InkBottle":3},{"Potion Belt":2,"Darkstone Periapt":82,"Regal Pillow":13,"Anchor":35,"Philosopher\u0027s Stone":57,"Turnip":22,"Bag of Marbles":82,"Bag of Preparation":88,"War Paint":68,"Burning Blood":0,"InkBottle":22}],"Burning Blood":72,"InkBottle":[16]},"card_choices":[{"not_picked":["Havoc","Thunderclap"],"picked":"Shockwave","floor":1.0},{"not_picked":["Cleave","Flex"],"picked":"Feel No Pain","floor":6.0},{"not_picked":["Warcry","Shockwave"],"picked":"Reaper","floor":8.0},{"not_picked":["Twin Strike","Second Wind"],"picked":"Burning Pact","floor":10.0},{"not_picked":["Fire Breathing","Clash"],"picked":"Barricade","floor":12.0},{"not_picked":["Cleave","Warcry","Armaments"],"picked":"SKIP","floor":14.0},{"not_picked":["Fiend Fire","Barricade"],"picked":"Juggernaut","floor":16.0},{"not_picked":["Wild Strike","Havoc","Cleave"],"picked":"SKIP","floor":18.0},{"not_picked":["Sword Boomerang+1","Clash+1","Thunderclap"],"picked":"SKIP","floor":19.0},{"not_picked":["Intimidate","Heavy Blade+1"],"picked":"Dual Wield+1","floor":22},{"not_picked":["Rampage","Sword Boomerang","Pummel+1"],"picked":"SKIP","floor":23},{"not_picked":["Rage","Flex","Wild Strike"],"picked":"SKIP","floor":31}],"player_experience":124895,"relics_obtained":[{"floor":6.0,"key":"Regal Pillow"},{"floor":8.0,"key":"Turnip"},{"floor":9.0,"key":"InkBottle"},{"floor":12.0,"key":"Anchor"},{"floor":23,"key":"Darkstone Periapt"},{"floor":26,"key":"Bag of Marbles"},{"floor":31,"key":"Bag of Preparation"}],"event_choices":[{"damage_healed":0.0,"max_hp_gain":0.0,"max_hp_loss":0.0,"gold_gain":0.0,"event_name":"Scrap Ooze","player_choice":"Success","floor":2.0,"gold_loss":0.0,"damage_taken":12.0,"relics_obtained":["Potion Belt"]},{"damage_healed":0.0,"max_hp_gain":0.0,"max_hp_loss":0.0,"gold_gain":0.0,"event_name":"Upgrade Shrine","player_choice":"Upgraded","floor":4.0,"gold_loss":0.0,"damage_taken":0.0,"cards_upgraded":["Shockwave"]},{"damage_healed":0.0,"max_hp_gain":0.0,"max_hp_loss":0.0,"gold_gain":0.0,"event_name":"Shining Light","player_choice":"Entered Light","floor":13.0,"gold_loss":0.0,"damage_taken":16.0,"cards_upgraded":["Impervious","Burning Pact"]},{"damage_healed":0,"gold_gain":0,"player_choice":"Ignored","damage_taken":0,"max_hp_gain":0,"max_hp_loss":0,"event_name":"Ghosts","floor":21,"gold_loss":0},{"damage_healed":0,"gold_gain":0,"player_choice":"Became a vampire","damage_taken":0,"max_hp_gain":0,"max_hp_loss":24,"event_name":"Vampires","floor":27,"gold_loss":0,"cards_obtained":["Bite","Bite","Bite","Bite","Bite"]},{"damage_healed":0,"gold_gain":0,"player_choice":"Simplicity","damage_taken":0,"max_hp_gain":0,"max_hp_loss":0,"event_name":"Back to Basics","floor":30,"gold_loss":0,"cards_upgraded":["Defend_R","Defend_R"]}],"is_beta":false,"boss_relics":[{"not_picked":["SacredBark","Runic Pyramid"],"picked":"Philosopher\u0027s Stone"}],"items_purged_floors":[3,5],"is_endless":false,"potions_floor_spawned":[6,16,19,22],"killed_by":"Collector","ascension_level":10}}