{"host":"879u177vr8bnqwsn","time":1609522420,"event":{"mods":["BaseMod","Infinite Spire","Minty Spire (QoL Compilation)","Replay The Spire","StSLib"],"gold_per_floor":[114,114,29,40,6,33,53,53,128,144,162,262,280,312,312,413,413,433,444,444,464,484,484,496,525,552,577,577,588,107,32,32,136,136,161,190,190,190,218,218,252,252,252,75,93,131,131,131,131,131,131,131,14,47,47,47],"floor_reached":55,"playtime":9277,"items_purged":["Strike_G","Strike_G","Underhanded Strike"],"score":999,"play_id":"49a7cfbc-9e53-4e99-bfee-213bc5a6623b","local_time":"20210101153340","is_ascension_mode":false,"campfire_choices":[{"data":"Neutralize","floor":8,"key":"SMITH"},{"data":"Bouncing Flask","floor":15,"key":"SMITH"},{"data":"Footwork","floor":23,"key":"SMITH"},{"floor":28,"key":"REST"},{"data":"ReplayTheSpireMod:Necrosis","floor":32,"key":"SMITH"},{"data":"Poison Darts","floor":40,"key":"SMITH"},{"floor":42,"key":"RECALL"},{"floor":49,"key":"REST"},{"data":"Replay:Bag of Tricks","floor":52,"key":"SMITH"}],"circlet_count":0,"master_deck":["Strike_G","Strike_G","Defend_G","Defend_G+1","Defend_G","Defend_G","Survivor","Neutralize+1","m_Survivalism+1","m_Survivalism","Quick Slash","Bouncing Flask","Dagger Spray","Bouncing Flask","Bouncing Flask+1","PiercingWail","ReplayTheSpireMod:Scrap Shanks","Cloak And Dagger","PiercingWail","Cloak And Dagger","ReplayTheSpireMod:Necrosis+1","Deadly Poison","Deflect","Cloak And Dagger","Footwork+1","Backflip","Poison Darts","Dodge and Roll","Prepared+1","Poison Darts+1","Replay:Bag of Tricks+1","Tactician+1","Deadly Poison","Cloak And Dagger+1","Footwork","Noxious Fumes","Leg Sweep","Dash","Calculated Gamble"],"relics":["Ring of the Snake","Omamori","Replay:Bottled Steam","The Specimen","SlaversCollar","Necronomicon","War Paint","Bag of Marbles","FossilizedHelix","infinitespire:Bottled Soul","infinitespire:Cupcake","infinitespire:EvilPickle","Bottled Lightning","Ring of the Serpent","Unceasing Top","infinitespire:Magic Flask"],"acts_visited":["Exordium","TheCity","TheBeyond","TheEnding"],"potions_floor_usage":[6,6,16,25,25,27,27,39,50,55,55],"damage_taken":[{"damage":9,"enemies":"Cultist","floor":1,"turns":5},{"damage":0,"enemies":"Small Slimes","floor":4,"turns":4},{"damage":27,"enemies":"3 Sentries","floor":6,"turns":11},{"damage":2,"enemies":"Jaw Worm","floor":7,"turns":4},{"damage":1,"enemies":"Large Slime","floor":10,"turns":7},{"damage":0,"enemies":"Looter","floor":11,"turns":4},{"damage":0,"enemies":"3 Louse","floor":13,"turns":4},{"damage":0,"enemies":"Replay:BlueRogue","floor":14,"turns":7},{"damage":3,"enemies":"Hexaghost","floor":16,"turns":9},{"damage":12,"enemies":"Shell Parasite","floor":18,"turns":10},{"damage":0,"enemies":"3 Byrds","floor":19,"turns":5},{"damage":7,"enemies":"Snecko","floor":21,"turns":5},{"damage":8,"enemies":"Cultist and Chosen","floor":22,"turns":7},{"damage":7,"enemies":"Centurion and Healer","floor":24,"turns":12},{"damage":6,"enemies":"Slavers","floor":25,"turns":8},{"damage":4,"enemies":"Replay:Snechameleon","floor":27,"turns":10},{"damage":5,"enemies":"Snake Plant","floor":29,"turns":4},{"damage":10,"enemies":"Pondfish","floor":33,"turns":10},{"damage":18,"enemies":"3 Darklings","floor":35,"turns":10},{"damage":0,"enemies":"Orb Walker","floor":36,"turns":5},{"damage":0,"enemies":"Writhing Mass","floor":39,"turns":6},{"damage":0,"enemies":"Jaw Worm Horde","floor":41,"turns":4},{"damage":0,"enemies":"Maw","floor":45,"turns":8},{"damage":56,"enemies":"Giant Head","floor":46,"turns":11},{"damage":58,"enemies":"Time Eater","floor":50,"turns":18},{"damage":33,"enemies":"Shield and Spear","floor":54,"turns":11},{"damage":65,"enemies":"The Heart","floor":55,"turns":3}],"seed_played":"-1130729830859433249","potions_obtained":[{"floor":1,"key":"Adrenaline Potion"},{"floor":4,"key":"BlessingOfTheForge"},{"floor":13,"key":"CunningPotion"},{"floor":14,"key":"EssenceOfSteel"},{"floor":18,"key":"Swift Potion"},{"floor":21,"key":"SteroidPotion"},{"floor":24,"key":"LiquidBronze"},{"floor":25,"key":"Block Potion"},{"floor":27,"key":"Fruit Juice"},{"floor":36,"key":"ColorlessPotion"},{"floor":41,"key":"Fire Potion"},{"floor":46,"key":"Weak Potion"},{"floor":54,"key":"BlessingOfTheForge"}],"is_trial":false,"path_per_floor":["M","?","$","M","$","E","M","R","T","M","M","?","M","E","R","B",null,"M","M","?","M","M","R","M","E","T","E","R","M","$","?","R","B",null,"M","M","AVR","?","M","R","M","R","T","$","M","E","?","$","R","B",null,"R","$","E","B"],"character_chosen":"THE_SILENT","items_purchased":["Bouncing Flask","Dagger Spray","Bouncing Flask","Poison Darts","infinitespire:Bottled Soul","Footwork","Leg Sweep","Dash"],"campfire_rested":2,"item_purchase_floors":[3,3,5,30,30,44,53,53],"current_hp_per_floor":[75,75,75,75,75,48,46,46,46,45,45,45,45,45,45,42,84,72,72,56,49,41,41,34,28,28,29,55,50,50,50,50,40,89,71,71,71,71,71,71,71,71,71,71,71,15,37,37,63,5,89,89,89,56,0,0],"gold":47,"neow_bonus":"TWENTY_PERCENT_HP_BONUS","is_daily":false,"chose_seed":false,"campfire_upgraded":6,"win_rate":0.0,"timestamp":1609522420,"path_taken":["M","?","?","M","$","E","M","R","T","M","M","?","M","E","R","BOSS","M","?","?","M","M","R","M","E","T","E","R","M","$","?","R","BOSS","M","M","AVR","?","M","R","M","R","T","$","M","E","?","$","R","BOSS","R","$","E","BOSS"],"items_purchased_type":["Card","Card","Card","Card","Relic","Card","Card","Card"],"build_version":"2020-12-22","purchased_purges":3,"victory":false,"max_hp_per_floor":[84,84,84,84,84,84,84,84,84,84,84,84,84,84,84,84,84,84,84,84,84,84,84,84,84,84,89,89,89,89,89,89,89,89,89,89,89,89,89,89,89,89,89,89,89,89,89,89,89,89,89,89,89,89,89,89],"card_choices":[{"not_picked":["Dagger Throw","Blade Dance"],"picked":"Quick Slash","floor":1},{"not_picked":["Acrobatics","Fluid Movement"],"picked":"Bouncing Flask","floor":4},{"not_picked":["Deflect","Prepared"],"picked":"PiercingWail","floor":6},{"not_picked":["Outmaneuver","Atom Bomb"],"picked":"ReplayTheSpireMod:Scrap Shanks","floor":7},{"not_picked":["Flying Knee","Heel Hook"],"picked":"Cloak And Dagger","floor":10},{"not_picked":["Flying Knee","Terror"],"picked":"PiercingWail","floor":11},{"not_picked":["Acrobatics","Setup"],"picked":"Cloak And Dagger","floor":13},{"not_picked":["Grand Finale","Blade Dance","Riddle With Holes"],"picked":"SKIP","floor":14},{"not_picked":["Storm of Steel","Replay:Bag of Tricks"],"picked":"ReplayTheSpireMod:Necrosis","floor":16},{"not_picked":["Acrobatics","Heel Hook"],"picked":"Deadly Poison","floor":18},{"not_picked":["Choke","Underhanded Strike+1"],"picked":"Deflect","floor":19},{"not_picked":["Sucker Punch+1","Eviscerate+1"],"picked":"Cloak And Dagger","floor":21},{"not_picked":["Underhanded Strike","PiercingWail"],"picked":"Footwork","floor":22},{"not_picked":["Sucker Punch","Bouncing Flask"],"picked":"Backflip","floor":24},{"not_picked":["Dagger Spray+1","Cloak And Dagger"],"picked":"Poison Darts","floor":25},{"not_picked":["Acrobatics","Prepared"],"picked":"Dodge and Roll","floor":27},{"not_picked":["Dodge and Roll","Slice"],"picked":"Prepared+1","floor":29},{"not_picked":["infinitespire:Neurotoxin","Venomology"],"picked":"Replay:Bag of Tricks","floor":33},{"not_picked":["Skewer+1","Dagger Spray+1"],"picked":"Tactician+1","floor":35},{"not_picked":["Quick Slash","Dagger Throw"],"picked":"Deadly Poison","floor":36},{"not_picked":["Distraction","Outmaneuver"],"picked":"Cloak And Dagger+1","floor":39},{"not_picked":["Outmaneuver+1","Flying Knee"],"picked":"Underhanded Strike","floor":41},{"not_picked":["Quick Slash+1","Hidden Blade","Acrobatics+1"],"picked":"SKIP","floor":45},{"not_picked":["PiercingWail+1","Quick Slash"],"picked":"Noxious Fumes","floor":46},{"not_picked":["Venomology","Sucker Punch+1"],"picked":"Calculated Gamble","floor":54}],"player_experience":703526,"relics_obtained":[{"floor":6,"key":"Omamori"},{"floor":9,"key":"Replay:Bottled Steam"},{"floor":14,"key":"The Specimen"},{"floor":20,"key":"Necronomicon"},{"floor":25,"key":"War Paint"},{"floor":26,"key":"Bag of Marbles"},{"floor":27,"key":"FossilizedHelix"},{"floor":46,"key":"Unceasing Top"},{"floor":54,"key":"infinitespire:Magic Flask"}],"event_choices":[{"cards_removed":["Defend_G"],"damage_healed":0,"gold_gain":0,"player_choice":"Purged","damage_taken":0,"max_hp_gain":0,"max_hp_loss":0,"event_name":"Purifier","floor":2,"gold_loss":0},{"damage_healed":0,"gold_gain":100,"player_choice":"Pray","damage_taken":0,"max_hp_gain":0,"max_hp_loss":0,"event_name":"Golden Shrine","floor":12,"gold_loss":0},{"damage_healed":0,"gold_gain":0,"player_choice":"Obtained Book","damage_taken":16,"max_hp_gain":0,"max_hp_loss":0,"event_name":"Cursed Tome","floor":20,"gold_loss":0},{"cards_removed":["Strike_G"],"damage_healed":0,"gold_gain":0,"player_choice":"Gave Gold","damage_taken":0,"max_hp_gain":0,"max_hp_loss":0,"event_name":"Beggar","floor":31,"gold_loss":75},{"damage_healed":0,"gold_gain":0,"player_choice":"Ignored","damage_taken":0,"max_hp_gain":0,"max_hp_loss":0,"event_name":"Mysterious Sphere","floor":38,"gold_loss":0},{"damage_healed":22,"gold_gain":0,"player_choice":"Writhe","damage_taken":0,"max_hp_gain":0,"max_hp_loss":0,"event_name":"Winding Halls","floor":47,"gold_loss":0,"cards_obtained":["Writhe"]}],"is_beta":false,"boss_relics":[{"not_picked":["WristBlade","Empty Cage"],"picked":"SlaversCollar"},{"not_picked":["Tiny House","Painkiller Herb"],"picked":"infinitespire:Cupcake"}],"items_purged_floors":[30,37,44],"is_endless":false,"potions_floor_spawned":[1,4,13,14,18,21,24,25,27,36,41,46,54],"killed_by":"The Heart","ascension_level":0}}