{"host":"1zfbckszmdcrhnfi","time":1609490071,"event":{"mods":["AchievementEnabler","BaseMod","Colored Map","Downfall","Marisa£®ÏF”Í°°ƒß¿Ì…≥£©","Minty Spire (QoL Compilation)","Replay The Spire","Shop Mod","StSLib","The Cursed","The Servant 0.9.4"],"gold_per_floor":[110,130,130,205,217,217,237,237,237,237,237],"floor_reached":10,"playtime":334,"items_purged":[],"score":61,"play_id":"c6c7a0a9-7bc7-4e27-9256-64c0f16cb114","local_time":"20210101163431","is_ascension_mode":true,"campfire_choices":[{"data":"TheCursedMod:Stigma","floor":6,"key":"SMITH"},{"floor":8,"key":"REST"}],"circlet_count":0,"master_deck":["TheCursedMod:Strike_TheCursed","TheCursedMod:Strike_TheCursed","TheCursedMod:Strike_TheCursed","TheCursedMod:Defend_TheCursed","TheCursedMod:Defend_TheCursed","TheCursedMod:Defend_TheCursed","TheCursedMod:CursedWand","TheCursedMod:CleanUpWorkshop","TheCursedMod:Dregs","TheCursedMod:Obscuration+1","TheCursedMod:SpitefulStrike","TheCursedMod:Stigma+1","TheCursedMod:SmokeScreen"],"relics":["Empty Cage"],"acts_visited":["Exordium"],"potions_floor_usage":[],"damage_taken":[{"damage":6,"enemies":"Jaw Worm","floor":1,"turns":5},{"damage":0,"enemies":"Small Slimes","floor":2,"turns":4},{"damage":0,"enemies":"2 Louse","floor":5,"turns":3},{"damage":26,"enemies":"Exordium Wildlife","floor":7,"turns":6},{"damage":44,"enemies":"Lagavulin","floor":10,"turns":9}],"seed_played":"-625126135708451626","potions_obtained":[],"is_trial":false,"path_per_floor":["M","M","?","?","M","R","M","R","T","E"],"character_chosen":"THE_CURSED","items_purchased":[],"campfire_rested":1,"item_purchase_floors":[],"current_hp_per_floor":[69,69,69,58,58,58,32,54,54,10,10],"gold":237,"neow_bonus":"BOSS_RELIC","is_daily":false,"chose_seed":false,"campfire_upgraded":1,"win_rate":0.0,"timestamp":1609490071,"path_taken":["M","M","?","?","M","R","M","R","T","E"],"items_purchased_type":[],"build_version":"2020-12-22","purchased_purges":0,"victory":false,"max_hp_per_floor":[75,75,75,75,75,75,75,75,75,75,75],"card_choices":[{"not_picked":["TheCursedMod:CursedMace","TheCursedMod:RavingStaff"],"picked":"TheCursedMod:Obscuration","floor":1},{"not_picked":["TheCursedMod:AbyssShockwave","TheCursedMod:SmokeScreen"],"picked":"TheCursedMod:SpitefulStrike","floor":2},{"not_picked":["TheCursedMod:Torture","TheCursedMod:SmokeScreen"],"picked":"TheCursedMod:Stigma","floor":5},{"not_picked":["TheCursedMod:WearCloak","TheCursedMod:Stigma"],"picked":"TheCursedMod:SmokeScreen","floor":7}],"player_experience":185298,"relics_obtained":[],"event_choices":[{"damage_healed":0,"gold_gain":75,"player_choice":"Gather Gold","damage_taken":11,"max_hp_gain":0,"max_hp_loss":0,"event_name":"World of Goop","floor":4,"gold_loss":0}],"is_beta":false,"boss_relics":[],"items_purged_floors":[],"is_endless":false,"potions_floor_spawned":[],"killed_by":"Lagavulin","ascension_level":1}}