{"host":"uy3vg6glkp8m6iit","time":1609491074,"event":{"mods":["AchievementEnabler","BaseMod","Colored Map","DeckTracker","Highlight Path","Keyboard Shortcuts","Minty Spire (QoL Compilation)","Quick Restart","Random Character Button","Rare Cards Sparkle","Relic Stats","StSLib","everything is the same but u backflip on backflip"],"gold_per_floor":[116,43,53,53,66,66,91,166,166,21,21,21,47,66,66,165,165,178,178,178,192,79,79,95,111,111,127,127,22,22,22,22],"floor_reached":31,"playtime":1020,"items_purged":["Strike_G"],"score":315,"play_id":"db195321-c128-4fa2-be32-826101683690","local_time":"20210101175114","is_ascension_mode":true,"campfire_choices":[{"data":"Dagger Spray","floor":6.0,"key":"SMITH"},{"data":"Deadly Poison","floor":12.0,"key":"SMITH"},{"data":"Well Laid Plans","floor":15.0,"key":"SMITH"},{"data":"Footwork","floor":23,"key":"SMITH"},{"data":"Crippling Poison","floor":28,"key":"SMITH"},{"data":"Calculated Gamble","floor":30,"key":"SMITH"}],"circlet_count":0,"master_deck":["Strike_G","Strike_G","Defend_G","Defend_G","Defend_G","Survivor","Neutralize","Dagger Spray+1","Dagger Throw","Deadly Poison+1","Dodge and Roll","Well Laid Plans+1","Tactician","Tools of the Trade","Unload","Dagger Spray","Cloak And Dagger","Footwork+1","Calculated Gamble+1","PiercingWail","Crippling Poison+1","Quick Slash","Calculated Gamble"],"relics":["Empty Cage","Mummified Hand","Blue Candle","Juzu Bracelet","Coffee Dripper","Nilry\u0027s Codex","Sundial"],"acts_visited":["Exordium","TheCity"],"potions_floor_usage":[25,31,31],"damage_taken":[{"damage":1.0,"enemies":"2 Louse","floor":1.0,"turns":3.0},{"damage":0.0,"enemies":"Small Slimes","floor":3.0,"turns":2.0},{"damage":4.0,"enemies":"Jaw Worm","floor":5.0,"turns":3.0},{"damage":16.0,"enemies":"Gremlin Nob","floor":7.0,"turns":4.0},{"damage":0.0,"enemies":"Blue Slaver","floor":14.0,"turns":3.0},{"damage":14.0,"enemies":"The Guardian","floor":16.0,"turns":13.0},{"damage":11.0,"enemies":"Shell Parasite","floor":18.0,"turns":6.0},{"damage":3,"enemies":"Chosen","floor":21,"turns":3},{"damage":18,"enemies":"Centurion and Healer","floor":24,"turns":6},{"damage":6,"enemies":"Shelled Parasite and Fungi","floor":25,"turns":8},{"damage":3,"enemies":"Sentry and Sphere","floor":27,"turns":7},{"damage":14,"enemies":"Slavers","floor":31,"turns":2}],"seed_played":"3582072465215163118","potions_obtained":[{"floor":1.0,"key":"PowerPotion"},{"floor":7.0,"key":"GamblersBrew"},{"floor":21,"key":"Fruit Juice"}],"is_trial":false,"path_per_floor":["M","$","M","?","M","R","E","?","T","$","?","R","T","M","R","B",null,"M","?","?","M","$","R","M","M","T","M","R","$","R","E"],"character_chosen":"THE_SILENT","items_purchased":["Dagger Throw","Deadly Poison","Well Laid Plans","Footwork","Calculated Gamble","Quick Slash","Calculated Gamble"],"campfire_rested":0,"item_purchase_floors":[2,2,10,22,22,29,29],"current_hp_per_floor":[62,62,62,62,58,58,42,31,31,31,36,36,36,36,36,22,62,51,51,35,32,32,32,14,8,8,5,5,5,5,0,0],"gold":22,"neow_bonus":"BOSS_RELIC","is_daily":false,"chose_seed":false,"campfire_upgraded":6,"win_rate":0.0,"timestamp":1609491074,"path_taken":["M","$","M","?","M","R","E","?","T","?","?","R","?","M","R","BOSS","M","?","?","M","$","R","M","M","T","M","R","?","R","E"],"items_purchased_type":["Card","Card","Card","Card","Card","Card","Card"],"build_version":"2020-12-22","purchased_purges":1,"victory":false,"max_hp_per_floor":[70,70,70,70,70,70,70,70,70,70,75,75,75,75,75,75,75,75,75,75,75,75,75,75,75,75,75,75,75,75,80,80],"relic_stats":{"counters":[12,60],"Mummified Hand":[15],"Sundial":[0],"Blue Candle":[0],"Juzu Bracelet":0,"obtain_stats":[{"Mummified Hand":7,"Nilry\u0027s Codex":20,"Sundial":26,"Blue Candle":9,"Juzu Bracelet":13,"Coffee Dripper":17,"Empty Cage":0,"Ring of the Snake":0},{"Mummified Hand":4,"Nilry\u0027s Codex":7,"Sundial":10,"Blue Candle":4,"Juzu Bracelet":4,"Coffee Dripper":6,"Empty Cage":0,"Ring of the Snake":0},{"Mummified Hand":12,"Nilry\u0027s Codex":34,"Sundial":51,"Blue Candle":12,"Juzu Bracelet":12,"Coffee Dripper":28,"Empty Cage":0,"Ring of the Snake":0}]},"card_choices":[{"not_picked":["Crippling Poison","Bane"],"picked":"Dagger Spray","floor":1.0},{"not_picked":["Flechettes","Prepared","Deflect"],"picked":"SKIP","floor":3.0},{"not_picked":["Escape Plan","Accuracy"],"picked":"Dodge and Roll","floor":5.0},{"not_picked":["Poisoned Stab","Terror","Finisher"],"picked":"SKIP","floor":7.0},{"not_picked":["Underhanded Strike","Bane"],"picked":"Tactician","floor":14.0},{"not_picked":["Die Die Die","Phantasmal Killer"],"picked":"Tools of the Trade","floor":16.0},{"not_picked":["Tactician","Dagger Throw","Outmaneuver+1"],"picked":"SKIP","floor":18.0},{"not_picked":["Sucker Punch","Setup","Cloak And Dagger"],"picked":"SKIP","floor":21},{"not_picked":["Sucker Punch","Setup"],"picked":"Cloak And Dagger","floor":21},{"not_picked":["Slice","Dagger Spray+1","Dodge and Roll"],"picked":"SKIP","floor":24},{"not_picked":["Slice","Dagger Spray+1","Dodge and Roll"],"picked":"SKIP","floor":24},{"not_picked":["Outmaneuver","Slice"],"picked":"PiercingWail","floor":25},{"not_picked":["Concentrate","Riddle With Holes+1"],"picked":"Crippling Poison","floor":27}],"player_experience":1446220,"relics_obtained":[{"floor":7.0,"key":"Mummified Hand"},{"floor":9.0,"key":"Blue Candle"},{"floor":13.0,"key":"Juzu Bracelet"},{"floor":20.0,"key":"Nilry\u0027s Codex"},{"floor":26,"key":"Sundial"}],"event_choices":[{"damage_healed":0.0,"max_hp_gain":0.0,"max_hp_loss":0.0,"gold_gain":0.0,"event_name":"Liars Game","player_choice":"Ignored","floor":4.0,"gold_loss":0.0,"damage_taken":0.0},{"damage_healed":0.0,"max_hp_gain":0.0,"max_hp_loss":0.0,"gold_gain":75.0,"event_name":"World of Goop","player_choice":"Gather Gold","floor":8.0,"gold_loss":0.0,"damage_taken":11.0},{"damage_healed":0.0,"max_hp_gain":5.0,"max_hp_loss":0.0,"gold_gain":0.0,"event_name":"Big Fish","player_choice":"Donut","floor":11.0,"gold_loss":0.0,"damage_taken":0.0},{"damage_healed":0.0,"max_hp_gain":0.0,"max_hp_loss":0.0,"gold_gain":0.0,"cards_transformed":["Strike_G","Defend_G"],"event_name":"Drug Dealer","player_choice":"Became Test Subject","floor":19.0,"gold_loss":0.0,"damage_taken":0.0,"cards_obtained":["Unload","Dagger Spray"]},{"damage_healed":0.0,"max_hp_gain":0.0,"max_hp_loss":0.0,"gold_gain":0.0,"event_name":"Cursed Tome","player_choice":"Obtained Book","floor":20.0,"gold_loss":0.0,"damage_taken":16.0}],"is_beta":false,"boss_relics":[{"not_picked":["SlaversCollar","Black Star"],"picked":"Coffee Dripper"}],"items_purged_floors":[10],"is_endless":false,"potions_floor_spawned":[1,7,21],"killed_by":"Slavers","ascension_level":7}}