{"host":"1zfbckszmdcrhnfi","time":1609510940,"event":{"mods":["AchievementEnabler","BaseMod","Colored Map","Downfall","Minty Spire (QoL Compilation)","Quick Restart","Shop Mod","StSLib","The Cursed"],"gold_per_floor":[110,123,73,73,73,73,103,133,213,241,255,273,293,309,309,412,462,473,473,485,485,485,512,528,528,528,453,482,482,482,499,499,499,499],"floor_reached":33,"playtime":1231,"items_purged":[],"score":377,"play_id":"14f74eed-619e-40ca-893a-88102dc6fc01","local_time":"20210101222220","is_ascension_mode":true,"campfire_choices":[{"floor":6.0,"key":"RECALL"},{"floor":15.0,"key":"REST"},{"floor":25,"key":"REST"},{"floor":29,"key":"REST"},{"data":"Ghostly","floor":32,"key":"SMITH"}],"circlet_count":0,"master_deck":["Defend_G+1","Defend_G+1","Defend_G+1","Defend_G+1","Survivor+1","Neutralize","Deflect","Deadly Poison","Blade Dance","Accuracy","Deadly Poison","Envenom","Bouncing Flask","Caltrops+1","Ghostly+1","Ghostly","Ghostly","Ghostly","Ghostly","Infinite Blades","Slimebound:Tackle+1","Slimebound:Tackle+1","Catalyst","Finisher"],"relics":["Ring of the Snake","NeowsBlessing","The Specimen","Omamori","Akabeko","Matryoshka","Tiny House","PreservedInsect","Letter Opener","Toy Ornithopter","Bottled Tornado"],"acts_visited":["Exordium","TheCity"],"potions_floor_usage":[33,33],"damage_taken":[{"damage":0.0,"enemies":"2 Louse","floor":1.0,"turns":1.0},{"damage":0.0,"enemies":"Jaw Worm","floor":2.0,"turns":1.0},{"damage":0.0,"enemies":"3 Sentries","floor":7.0,"turns":1.0},{"damage":57.0,"enemies":"Gremlin Nob","floor":10.0,"turns":6.0},{"damage":0.0,"enemies":"Small Slimes","floor":11.0,"turns":2.0},{"damage":0.0,"enemies":"3 Louse","floor":12.0,"turns":4.0},{"damage":0.0,"enemies":"Exordium Wildlife","floor":13.0,"turns":3.0},{"damage":0.0,"enemies":"Large Slime","floor":14.0,"turns":4.0},{"damage":19.0,"enemies":"Hexaghost","floor":16.0,"turns":9.0},{"damage":1.0,"enemies":"Chosen","floor":18.0,"turns":4.0},{"damage":1.0,"enemies":"Spheric Guardian","floor":20.0,"turns":5.0},{"damage":16.0,"enemies":"Slavers","floor":23.0,"turns":7.0},{"damage":8,"enemies":"3 Cultists","floor":24,"turns":6},{"damage":8,"enemies":"Book of Stabbing","floor":28,"turns":5},{"damage":0,"enemies":"Snake Plant","floor":31,"turns":4},{"damage":2,"enemies":"Champ","floor":33,"turns":10}],"seed_played":"1471902434298792092","potions_obtained":[{"floor":11.0,"key":"Guardian:BlockOnCardUsePotion"},{"floor":12.0,"key":"SteroidPotion"},{"floor":16.0,"key":"ColorlessPotion"},{"floor":17.0,"key":"Fire Potion"},{"floor":18.0,"key":"BlessingOfTheForge"},{"floor":23.0,"key":"Fire Potion"}],"is_trial":false,"path_per_floor":["M","M","?","?","?","R","E","?","T","E","M","M","M","M","R","B",null,"M","?","M","?","?","E","M","R","T","?","E","R","?","M","R","B"],"character_chosen":"THE_SILENT","items_purchased":[],"campfire_rested":3,"item_purchase_floors":[],"current_hp_per_floor":[70,70,70,70,63,63,63,63,63,6,6,6,6,6,27,8,75,74,37,36,36,36,20,12,23,23,23,15,26,37,37,37,37,37],"gold":499,"neow_bonus":"THREE_ENEMY_KILL","is_daily":false,"chose_seed":false,"campfire_upgraded":1,"win_rate":0.0,"timestamp":1609510940,"path_taken":["M","M","?","?","?","R","E","?","T","E","M","M","?","M","R","BOSS","M","?","M","?","?","E","?","R","T","?","E","R","?","M","R","BOSS"],"items_purchased_type":[],"build_version":"2020-12-22","purchased_purges":0,"victory":false,"max_hp_per_floor":[70,70,70,70,70,70,70,70,70,70,70,70,70,70,70,70,75,75,37,37,37,37,37,37,37,37,37,37,37,37,37,37,37,37],"card_choices":[{"not_picked":["Slice","Leg Sweep"],"picked":"Deflect","floor":1.0},{"not_picked":["Eviscerate","Prepared","Riddle With Holes"],"picked":"SKIP","floor":2.0},{"not_picked":["Predator","Setup"],"picked":"Deadly Poison","floor":7.0},{"not_picked":["Backstab","Finisher"],"picked":"Blade Dance","floor":10.0},{"not_picked":["Acrobatics","Slice"],"picked":"Accuracy","floor":11.0},{"not_picked":["Outmaneuver","Predator","Tactician"],"picked":"SKIP","floor":12.0},{"not_picked":["Sucker Punch","Predator","Dagger Spray"],"picked":"SKIP","floor":13.0},{"not_picked":["Masterful Stab","Crippling Poison"],"picked":"Deadly Poison","floor":14.0},{"not_picked":["Tools of the Trade","Die Die Die"],"picked":"Envenom","floor":16.0},{"not_picked":["Backflip","Reflex"],"picked":"Bouncing Flask","floor":17.0},{"not_picked":["Escape Plan","Acrobatics"],"picked":"Caltrops+1","floor":18.0},{"not_picked":["Setup+1","PiercingWail"],"picked":"Infinite Blades","floor":20.0},{"not_picked":["Distraction","Eviscerate","Bane"],"picked":"SKIP","floor":23.0},{"not_picked":["Deflect","Dash","Heel Hook"],"picked":"SKIP","floor":24},{"not_picked":["Slice+1","Expertise"],"picked":"Catalyst","floor":28},{"not_picked":["Dagger Throw","Quick Slash"],"picked":"Finisher","floor":31}],"player_experience":194874,"relics_obtained":[{"floor":7.0,"key":"Omamori"},{"floor":10.0,"key":"Matryoshka"},{"floor":23.0,"key":"PreservedInsect"},{"floor":26,"key":"Letter Opener"},{"floor":26,"key":"Toy Ornithopter"},{"floor":28,"key":"Bottled Tornado"}],"event_choices":[{"cards_removed":["Strike_G"],"damage_healed":0.0,"max_hp_gain":0.0,"max_hp_loss":0.0,"gold_gain":0.0,"event_name":"The Cleric","player_choice":"Card Removal","floor":3.0,"gold_loss":50.0,"damage_taken":0.0},{"cards_removed":["Defend_G"],"damage_healed":0.0,"max_hp_gain":0.0,"max_hp_loss":0.0,"gold_gain":0.0,"event_name":"Living Wall","player_choice":"Forget","floor":4.0,"gold_loss":0.0,"damage_taken":0.0},{"damage_healed":0.0,"max_hp_gain":0.0,"max_hp_loss":0.0,"gold_gain":0.0,"event_name":"Scrap Ooze","player_choice":"Success","floor":5.0,"gold_loss":0.0,"damage_taken":7.0,"relics_obtained":["The Specimen"]},{"damage_healed":0.0,"max_hp_gain":0.0,"max_hp_loss":0.0,"gold_gain":30.0,"event_name":"Dead Adventurer","player_choice":"Searched \u00273\u0027 times","floor":8.0,"gold_loss":0.0,"damage_taken":0.0,"relics_obtained":["Akabeko"]},{"damage_healed":0.0,"max_hp_gain":0.0,"max_hp_loss":38.0,"gold_gain":0.0,"event_name":"Ghosts","player_choice":"Became a Ghost","floor":19.0,"gold_loss":0.0,"damage_taken":0.0,"cards_obtained":["Ghostly","Ghostly","Ghostly","Ghostly","Ghostly"]},{"damage_healed":0.0,"max_hp_gain":0.0,"max_hp_loss":0.0,"gold_gain":0.0,"event_name":"Back to Basics","player_choice":"Simplicity","floor":21.0,"gold_loss":0.0,"damage_taken":0.0,"cards_upgraded":["Strike_G","Strike_G","Strike_G","Strike_G","Defend_G","Defend_G","Defend_G","Defend_G"]},{"cards_removed":["Slimebound:Tackle"],"damage_healed":0,"gold_gain":0,"player_choice":"Gave Gold","damage_taken":0,"max_hp_gain":0,"max_hp_loss":0,"event_name":"Beggar","floor":27,"gold_loss":75},{"damage_healed":12,"gold_gain":0,"player_choice":"Heal","damage_taken":0,"max_hp_gain":0,"max_hp_loss":0,"event_name":"The Library","floor":30,"gold_loss":0}],"is_beta":false,"boss_relics":[{"not_picked":["Velvet Choker","Coffee Dripper"],"picked":"Tiny House"}],"items_purged_floors":[],"is_endless":false,"potions_floor_spawned":[11,12,16,18,23,24],"killed_by":"Champ","ascension_level":2}}