{"host":"k9ktbd3ums043v5c","time":1609493778,"event":{"mods":["BaseMod","GifTheSpireLib","Googly Eyes","KinomotoSakuraMod(木之本樱)","Lobotomy","LobotomyExtend","Luminous","Marisa（F雨　魔理沙）","Minty Spire (QoL Compilation)","SIMod","StSLib","SuperFastMode","The Gatherer","Yuyuko","【功能Mod】聪明的最终Boss"],"gold_per_floor":[275,285,460,474,549,563,563,580,580,580,596,613,613,626,626,725,725,739,739,739],"floor_reached":19,"playtime":1211,"items_purged":[],"score":163,"play_id":"ab527e55-00c0-4c3e-8b8c-0a1f7776b465","local_time":"20210101173618","is_ascension_mode":false,"campfire_choices":[{"floor":15,"key":"REST"}],"circlet_count":0,"master_deck":["SpecialBullet","SpecialBullet","SpecialBullet","SpecialBullet","SpecialBullet","SpecialBullet","SpecialBullet","SpecialBullet","InformationCode","CentralCode","WelfareCode","Penitence","ShyLook","RedEyes+1","Doubt","OldLady","Tough","WristCuter","QueenOfHatred","Lantern","ScreamingWedge","Lantern","OSAHOGD","ParadiseLost","BigBadWolf","WristCuter","DreamingCurrent"],"relics":["CogitoBucket","Boot","LetterFromLob","Frozen Egg 2","TreeSap","SlaversCollar"],"acts_visited":["Exordium","TheCity"],"potions_floor_usage":[19,19,19],"damage_taken":[{"damage":7,"enemies":"Small Slimes","floor":1,"turns":3},{"damage":0,"enemies":"2 Louse","floor":2,"turns":2},{"damage":0,"enemies":"Cultist","floor":4,"turns":3},{"damage":12,"enemies":"Blue Slaver","floor":6,"turns":4},{"damage":5,"enemies":"Lots of Slimes","floor":8,"turns":3},{"damage":38,"enemies":"Gremlin Gang","floor":11,"turns":9},{"damage":0,"enemies":"Blue Slaver","floor":12,"turns":2},{"damage":6,"enemies":"3 Louse","floor":14,"turns":2},{"damage":18,"enemies":"Slime Boss","floor":16,"turns":10},{"damage":7,"enemies":"Spheric Guardian","floor":18,"turns":4},{"damage":132,"enemies":"3 Byrds","floor":19,"turns":6}],"seed_played":"-5091994141171107885","potions_obtained":[{"floor":1,"key":"LiquidMemories"},{"floor":6,"key":"FairyPotion"},{"floor":12,"key":"SkillPotion"},{"floor":14,"key":"LiquidMemories"}],"is_trial":false,"path_per_floor":["M","M","?","M","?","M","R","M","T","?","M","M","R","M","R","B",null,"M","M"],"character_chosen":"Angela","items_purchased":[],"campfire_rested":1,"item_purchase_floors":[],"current_hp_per_floor":[63,63,63,63,52,40,40,35,35,35,21,27,27,27,48,36,70,63,0,0],"gold":739,"neow_bonus":"RANDOM_COMMON_RELIC","is_daily":false,"chose_seed":false,"campfire_upgraded":0,"win_rate":0.0,"timestamp":1609493778,"path_taken":["M","M","?","M","?","M","R","M","T","?","M","M","R","M","R","BOSS","M","M"],"items_purchased_type":[],"build_version":"2020-12-22","purchased_purges":0,"victory":false,"max_hp_per_floor":[70,70,70,70,70,70,70,70,70,70,70,70,70,70,70,70,70,70,70,70],"card_choices":[{"not_picked":["ShedSkin"],"picked":"Penitence","floor":1},{"not_picked":["WhitesApple","LittlePrince"],"picked":"ShyLook","floor":1},{"not_picked":["SwordSharpenedByTears"],"picked":"RedEyes","floor":2},{"not_picked":["WallGazer","Wellcheers"],"picked":"OldLady","floor":4},{"not_picked":["SolemnVow"],"picked":"Tough","floor":4},{"not_picked":["TodaysExpression"],"picked":"Tough","floor":6},{"not_picked":["Beak"],"picked":"WristCuter","floor":8},{"not_picked":["Scorched","LittleHelper"],"picked":"QueenOfHatred","floor":11},{"not_picked":["CUTE"],"picked":"Lantern","floor":11},{"not_picked":["Diffraction"],"picked":"ScreamingWedge","floor":12},{"not_picked":["Penitence"],"picked":"Lantern","floor":14},{"not_picked":["BeautyBeast","LittleHelper"],"picked":"OSAHOGD","floor":14},{"not_picked":["SoundOfStar"],"picked":"ParadiseLost","floor":16},{"not_picked":["Porccubus","CrumblingArmor"],"picked":"BigBadWolf","floor":16},{"not_picked":["Loneliness"],"picked":"WristCuter","floor":18},{"not_picked":["BeautyBeast","Porccubus"],"picked":"DreamingCurrent","floor":18}],"player_experience":48021,"relics_obtained":[{"floor":1,"key":"LetterFromLob"},{"floor":9,"key":"Frozen Egg 2"}],"event_choices":[{"damage_healed":0,"gold_gain":175,"player_choice":"AGREE","damage_taken":0,"max_hp_gain":0,"max_hp_loss":0,"event_name":"Liars Game","floor":3,"gold_loss":0,"cards_obtained":["Doubt"]},{"damage_healed":0,"gold_gain":75,"player_choice":"Gather Gold","damage_taken":11,"max_hp_gain":0,"max_hp_loss":0,"event_name":"World of Goop","floor":5,"gold_loss":0},{"damage_healed":0,"gold_gain":0,"player_choice":"Forge","damage_taken":0,"max_hp_gain":0,"max_hp_loss":0,"event_name":"Accursed Blacksmith","floor":10,"gold_loss":0,"cards_upgraded":["RedEyes"]}],"is_beta":false,"boss_relics":[{"not_picked":["Black Star","Busted Crown"],"picked":"SlaversCollar"}],"items_purged_floors":[],"is_endless":false,"potions_floor_spawned":[1,6,12,14],"killed_by":"3 Byrds","ascension_level":0}}