{"host":"qy1e0kd24tpj3i2m","time":1609534217,"event":{"mods":["Act Like it!","Alarm Clock","BaseMod","Better Skull","Better Vampires","Colored Map","Colored Powertips","Custom Start","Faster Ascension Climbing","Friendly Minions","GifTheSpireLib","Gremlin Skip","Highlight Path","Minty Spire (QoL Compilation)","Permanent Neow","Quick Restart","Red Circlet Mod","Relic Sorter","Reorder Act Four","SacredBarkPlus","Shop Mod","StSLib","SuperFastMode","Transform Curses","没有小屋子和绿帽子啦"],"gold_per_floor":[360,379,454,424,437,437,462,473,473,34,50,50,63,75,75,75,75],"floor_reached":16,"playtime":488,"items_purged":[],"score":188,"play_id":"e326bdf4-9a6e-4d59-b1b6-2c39a3972d35","local_time":"20210102055017","is_ascension_mode":true,"campfire_choices":[{"data":"Rampage","floor":6.0,"key":"SMITH"},{"data":"Sentinel","floor":12.0,"key":"SMITH"},{"data":"Evolve","floor":15.0,"key":"SMITH"}],"circlet_count":0,"master_deck":["AscendersBane","Strike_R","Strike_R","Strike_R","Strike_R","Strike_R","Defend_R","Defend_R","Defend_R","Defend_R","Bash","Clumsy","Evolve+1","Feel No Pain","Rampage+1","Burning Pact","Sentinel+1","Fire Breathing+1"],"relics":["Burning Blood","Akabeko","Letter Opener","Frozen Egg 2","Medical Kit"],"acts_visited":["Exordium"],"potions_floor_usage":[16],"damage_taken":[{"damage":21.0,"enemies":"Jaw Worm","floor":1.0,"turns":5.0},{"damage":7.0,"enemies":"Cultist","floor":2.0,"turns":4.0},{"damage":2.0,"enemies":"2 Louse","floor":5.0,"turns":3.0},{"damage":7.0,"enemies":"2 Fungi Beasts","floor":8.0,"turns":3.0},{"damage":24.0,"enemies":"Gremlin Gang","floor":11.0,"turns":6.0},{"damage":27.0,"enemies":"Exordium Wildlife","floor":13.0,"turns":5.0},{"damage":13.0,"enemies":"Blue Slaver","floor":14.0,"turns":4.0},{"damage":25,"enemies":"Slime Boss","floor":16,"turns":3}],"seed_played":"4391505695202846414","potions_obtained":[{"floor":4.0,"key":"DistilledChaos"},{"floor":4.0,"key":"FairyPotion"},{"floor":11.0,"key":"SpeedPotion"},{"floor":13.0,"key":"AttackPotion"}],"is_trial":false,"path_per_floor":["M","M","?","?","M","R","T","M","T","$","M","R","M","M","R","B"],"character_chosen":"IRONCLAD","items_purchased":["Frozen Egg 2","Medical Kit"],"campfire_rested":0,"item_purchase_floors":[10,10],"current_hp_per_floor":[53,52,41,41,45,45,45,44,44,44,26,26,28,21,21,0,0],"gold":75,"neow_bonus":"TWO_FIFTY_GOLD","is_daily":false,"chose_seed":false,"campfire_upgraded":3,"win_rate":0.0,"timestamp":1609534217,"path_taken":["M","M","?","?","?","R","?","M","T","?","M","R","M","M","R","BOSS"],"items_purchased_type":["Relic","Relic"],"build_version":"2020-12-22","purchased_purges":0,"victory":false,"max_hp_per_floor":[75,75,75,75,75,75,75,75,75,75,75,75,75,75,75,75,75],"card_choices":[{"not_picked":["Perfected Strike","Clash"],"picked":"Evolve","floor":1.0},{"not_picked":["Dark Embrace","Clash"],"picked":"Feel No Pain","floor":2.0},{"not_picked":["Entrench","Rage"],"picked":"Rampage","floor":5.0},{"not_picked":["Warcry","Pommel Strike"],"picked":"Burning Pact","floor":8.0},{"not_picked":["Sword Boomerang","Twin Strike"],"picked":"Sentinel","floor":11.0},{"not_picked":["Fiend Fire","Headbutt"],"picked":"Fire Breathing+1","floor":13.0},{"not_picked":["Cleave","Combust+1","Clothesline"],"picked":"SKIP","floor":14.0}],"player_experience":918729,"relics_obtained":[{"floor":7.0,"key":"Akabeko"},{"floor":9.0,"key":"Letter Opener"}],"event_choices":[{"damage_healed":0.0,"max_hp_gain":0.0,"max_hp_loss":0.0,"gold_gain":75.0,"event_name":"World of Goop","player_choice":"Gather Gold","floor":3.0,"gold_loss":0.0,"damage_taken":11.0},{"damage_healed":0.0,"max_hp_gain":0.0,"max_hp_loss":0.0,"gold_gain":0.0,"event_name":"The Woman in Blue","player_choice":"Bought 2 Potions","floor":4.0,"gold_loss":0.0,"damage_taken":0.0}],"is_beta":false,"boss_relics":[],"items_purged_floors":[],"is_endless":false,"potions_floor_spawned":[5,11,13],"killed_by":"Slime Boss","ascension_level":20}}