{"host":"rqgzkpsifhykr0rp","time":1609539842,"event":{"mods":["BaseMod","Colored Map","Downfall","Minty Spire (QoL Compilation)","StSLib"],"gold_per_floor":[99,119,136,154,164,164,164,36,64,79,4,35,35,35,50,153,153,153,172,172,3,3,18,18,18,4,14,45,55,82,182,193,291,291,216,231,281,281,293,293,293,307,336,385,66,66,84,110,110,110,110],"floor_reached":49,"playtime":7469,"items_purged":["champ:Strike","champ:Defend","champ:Defend"],"score":645,"play_id":"e3793a3b-bd66-414c-aec7-00df1ff9dd3d","local_time":"20210101172402","is_ascension_mode":false,"campfire_choices":[{"floor":1,"key":"RECALL"},{"data":"champ:StanceDance","floor":11,"key":"SMITH"},{"data":"champ:Improvising","floor":18,"key":"SMITH"},{"data":"expansioncontent:DefensiveStance","floor":25,"key":"SMITH"},{"data":"champ:IronFortress","floor":35,"key":"SMITH"},{"data":"champ:StanceDance","floor":40,"key":"SMITH"},{"data":"champ:Taunt","floor":46,"key":"SMITH"}],"circlet_count":0,"master_deck":["champ:Execute","champ:Taunt+1","champ:BerserkerStyle","champ:Aggression","champ:ViciousMockery","champ:ArenaPreparation","expansioncontent:DefensiveStance+1","champ:StanceDance+1","champ:Backstep","champ:SteelEdge","champ:Shatter","champ:BringItOn","champ:Improvising+1","champ:StanceDance+1","champ:Aggression","Bite","Bite","Bite","Bite","Bite","champ:IronFortress+1","champ:ArenaPreparation+1","champ:FanOfKnives","champ:StanceDance+1","champ:BringItOn+1","champ:BringItOn+1","champ:SteelEdge","champ:Backstep+1","champ:BringItOn+1","Parasite","champ:Aggression+1","champ:RisingSlash+1","champ:Backstep+1"],"relics":["Empty Cage","Vajra","Question Card","downfall:HeartBlessingRed","Ginger","champ:LiftRelic","champ:GladiatorsBookOfMartialProwess","SlaversCollar","Pen Nib","Toxic Egg 2","Du-Vu Doll","Blue Candle","Toy Ornithopter","Black Star","downfall:HeartBlessingGreen","Prayer Wheel","downfall:TeleportStone","Singing Bowl","Pocketwatch","CaptainsWheel","Bag of Preparation","Gremlin Horn","TungstenRod"],"acts_visited":["Exordium","TheCity","TheBeyond"],"potions_floor_usage":[12,12,16,23,26,30,33,42,44,44,44],"damage_taken":[{"damage":5,"enemies":"Cultist","floor":2,"turns":4},{"damage":8,"enemies":"2 Louse","floor":3,"turns":3},{"damage":13,"enemies":"Jaw Worm","floor":4,"turns":3},{"damage":18,"enemies":"Blue Slaver","floor":5,"turns":5},{"damage":12,"enemies":"downfall:FleeingMerchant","floor":8,"turns":4},{"damage":43,"enemies":"Lagavulin","floor":9,"turns":5},{"damage":26,"enemies":"2 Fungi Beasts","floor":10,"turns":3},{"damage":17,"enemies":"Gremlin Nob","floor":12,"turns":4},{"damage":13,"enemies":"Exordium Wildlife","floor":15,"turns":5},{"damage":53,"enemies":"downfall:Defect","floor":16,"turns":8},{"damage":47,"enemies":"Shell Parasite","floor":19,"turns":5},{"damage":27,"enemies":"downfall:FleeingMerchant","floor":21,"turns":4},{"damage":52,"enemies":"Chosen","floor":23,"turns":6},{"damage":12,"enemies":"downfall:FleeingMerchant","floor":26,"turns":4},{"damage":69,"enemies":"Centurion and Healer","floor":27,"turns":7},{"damage":55,"enemies":"Book of Stabbing","floor":28,"turns":5},{"damage":16,"enemies":"Chosen and Byrds","floor":29,"turns":6},{"damage":68,"enemies":"Gremlin Leader","floor":30,"turns":7},{"damage":43,"enemies":"downfall:LadyInBlue","floor":31,"turns":3},{"damage":20,"enemies":"Sentry and Sphere","floor":32,"turns":2},{"damage":49,"enemies":"downfall:Ironclad","floor":33,"turns":6},{"damage":30,"enemies":"3 Shapes","floor":36,"turns":8},{"damage":55,"enemies":"Mind Bloom Boss Battle","floor":37,"turns":10},{"damage":40,"enemies":"3 Darklings","floor":39,"turns":4},{"damage":52,"enemies":"Writhing Mass","floor":42,"turns":7},{"damage":41,"enemies":"Giant Head","floor":43,"turns":7},{"damage":55,"enemies":"2 Orb Walkers","floor":44,"turns":5},{"damage":31,"enemies":"4 Shapes","floor":47,"turns":7},{"damage":22,"enemies":"Nemesis","floor":48,"turns":3},{"damage":47,"enemies":"Transient","floor":49,"turns":5}],"seed_played":"-1369271724133403282","potions_obtained":[{"floor":2,"key":"Fruit Juice"},{"floor":9,"key":"AttackPotion"},{"floor":10,"key":"sneckomod:MuddlingPotion"},{"floor":15,"key":"LiquidBronze"},{"floor":23,"key":"Energy Potion"},{"floor":29,"key":"champ:CounterPotion"},{"floor":30,"key":"champ:CounterPotion"},{"floor":31,"key":"champ:OpenerPotion"},{"floor":31,"key":"SneckoOil"},{"floor":31,"key":"SteroidPotion"},{"floor":32,"key":"PowerPotion"},{"floor":33,"key":"Ancient Potion"},{"floor":42,"key":"Energy Potion"},{"floor":47,"key":"FearPotion"}],"is_trial":false,"path_per_floor":["R","M","M","M","M","?","T","$","E","M","R","E","?","T","M","B",null,"R","M","?","$","?","M","T","R","$","M","E","M","E","?","M","B",null,"R","M","?","?","M","R","T","M","E","?","$","R","M","E","M"],"character_chosen":"THE_CHAMP","items_purchased":["expansioncontent:DefensiveStance","champ:StanceDance","champ:Aggression","Toxic Egg 2","Bag of Preparation","champ:CounterPotion"],"campfire_rested":0,"item_purchase_floors":[8,8,21,26,45,45],"current_hp_per_floor":[90,90,87,79,68,68,68,68,60,59,59,49,49,49,43,26,90,90,78,78,78,62,49,49,49,57,64,51,61,44,48,50,43,72,72,72,65,65,53,53,53,51,49,37,37,37,37,41,0,0,0],"gold":110,"neow_bonus":"BOSS_RELIC","is_daily":false,"chose_seed":false,"campfire_upgraded":6,"win_rate":0.0,"timestamp":1609539842,"path_taken":["R","M","M","M","?","?","T","$","E","M","R","E","?","?","M","BOSS","R","M","?","$","?","M","T","R","?","M","E","M","E","?","M","BOSS","R","M","?","?","?","R","T","M","E","?","$","R","M","E","M"],"items_purchased_type":["Card","Card","Card","Relic","Relic","Potion"],"build_version":"2020-12-22","purchased_purges":3,"victory":false,"max_hp_per_floor":[90,90,90,90,90,90,90,90,90,90,90,90,90,90,90,90,90,90,90,90,90,62,67,67,67,67,72,72,72,72,72,72,72,72,72,72,72,72,72,72,72,72,74,74,74,74,76,76,76,76,76],"card_choices":[{"not_picked":["champ:BerserkersShout","champ:BringItOn"],"picked":"champ:BerserkerStyle","floor":2},{"not_picked":["champ:TornadoPunch","champ:CrookedStrike"],"picked":"champ:Aggression","floor":3},{"not_picked":["champ:BladeFlurry","champ:FocusedGladiator","champ:GladiatorsShout"],"picked":"SKIP","floor":4},{"not_picked":["champ:Circumvent","champ:FanOfKnives"],"picked":"champ:ViciousMockery","floor":5},{"not_picked":["champ:FightOn","champ:DefensiveShout"],"picked":"champ:ArenaPreparation","floor":8},{"not_picked":["champ:Lariat","champ:GladiatorStyle"],"picked":"champ:Backstep","floor":9},{"not_picked":["champ:IronFortress","champ:GladiatorsShout","champ:ArenaPreparation"],"picked":"champ:SteelEdge","floor":10},{"not_picked":["champ:CalledShot","champ:BerserkersShout","champ:DefensiveShout"],"picked":"champ:Shatter","floor":12},{"not_picked":["champ:FocusedGladiator","champ:TornadoPunch","champ:FocusedDefense"],"picked":"champ:BringItOn","floor":15},{"not_picked":["champ:CheapShot","champ:SwordThrow","champ:StrikeOfGenius"],"picked":"champ:Improvising","floor":16},{"not_picked":["champ:GladiatorStyle","champ:GutPunch","champ:DefensiveShout","champ:Haymaker"],"picked":"SKIP","floor":19},{"not_picked":["champ:FalseCounter","champ:PerfectedStrike","champ:FocusedDefense+1"],"picked":"champ:StanceDance","floor":21},{"not_picked":["champ:FanOfKnives","champ:StanceDance","champ:GutPunch"],"picked":"champ:FightOn","floor":23},{"not_picked":["champ:FanOfKnives","champ:CrookedStrike","champ:PerfectedStrike+1"],"picked":"champ:IronFortress","floor":26},{"not_picked":["champ:FocusedBerserking+1","champ:Lariat+1","champ:Balance+1"],"picked":"champ:ArenaPreparation+1","floor":27},{"not_picked":["champ:PerfectedStrike","champ:Balance+1","champ:CrownThrow"],"picked":"champ:FanOfKnives","floor":28},{"not_picked":["champ:RecklessLeap","champ:FanOfKnives","champ:BladeFlurry+1"],"picked":"champ:StanceDance+1","floor":29},{"not_picked":["champ:PreciseThrust","champ:IgnorePain+1","champ:DefensiveShout+1","champ:StanceDance+1"],"picked":"SKIP","floor":30},{"not_picked":["champ:CalledShot","champ:AdrenalArmor+1","champ:GladiatorsShout+1"],"picked":"champ:BringItOn+1","floor":31},{"not_picked":["champ:Haymaker","champ:TornadoPunch","champ:FocusedDefense+1"],"picked":"champ:BringItOn+1","floor":32},{"not_picked":["champ:StrikeOfGenius","champ:PerfectForm","champ:HoldFirm+1"],"picked":"champ:SteelEdge","floor":33},{"not_picked":["champ:AdrenalArmor+1","champ:TornadoPunch+1","champ:BladeFlurry"],"picked":"champ:Backstep+1","floor":36},{"not_picked":["champ:BerserkersShout+1","champ:GutPunch+1","champ:FlashCut+1"],"picked":"champ:BringItOn+1","floor":39},{"not_picked":["champ:DefensiveShout+1","champ:BladeFlurry+1","champ:Shatter","champ:CrookedStrike+1"],"picked":"SKIP","floor":39},{"not_picked":["champ:EndlessRage+1","champ:BringItOn+1","champ:Circumvent+1","champ:CrownThrow"],"picked":"SKIP","floor":42},{"not_picked":["champ:BladeFlurry","champ:GladiatorsShout+1","champ:FlashCut","champ:RecklessLeap"],"picked":"SKIP","floor":42},{"not_picked":["champ:StanceDance+1","champ:TornadoPunch+1","champ:BringItOn+1","champ:Backstep+1"],"picked":"Singing Bowl","floor":43},{"not_picked":["champ:Circumvent+1","champ:FocusedDefense+1","champ:ViciousMockery+1"],"picked":"champ:Aggression+1","floor":44},{"not_picked":["champ:BringItOn+1","champ:FocusedBerserking+1","champ:EndlessRage","champ:BerserkersShout+1"],"picked":"Singing Bowl","floor":47},{"not_picked":["champ:StanceDance+1","champ:GutPunch","champ:CalledShot+1"],"picked":"champ:RisingSlash+1","floor":47},{"not_picked":["champ:CalledShot","champ:HeavySlash","champ:PreciseThrust+1"],"picked":"champ:Backstep+1","floor":48}],"player_experience":315925,"relics_obtained":[{"floor":7,"key":"Vajra"},{"floor":9,"key":"Question Card"},{"floor":12,"key":"Ginger"},{"floor":14,"key":"champ:GladiatorsBookOfMartialProwess"},{"floor":24,"key":"Pen Nib"},{"floor":28,"key":"Du-Vu Doll"},{"floor":30,"key":"Blue Candle"},{"floor":31,"key":"Toy Ornithopter"},{"floor":37,"key":"Prayer Wheel"},{"floor":43,"key":"Singing Bowl"},{"floor":43,"key":"Pocketwatch"},{"floor":44,"key":"CaptainsWheel"},{"floor":48,"key":"Gremlin Horn"},{"floor":48,"key":"TungstenRod"}],"event_choices":[{"cards_removed":["champ:Strike"],"damage_healed":0,"gold_gain":0,"player_choice":"Card Removal","damage_taken":0,"max_hp_gain":0,"max_hp_loss":0,"event_name":"The Cleric","floor":6,"gold_loss":0},{"damage_healed":0,"gold_gain":0,"player_choice":"Ignored","damage_taken":0,"max_hp_gain":0,"max_hp_loss":0,"event_name":"Ghosts","floor":20,"gold_loss":0},{"damage_healed":0,"gold_gain":0,"player_choice":"Became a vampire","damage_taken":0,"max_hp_gain":0,"max_hp_loss":28,"event_name":"Vampires","floor":22,"gold_loss":0,"cards_obtained":["Bite","Bite","Bite","Bite","Bite"]},{"damage_healed":0,"gold_gain":0,"player_choice":"Fight","damage_taken":0,"max_hp_gain":0,"max_hp_loss":0,"event_name":"Mysterious Sphere","floor":44,"gold_loss":0}],"is_beta":false,"boss_relics":[{"not_picked":["Velvet Choker","Pandora\u0027s Box"],"picked":"SlaversCollar"},{"not_picked":["Runic Dome","Snecko Eye"],"picked":"Black Star"}],"items_purged_floors":[21,26,45],"is_endless":false,"potions_floor_spawned":[2,9,10,15,23,29,30,32,33,42,43,47],"killed_by":"Transient","ascension_level":0}}