{"host":"480qzmvu0s2e3e6w","time":1609504195,"event":{"mods":["BaseMod","Colored Map","DeckTracker","Minty Spire (QoL Compilation)","StSLib","SuperFastMode"],"gold_per_floor":[119,135,151,165,63,63,90,90,90,41,41,68,68,83,83,187,187,200,200,214,27,41,41,74,74,99,119,119,119,144,156,156,256,256,272,272,143,159,175,175,204,218,218,247,258,276,296,296,296,296,296],"floor_reached":50,"playtime":3664,"items_purged":["Strike_B","Reprogram","Injury"],"score":818,"play_id":"aba66d88-9230-4d73-ae4d-73af309cf6b3","local_time":"20210101212955","is_ascension_mode":true,"campfire_choices":[{"data":"Dualcast","floor":6.0,"key":"SMITH"},{"data":"Defragment","floor":8.0,"key":"SMITH"},{"data":"Turbo","floor":11.0,"key":"SMITH"},{"floor":13.0,"key":"REST"},{"data":"Zap","floor":15.0,"key":"SMITH"},{"floor":23.0,"key":"REST"},{"floor":25.0,"key":"REST"},{"floor":32.0,"key":"REST"},{"data":"Buffer","floor":40.0,"key":"SMITH"},{"floor":49.0,"key":"REST"}],"circlet_count":0,"master_deck":["Zap+1","Dualcast+1","Rip and Tear","Turbo+1","Glacier","Gash","Conserve Battery","Streamline","Defragment+1","Genetic Algorithm","Buffer+1","Echo Form","Core Surge","Melter","Sunder","Turbo","Sweeping Beam+1","Dark Shackles+1","Machine Learning","Reinforced Body+1","Fusion+1","BootSequence+1","Lockon","Turbo+1","Biased Cognition","Stack+1","Capacitor","Hologram","Parasite","Darkness+1","Loop+1","Parasite","Coolheaded+1"],"relics":["Cracked Core","Dream Catcher","Pen Nib","Ornamental Fan","Pandora\u0027s Box","Matryoshka","Tiny Chest","Lantern","War Paint","Smiling Mask","Cursed Key","PreservedInsect","CaptainsWheel","Akabeko"],"acts_visited":["Exordium","TheCity","TheBeyond"],"potions_floor_usage":[50,50],"damage_taken":[{"damage":1.0,"enemies":"Cultist","floor":1.0,"turns":3.0},{"damage":0.0,"enemies":"Small Slimes","floor":2.0,"turns":2.0},{"damage":2.0,"enemies":"2 Louse","floor":3.0,"turns":2.0},{"damage":1.0,"enemies":"Looter","floor":4.0,"turns":3.0},{"damage":18.0,"enemies":"Lagavulin","floor":7.0,"turns":8.0},{"damage":11.0,"enemies":"Gremlin Nob","floor":12.0,"turns":4.0},{"damage":0.0,"enemies":"Large Slime","floor":14.0,"turns":4.0},{"damage":28.0,"enemies":"Slime Boss","floor":16.0,"turns":11.0},{"damage":11.0,"enemies":"Shell Parasite","floor":18.0,"turns":4.0},{"damage":25.0,"enemies":"3 Byrds","floor":20.0,"turns":4.0},{"damage":15.0,"enemies":"Cultist and Chosen","floor":22.0,"turns":7.0},{"damage":20.0,"enemies":"Gremlin Leader","floor":24.0,"turns":7.0},{"damage":20.0,"enemies":"Shelled Parasite and Fungi","floor":27.0,"turns":6.0},{"damage":16.0,"enemies":"Snake Plant","floor":31.0,"turns":4.0},{"damage":25.0,"enemies":"Champ","floor":33.0,"turns":12.0},{"damage":0.0,"enemies":"3 Shapes","floor":35.0,"turns":4.0},{"damage":10.0,"enemies":"3 Darklings","floor":38.0,"turns":9.0},{"damage":0.0,"enemies":"Writhing Mass","floor":39.0,"turns":8.0},{"damage":0.0,"enemies":"Giant Head","floor":41.0,"turns":10.0},{"damage":18.0,"enemies":"Spire Growth","floor":42.0,"turns":5.0},{"damage":1.0,"enemies":"Nemesis","floor":44.0,"turns":9.0},{"damage":3.0,"enemies":"Jaw Worm Horde","floor":45.0,"turns":6.0},{"damage":0.0,"enemies":"Sphere and 2 Shapes","floor":46.0,"turns":5.0},{"damage":23.0,"enemies":"Spire Growth","floor":47.0,"turns":8.0},{"damage":41,"enemies":"Donu and Deca","floor":50,"turns":2}],"seed_played":"-5967305936636025993","potions_obtained":[{"floor":1.0,"key":"SpeedPotion"},{"floor":4.0,"key":"Block Potion"},{"floor":16.0,"key":"Explosive Potion"},{"floor":22.0,"key":"LiquidMemories"},{"floor":24.0,"key":"DistilledChaos"},{"floor":27.0,"key":"FearPotion"},{"floor":33.0,"key":"FocusPotion"},{"floor":42.0,"key":"EssenceOfSteel"},{"floor":44.0,"key":"BlessingOfTheForge"},{"floor":45.0,"key":"LiquidBronze"}],"is_trial":false,"path_per_floor":["M","M","M","M","$","R","E","R","T","$","R","E","R","M","R","B",null,"M","$","M","$","M","R","E","R","T","M","?","?","T","M","R","B",null,"M","T","$","M","M","R","E","M","T","E","M","M","M","T","R","B"],"character_chosen":"DEFECT","items_purchased":["Streamline","SpeedPotion","Dark Shackles","Capacitor"],"campfire_rested":5,"item_purchase_floors":[5,10,21,37],"current_hp_per_floor":[67,67,65,64,64,64,46,46,46,46,46,35,57,57,57,29,64,53,53,28,28,13,35,15,37,37,17,17,17,17,21,43,18,61,61,61,61,51,51,51,51,33,33,32,29,29,6,6,28,0,0],"gold":296,"neow_bonus":"THREE_CARDS","is_daily":false,"chose_seed":false,"campfire_upgraded":5,"win_rate":0.0,"timestamp":1609504195,"path_taken":["M","M","M","M","$","R","E","R","T","$","R","E","R","M","R","BOSS","M","$","M","$","M","R","E","R","T","?","?","?","?","?","R","BOSS","M","?","$","?","M","R","E","M","T","E","M","M","M","?","R","BOSS"],"items_purchased_type":["Card","Potion","Card","Card"],"build_version":"2020-12-22","purchased_purges":3,"victory":false,"max_hp_per_floor":[75,75,75,75,75,75,75,75,75,75,75,75,75,75,75,75,75,75,75,75,75,75,75,75,75,75,75,75,75,75,75,75,75,75,75,75,75,75,75,75,75,75,75,75,75,75,75,75,75,75,75],"card_choices":[{"not_picked":["Coolheaded","Streamline"],"picked":"Rip and Tear","floor":0.0},{"not_picked":["Rip and Tear","Barrage"],"picked":"Turbo","floor":1.0},{"not_picked":["Streamline","Hello World"],"picked":"Glacier","floor":2.0},{"not_picked":["Stack","Hologram"],"picked":"Gash","floor":3.0},{"not_picked":["Reprogram","Steam"],"picked":"Conserve Battery","floor":4.0},{"not_picked":["Darkness","Undo"],"picked":"Defragment","floor":7.0},{"not_picked":["Force Field","Thunder Strike","Storm"],"picked":"SKIP","floor":12.0},{"not_picked":["Compile Driver","Hello World"],"picked":"Genetic Algorithm","floor":14.0},{"not_picked":["Amplify","Reboot"],"picked":"Buffer","floor":16.0},{"not_picked":["Glacier+1","Go for the Eyes"],"picked":"Turbo","floor":18.0},{"not_picked":["Barrage+1","Go for the Eyes+1"],"picked":"Sweeping Beam+1","floor":20.0},{"not_picked":["Compile Driver","Conserve Battery"],"picked":"Machine Learning","floor":22.0},{"not_picked":["Sweeping Beam","Tempest"],"picked":"Reinforced Body+1","floor":23.0},{"not_picked":["Redo","Rip and Tear","Amplify"],"picked":"SKIP","floor":24.0},{"not_picked":["Conserve Battery","Redo"],"picked":"Fusion","floor":25.0},{"not_picked":["Storm+1","Skim"],"picked":"BootSequence+1","floor":27.0},{"not_picked":["Fusion","Glacier","Self Repair"],"picked":"SKIP","floor":31.0},{"not_picked":["Stack","FTL"],"picked":"Turbo+1","floor":32.0},{"not_picked":["Meteor Strike","Electrodynamics"],"picked":"Biased Cognition","floor":33.0},{"not_picked":["Sweeping Beam","Chill+1"],"picked":"Stack+1","floor":35.0},{"not_picked":["Chill+1","Fusion"],"picked":"Hologram","floor":38.0},{"not_picked":["Ball Lightning","Stack"],"picked":"Darkness+1","floor":39.0},{"not_picked":["Storm","Undo"],"picked":"Loop+1","floor":41.0},{"not_picked":["Sunder","Turbo","Compile Driver"],"picked":"SKIP","floor":42.0},{"not_picked":["Beam Cell","Thunder Strike"],"picked":"Coolheaded+1","floor":44.0},{"not_picked":["Cold Snap+1","Undo+1","Fusion+1"],"picked":"SKIP","floor":45.0},{"not_picked":["Go for the Eyes+1","Barrage+1","Gash+1"],"picked":"SKIP","floor":46.0},{"not_picked":["FTL","Conserve Battery","Turbo"],"picked":"SKIP","floor":47.0}],"player_experience":649486,"relics_obtained":[{"floor":7.0,"key":"Dream Catcher"},{"floor":9.0,"key":"Pen Nib"},{"floor":12.0,"key":"Ornamental Fan"},{"floor":24.0,"key":"Matryoshka"},{"floor":26.0,"key":"Tiny Chest"},{"floor":26.0,"key":"Lantern"},{"floor":30.0,"key":"War Paint"},{"floor":30.0,"key":"Smiling Mask"},{"floor":36.0,"key":"PreservedInsect"},{"floor":41.0,"key":"CaptainsWheel"},{"floor":44.0,"key":"Akabeko"}],"event_choices":[{"damage_healed":0.0,"max_hp_gain":0.0,"max_hp_loss":0.0,"gold_gain":0.0,"cards_transformed":["Melter","Barrage"],"event_name":"Drug Dealer","player_choice":"Became Test Subject","floor":28.0,"gold_loss":0.0,"damage_taken":0.0,"cards_obtained":["Hello World","Lockon"]},{"cards_removed":["Hello World"],"damage_healed":0.0,"max_hp_gain":0.0,"max_hp_loss":0.0,"gold_gain":0.0,"event_name":"Purifier","player_choice":"Purged","floor":29.0,"gold_loss":0.0,"damage_taken":0.0}],"is_beta":false,"boss_relics":[{"not_picked":["Runic Dome","Ectoplasm"],"picked":"Pandora\u0027s Box"},{"not_picked":["Calling Bell","Nuclear Battery"],"picked":"Cursed Key"}],"items_purged_floors":[5,21,37],"is_endless":false,"potions_floor_spawned":[1,4,16,22,24,27,33,42,44,45],"killed_by":"Donu and Deca","ascension_level":8}}