{"host":"x205naxbihvu3p76","time":1609473176,"event":{"mods":["AchievementEnabler","BaseMod","Minty Spire (QoL Compilation)","StSLib","SuperFastMode"],"gold_per_floor":[119,139,139,157,171,171,199,199,223,223,11,11,29,29,29,106,106,121,46,66,16,26,26,37,37,63,63,13,23,23,41,41,113,113,126,146,146,96,114,114,114],"floor_reached":40,"playtime":1308,"items_purged":["Strike_B","Defend_B","Zap+1"],"score":737,"play_id":"257d91ac-d1a3-459e-b9d9-83f118f2f1ae","local_time":"20210101125256","is_ascension_mode":true,"campfire_choices":[{"data":"Streamline","floor":6,"key":"SMITH"},{"data":"Loop","floor":8,"key":"SMITH"},{"data":"Zap","floor":12,"key":"SMITH"},{"floor":15,"key":"REST"},{"data":"Seek","floor":23,"key":"SMITH"},{"floor":25,"key":"REST"},{"data":"Defragment","floor":32,"key":"SMITH"}],"circlet_count":0,"master_deck":["AscendersBane","Defend_B","Defend_B","Defend_B","Dualcast","Turbo","Sweeping Beam","Chill","Streamline+1","Leap","Loop+1","Core Surge","Cold Snap","Undo","Seek+1","Coolheaded+1","Cold Snap+1","Barrage","Core Surge","Defragment+1","Core Surge","Blizzard+1","Capacitor"],"relics":["Cracked Core","Juzu Bracelet","Bag of Preparation","MealTicket","Smiling Mask","Sozu","Centennial Puzzle","Toxic Egg 2","Black Star"],"acts_visited":["Exordium","TheCity","TheBeyond"],"potions_floor_usage":[16,16],"damage_taken":[{"damage":1,"enemies":"Cultist","floor":1,"turns":3},{"damage":0,"enemies":"2 Louse","floor":2,"turns":2},{"damage":4,"enemies":"Small Slimes","floor":4,"turns":4},{"damage":19,"enemies":"Exordium Thugs","floor":5,"turns":6},{"damage":4,"enemies":"Lagavulin","floor":7,"turns":7},{"damage":3,"enemies":"3 Louse","floor":13,"turns":2},{"damage":4,"enemies":"Slime Boss","floor":16,"turns":7},{"damage":14,"enemies":"Spheric Guardian","floor":18,"turns":4},{"damage":24,"enemies":"Chosen","floor":20,"turns":6},{"damage":21,"enemies":"Snake Plant","floor":22,"turns":5},{"damage":4,"enemies":"Centurion and Healer","floor":24,"turns":12},{"damage":7,"enemies":"Shelled Parasite and Fungi","floor":29,"turns":6},{"damage":0,"enemies":"3 Cultists","floor":31,"turns":5},{"damage":44,"enemies":"Collector","floor":33,"turns":16},{"damage":24,"enemies":"3 Darklings","floor":35,"turns":8},{"damage":4,"enemies":"Orb Walker","floor":36,"turns":4},{"damage":27,"enemies":"3 Darklings","floor":39,"turns":6},{"damage":19,"enemies":"Reptomancer","floor":40,"turns":9}],"seed_played":"-3706460689767402118","potions_obtained":[{"floor":2,"key":"PowerPotion"},{"floor":4,"key":"Strength Potion"}],"is_trial":false,"path_per_floor":["M","M","?","M","M","R","E","R","T","?","$","R","M","?","R","B",null,"M","?","M","$","M","R","M","R","T","?","$","M","T","M","R","B",null,"M","M","?","$","M","E"],"character_chosen":"DEFECT","items_purchased":["Core Surge","Cold Snap"],"campfire_rested":2,"item_purchase_floors":[11,11],"current_hp_per_floor":[63,63,56,52,33,33,29,29,29,29,44,44,41,30,51,47,65,51,51,27,42,21,21,17,38,38,38,53,46,46,46,46,2,54,30,26,26,41,14,0,0],"gold":114,"neow_bonus":"TRANSFORM_CARD","is_daily":false,"chose_seed":false,"campfire_upgraded":5,"win_rate":0.0,"timestamp":1609473176,"path_taken":["M","M","?","M","M","R","E","R","T","?","$","R","M","?","R","BOSS","M","?","M","$","M","R","M","R","T","?","?","M","?","M","R","BOSS","M","M","?","$","M","E"],"items_purchased_type":["Card","Card"],"build_version":"2020-12-22","purchased_purges":3,"victory":false,"max_hp_per_floor":[71,71,71,71,71,71,71,71,71,71,71,71,71,71,71,71,71,71,71,71,71,71,71,71,71,71,71,71,71,71,71,71,71,71,71,71,71,71,71,71,71],"card_choices":[{"not_picked":["Beam Cell","Gash"],"picked":"Sweeping Beam","floor":1},{"not_picked":["Melter","Rebound"],"picked":"Chill","floor":2},{"not_picked":["Go for the Eyes","Turbo"],"picked":"Streamline","floor":4},{"not_picked":["Steam","Storm"],"picked":"Leap","floor":5},{"not_picked":["Reinforced Body","Static Discharge"],"picked":"Loop","floor":7},{"not_picked":["Cold Snap","Rebound"],"picked":"Undo","floor":13},{"not_picked":["Amplify","All For One"],"picked":"Seek","floor":16},{"not_picked":["Redo","Stack"],"picked":"Coolheaded","floor":18},{"not_picked":["Aggregate","Chill"],"picked":"Cold Snap+1","floor":20},{"not_picked":["Redo+1","Heatsinks","Streamline"],"picked":"SKIP","floor":22},{"not_picked":["Compile Driver","Rebound"],"picked":"Barrage","floor":24},{"not_picked":["Leap","Recycle"],"picked":"Core Surge","floor":29},{"not_picked":["Self Repair+1","Stack+1"],"picked":"Defragment","floor":31},{"not_picked":["Fission+1","All For One"],"picked":"Core Surge","floor":33},{"not_picked":["Auto Shields+1","Leap+1","Turbo+1"],"picked":"SKIP","floor":35},{"not_picked":["Aggregate+1","Recycle+1"],"picked":"Blizzard+1","floor":36},{"not_picked":["Compile Driver","Hologram+1"],"picked":"Capacitor","floor":39}],"player_experience":941697,"relics_obtained":[{"floor":7,"key":"Juzu Bracelet"},{"floor":9,"key":"Bag of Preparation"},{"floor":26,"key":"Centennial Puzzle"},{"floor":30,"key":"Toxic Egg 2"}],"event_choices":[{"cards_removed":["Strike_B"],"damage_healed":0,"gold_gain":0,"player_choice":"Card Removal","damage_taken":7,"max_hp_gain":0,"max_hp_loss":0,"event_name":"Golden Wing","floor":3,"gold_loss":0},{"damage_healed":0,"gold_gain":0,"player_choice":"Searched \u00271\u0027 times","damage_taken":0,"relics_obtained":["MealTicket"],"max_hp_gain":0,"max_hp_loss":0,"event_name":"Dead Adventurer","floor":10,"gold_loss":0},{"damage_healed":0,"gold_gain":0,"player_choice":"Success","damage_taken":11,"relics_obtained":["Smiling Mask"],"max_hp_gain":0,"max_hp_loss":0,"event_name":"Scrap Ooze","floor":14,"gold_loss":0},{"cards_removed":["Strike_B"],"damage_healed":0,"gold_gain":0,"player_choice":"Gave Gold","damage_taken":0,"max_hp_gain":0,"max_hp_loss":0,"event_name":"Beggar","floor":19,"gold_loss":75},{"damage_healed":0,"gold_gain":0,"player_choice":"Ignored","damage_taken":0,"max_hp_gain":0,"max_hp_loss":0,"event_name":"Ghosts","floor":27,"gold_loss":0},{"damage_healed":0,"gold_gain":0,"player_choice":"Forge","damage_taken":0,"max_hp_gain":0,"max_hp_loss":0,"event_name":"Accursed Blacksmith","floor":37,"gold_loss":0,"cards_upgraded":["Coolheaded"]}],"is_beta":false,"boss_relics":[{"not_picked":["FrozenCore","SacredBark"],"picked":"Sozu"},{"not_picked":["Philosopher\u0027s Stone","Snecko Eye"],"picked":"Black Star"}],"items_purged_floors":[21,28,38],"is_endless":false,"potions_floor_spawned":[2,4,5,20,29,36],"killed_by":"Reptomancer","ascension_level":18}}