{"host":"82vjcvwyw2j7afb1","time":1609511065,"event":{"mods":["BaseMod","Colored Map","DeckTracker","Keyboard Shortcuts","Minty Spire (QoL Compilation)","Permanent Neow","Quick Restart","StSLib","SuperFastMode","everything is the same but u backflip on backflip"],"gold_per_floor":[217,229,239,255,40,65,65,91,91,91,104,104,117,34,34,136,136,147,147,160,160,170,170,199,219,219,219,219,74,74,74,74,174,174,189,149,149,149,199,210,238,238,292,19,53,53,26,26,26,26],"floor_reached":51,"playtime":2181,"items_purged":[],"score":879,"play_id":"5ec1fa0a-b0b2-4d16-bbdc-4b7c1769c701","local_time":"20210101232425","is_ascension_mode":true,"campfire_choices":[{"data":"Accuracy","floor":7.0,"key":"SMITH"},{"data":"Infinite Blades","floor":12.0,"key":"SMITH"},{"floor":15.0,"key":"REST"},{"floor":23.0,"key":"REST"},{"data":"Cloak And Dagger","floor":28.0,"key":"SMITH"},{"data":"Cloak And Dagger","floor":30.0,"key":"SMITH"},{"floor":32.0,"key":"REST"},{"floor":42.0,"key":"REST"},{"data":"Acrobatics","floor":46.0,"key":"SMITH"},{"data":"Prepared","floor":49.0,"key":"SMITH"}],"circlet_count":0,"master_deck":["Strike_G","Strike_G","Strike_G","Defend_G","Defend_G","Defend_G","Defend_G","Defend_G","Survivor","Neutralize","Cloak And Dagger+1","Infinite Blades+1","After Image+1","Cloak And Dagger+1","Accuracy+1","Well Laid Plans+1","Glass Knife","Acrobatics+1","Infinite Blades+1","Infinite Blades+1","Backflip","A Thousand Cuts+1","Writhe","Blade Dance+1","Reflex+1","Caltrops+1","RitualDagger","Caltrops+1","Enlightenment","Accuracy+1","Prepared+1"],"relics":["Ring of the Snake","Ancient Tea Set","Frozen Egg 2","Bottled Lightning","Busted Crown","Sundial","Mercury Hourglass","Dream Catcher","Juzu Bracelet","Sozu","Incense Burner","Eternal Feather","MawBank","Bottled Tornado","Potion Belt","Gremlin Horn"],"acts_visited":["Exordium","TheCity","TheBeyond"],"potions_floor_usage":[],"damage_taken":[{"damage":0.0,"enemies":"Small Slimes","floor":1.0,"turns":4.0},{"damage":0.0,"enemies":"Cultist","floor":2.0,"turns":5.0},{"damage":1.0,"enemies":"Jaw Worm","floor":3.0,"turns":4.0},{"damage":6.0,"enemies":"Red Slaver","floor":4.0,"turns":4.0},{"damage":3.0,"enemies":"Lagavulin","floor":6.0,"turns":13.0},{"damage":12.0,"enemies":"3 Sentries","floor":8.0,"turns":7.0},{"damage":11.0,"enemies":"3 Louse","floor":11.0,"turns":4.0},{"damage":4.0,"enemies":"Lots of Slimes","floor":13.0,"turns":4.0},{"damage":0.0,"enemies":"Slime Boss","floor":16.0,"turns":5.0},{"damage":6.0,"enemies":"Chosen","floor":18.0,"turns":3.0},{"damage":22.0,"enemies":"2 Thieves","floor":20.0,"turns":3.0},{"damage":7.0,"enemies":"Centurion and Healer","floor":22.0,"turns":5.0},{"damage":9.0,"enemies":"Book of Stabbing","floor":24.0,"turns":4.0},{"damage":13.0,"enemies":"Sentry and Sphere","floor":25.0,"turns":4.0},{"damage":12.0,"enemies":"Collector","floor":33.0,"turns":6.0},{"damage":4.0,"enemies":"3 Darklings","floor":35.0,"turns":3.0},{"damage":2.0,"enemies":"Mind Bloom Boss Battle","floor":39.0,"turns":6.0},{"damage":3.0,"enemies":"3 Shapes","floor":40.0,"turns":3.0},{"damage":28.0,"enemies":"Nemesis","floor":41.0,"turns":5.0},{"damage":0.0,"enemies":"Reptomancer","floor":45.0,"turns":4.0},{"damage":53,"enemies":"Awakened One","floor":50,"turns":7}],"seed_played":"-4104861666837176432","potions_obtained":[{"floor":2.0,"key":"GamblersBrew"},{"floor":3.0,"key":"DuplicationPotion"},{"floor":6.0,"key":"Ancient Potion"},{"floor":13.0,"key":"CultistPotion"},{"floor":20.0,"key":"EntropicBrew"},{"floor":33.0,"key":"Fire Potion"}],"is_trial":false,"path_per_floor":["M","M","M","M","$","E","R","E","T","?","M","R","M","$","R","B",null,"M","?","M","?","M","R","E","M","T","?","R","$","R","?","R","B",null,"M","?","?","?","?","M","E","R","T","$","E","R","$","T","R","B",null],"character_chosen":"THE_SILENT","items_purchased":["After Image","Cloak And Dagger","Infinite Blades+1","Backflip","Juzu Bracelet","Accuracy+1","Bottled Tornado","Prepared"],"campfire_rested":4,"item_purchase_floors":[5,5,14,14,29,44,44,47],"current_hp_per_floor":[70,70,69,63,63,60,60,48,48,48,37,37,33,33,54,54,70,64,64,42,42,35,56,47,34,34,57,57,57,57,51,70,58,70,66,66,66,66,64,61,33,66,66,66,66,66,66,66,66,13],"gold":26,"neow_bonus":"HUNDRED_GOLD","is_daily":false,"chose_seed":false,"campfire_upgraded":6,"win_rate":0.0,"timestamp":1609511065,"path_taken":["M","M","M","M","$","E","R","E","T","?","M","R","?","$","R","BOSS","M","?","M","?","M","R","E","M","T","?","R","?","R","?","R","BOSS","M","?","?","?","?","M","E","R","T","?","E","R","$","?","R","BOSS"],"items_purchased_type":["Card","Card","Card","Card","Relic","Card","Relic","Card"],"build_version":"2020-12-22","purchased_purges":0,"victory":true,"max_hp_per_floor":[70,70,70,70,70,70,70,70,70,70,70,70,70,70,70,70,70,70,70,70,70,70,70,70,70,70,70,70,70,70,70,70,70,70,70,70,70,66,66,66,66,66,66,66,66,66,66,66,66,66],"card_choices":[{"not_picked":["Slice","Deflect","Quick Slash"],"picked":"SKIP","floor":1.0},{"not_picked":["Outmaneuver","Bane"],"picked":"Cloak And Dagger","floor":2.0},{"not_picked":["Cloak And Dagger","Acrobatics"],"picked":"Infinite Blades","floor":3.0},{"not_picked":["Leg Sweep","Sucker Punch","Skewer"],"picked":"SKIP","floor":4.0},{"not_picked":["Bouncing Flask","Glass Knife"],"picked":"Accuracy","floor":6.0},{"not_picked":["Poisoned Stab","PiercingWail"],"picked":"Well Laid Plans+1","floor":8.0},{"not_picked":["Bane","Slice"],"picked":"Acrobatics","floor":11.0},{"not_picked":["Poisoned Stab","Eviscerate"],"picked":"Infinite Blades+1","floor":13.0},{"not_picked":["After Image+1","Corpse Explosion"],"picked":"A Thousand Cuts+1","floor":16.0},{"not_picked":["Bane"],"picked":"SKIP","floor":18.0},{"not_picked":[],"picked":"Blade Dance+1","floor":20.0},{"not_picked":[],"picked":"Reflex+1","floor":22.0},{"not_picked":[],"picked":"Caltrops+1","floor":24.0},{"not_picked":["Outmaneuver"],"picked":"SKIP","floor":25.0},{"not_picked":[],"picked":"Caltrops+1","floor":35.0},{"not_picked":[],"picked":"Enlightenment","floor":37.0},{"not_picked":["Blade Dance+1"],"picked":"SKIP","floor":40.0},{"not_picked":["Deadly Poison+1"],"picked":"SKIP","floor":41.0},{"not_picked":["Quick Slash+1"],"picked":"SKIP","floor":45.0}],"player_experience":39948,"relics_obtained":[{"floor":6.0,"key":"Ancient Tea Set"},{"floor":8.0,"key":"Frozen Egg 2"},{"floor":9.0,"key":"Bottled Lightning"},{"floor":24.0,"key":"Mercury Hourglass"},{"floor":26.0,"key":"Dream Catcher"},{"floor":39.0,"key":"Incense Burner"},{"floor":41.0,"key":"Eternal Feather"},{"floor":43.0,"key":"MawBank"},{"floor":45.0,"key":"Potion Belt"},{"floor":48.0,"key":"Gremlin Horn"}],"event_choices":[{"damage_healed":0.0,"max_hp_gain":0.0,"max_hp_loss":0.0,"gold_gain":0.0,"cards_transformed":["Strike_G"],"event_name":"Transmorgrifier","player_choice":"Transformed","floor":10.0,"gold_loss":0.0,"damage_taken":0.0,"cards_obtained":["Glass Knife"]},{"damage_healed":0.0,"max_hp_gain":0.0,"max_hp_loss":0.0,"gold_gain":0.0,"event_name":"The Mausoleum","player_choice":"Opened","floor":19.0,"gold_loss":0.0,"damage_taken":0.0,"relics_obtained":["Sundial"],"cards_obtained":["Writhe"]},{"cards_removed":["Strike_G"],"damage_healed":0.0,"max_hp_gain":0.0,"max_hp_loss":0.0,"gold_gain":0.0,"event_name":"Back to Basics","player_choice":"Elegance","floor":21.0,"gold_loss":0.0,"damage_taken":0.0},{"damage_healed":23.0,"max_hp_gain":0.0,"max_hp_loss":0.0,"gold_gain":0.0,"event_name":"The Library","player_choice":"Heal","floor":27.0,"gold_loss":0.0,"damage_taken":0.0},{"damage_healed":0.0,"max_hp_gain":0.0,"max_hp_loss":0.0,"gold_gain":0.0,"event_name":"Nest","player_choice":"Joined the Cult","floor":31.0,"gold_loss":0.0,"damage_taken":6.0,"cards_obtained":["RitualDagger"]},{"damage_healed":0.0,"max_hp_gain":0.0,"max_hp_loss":0.0,"gold_gain":0.0,"event_name":"Designer","player_choice":"Upgrade","floor":36.0,"gold_loss":40.0,"damage_taken":0.0,"cards_upgraded":["After Image"]},{"damage_healed":0.0,"max_hp_gain":0.0,"max_hp_loss":0.0,"gold_gain":0.0,"event_name":"SensoryStone","player_choice":"Memory 1","floor":37.0,"gold_loss":0.0,"damage_taken":0.0},{"damage_healed":0.0,"max_hp_gain":0.0,"max_hp_loss":4.0,"gold_gain":0.0,"event_name":"Winding Halls","player_choice":"Max HP","floor":38.0,"gold_loss":0.0,"damage_taken":0.0},{"damage_healed":0.0,"max_hp_gain":0.0,"max_hp_loss":0.0,"gold_gain":0.0,"event_name":"MindBloom","player_choice":"Fight","floor":39.0,"gold_loss":0.0,"damage_taken":0.0}],"is_beta":false,"boss_relics":[{"not_picked":["Runic Pyramid","Cursed Key"],"picked":"Busted Crown"},{"not_picked":["Philosopher\u0027s Stone","Fusion Hammer"],"picked":"Sozu"}],"items_purged_floors":[],"is_endless":false,"potions_floor_spawned":[2,3,6,13,20,33,39,45],"ascension_level":2}}