{"host":"gzwwvnucm264f2jm","time":1609537919,"event":{"mods":["AchievementEnabler","BaseMod","Better Note","BetterRewards","Colored Map","Curses Come First","Googly Eyes","Minty Spire (QoL Compilation)","Permanent Neow","Quick Restart","Rare Cards Sparkle","Slay-I","Spicy Shops","StSLib","SuperFastMode"],"gold_per_floor":[116,116,128,128,203,203,203,203,229,229,229,256,256,286,286,363,363,374,374,374,424,33,61,61,24,72,72,106,106,106,131,131,205,205,220,240,240,253,51,51,51,77,77,122,122,122,122,122,122,122,122],"floor_reached":52,"playtime":1140,"items_purged":["Decay"],"score":2014,"play_id":"8a2e7780-66e7-462e-b26a-250c1852f987","local_time":"20210101165159","daily_mods":["SealedDeck","Vintage","Flight"],"is_ascension_mode":true,"campfire_choices":[{"data":"Searing Blow","floor":6,"key":"SMITH"},{"data":"Searing Blow+1","floor":7,"key":"SMITH"},{"data":"Searing Blow+2","floor":8,"key":"SMITH"},{"data":"Searing Blow+3","floor":10,"key":"SMITH"},{"data":"Searing Blow+4","floor":11,"key":"SMITH"},{"data":"Searing Blow+5","floor":13,"key":"SMITH"},{"data":"Searing Blow+6","floor":15,"key":"SMITH"},{"data":"Searing Blow+7","floor":24,"key":"SMITH"},{"data":"Searing Blow+8","floor":27,"key":"SMITH"},{"data":"Searing Blow+9","floor":29,"key":"SMITH"},{"data":"Searing Blow+10","floor":30,"key":"SMITH"},{"data":"Searing Blow+11","floor":32,"key":"SMITH"},{"data":"Searing Blow+12","floor":40,"key":"SMITH"},{"data":"Searing Blow+13","floor":41,"key":"SMITH"},{"data":"Searing Blow+14","floor":45,"key":"SMITH"},{"data":"Searing Blow+15","floor":46,"key":"SMITH"},{"data":"Searing Blow+16","floor":47,"key":"SMITH"},{"data":"Searing Blow+17","floor":49,"key":"SMITH"}],"circlet_count":0,"master_deck":["AscendersBane","Sentinel","Thunderclap","True Grit","True Grit","Flame Barrier","Power Through","Sword Boomerang","Searing Blow+18","Immolate","Apotheosis+1","Shrug It Off+1","Barricade","Entrench+1","Shrug It Off+1","Dual Wield+1","Shockwave+1","Entrench+1","Violence+1","Panacea+1"],"relics":["Burning Blood","Pantograph","PreservedInsect","Art of War","Lantern","Toxic Egg 2","Sozu","White Beast Statue","MutagenicStrength","Medical Kit","Vajra","Akabeko","Bronze Scales","Magic Flower","Philosopher\u0027s Stone","Du-Vu Doll","StrikeDummy","StoneCalendar","Membership Card","Molten Egg 2","Blue Candle","Peace Pipe"],"acts_visited":["Exordium","TheCity","TheBeyond"],"potions_floor_usage":[],"damage_taken":[{"damage":2,"enemies":"Small Slimes","floor":1,"turns":3},{"damage":0,"enemies":"Cultist","floor":3,"turns":3},{"damage":6,"enemies":"3 Sentries","floor":12,"turns":6},{"damage":0,"enemies":"Lagavulin","floor":14,"turns":2},{"damage":21,"enemies":"Hexaghost","floor":16,"turns":5},{"damage":0,"enemies":"Spheric Guardian","floor":18,"turns":3},{"damage":31,"enemies":"Gremlin Leader","floor":23,"turns":3},{"damage":0,"enemies":"Slavers","floor":28,"turns":3},{"damage":13,"enemies":"Gremlin Leader","floor":31,"turns":3},{"damage":7,"enemies":"Champ","floor":33,"turns":7},{"damage":0,"enemies":"Orb Walker","floor":35,"turns":3},{"damage":2,"enemies":"3 Darklings","floor":36,"turns":3},{"damage":0,"enemies":"Maw","floor":38,"turns":4},{"damage":0,"enemies":"Giant Head","floor":42,"turns":4},{"damage":9,"enemies":"2 Orb Walkers","floor":44,"turns":3},{"damage":4,"enemies":"Donu and Deca","floor":50,"turns":4},{"damage":19,"enemies":"Time Eater","floor":51,"turns":7}],"seed_played":"-2063043547907376937","potions_obtained":[],"is_trial":true,"path_per_floor":["M","?","M","$","?","R","R","R","T","R","R","E","R","E","R","B",null,"M","?","?","?","$","E","R","$","T","R","E","R","R","E","R","B",null,"M","M","?","M","$","R","R","E","T","?","R","R","R","?","R","B","B",null],"character_chosen":"IRONCLAD","items_purchased":["Apotheosis+1","Shrug It Off+1","Medical Kit","Entrench+1","Membership Card","Shockwave+1"],"campfire_rested":0,"item_purchase_floors":[22,22,22,25,39,39],"current_hp_per_floor":[72,75,75,75,64,64,64,64,64,64,64,64,64,70,70,60,71,75,75,75,75,75,50,50,50,50,50,56,56,56,49,49,75,75,75,75,75,75,75,75,75,75,75,75,75,75,75,65,65,75,65],"gold":122,"neow_bonus":"","is_daily":false,"chose_seed":false,"campfire_upgraded":18,"win_rate":0.0,"timestamp":1609537919,"path_taken":["M","?","?","?","?","R","R","R","T","R","R","E","R","E","R","BOSS","M","?","?","?","$","E","R","?","T","R","E","R","R","E","R","BOSS","M","M","?","?","$","R","R","E","T","?","R","R","R","?","R","BOSS","BOSS"],"items_purchased_type":["Card","Card","Relic","Card","Relic","Card"],"build_version":"2020-12-22","purchased_purges":1,"victory":true,"max_hp_per_floor":[75,75,75,75,75,75,75,75,75,75,75,75,75,75,75,75,75,75,75,75,75,75,75,75,75,75,75,75,75,75,75,75,75,75,75,75,75,75,75,75,75,75,75,75,75,75,75,75,75,75,75],"card_choices":[{"not_picked":["Flex","Power Through","Infernal Blade"],"picked":"SKIP","floor":12},{"not_picked":["Whirlwind","True Grit+1","Twin Strike"],"picked":"SKIP","floor":14},{"not_picked":["Limit Break+1","Juggernaut"],"picked":"Immolate","floor":16},{"not_picked":["Sword Boomerang","Cleave"],"picked":"Barricade","floor":23},{"not_picked":["Pommel Strike","Combust"],"picked":"Shrug It Off+1","floor":28},{"not_picked":["Body Slam","Second Wind+1"],"picked":"Dual Wield+1","floor":31},{"not_picked":["Pommel Strike+1","Shockwave+1"],"picked":"Entrench+1","floor":42},{"not_picked":["Trip+1","Panache"],"picked":"Violence+1","floor":48},{"not_picked":["Discovery+1","The Bomb+1"],"picked":"Panacea+1","floor":48}],"player_experience":437084,"relics_obtained":[{"floor":1,"key":"Pantograph"},{"floor":3,"key":"PreservedInsect"},{"floor":9,"key":"Art of War"},{"floor":12,"key":"Lantern"},{"floor":14,"key":"Toxic Egg 2"},{"floor":18,"key":"White Beast Statue"},{"floor":23,"key":"Vajra"},{"floor":26,"key":"Akabeko"},{"floor":28,"key":"Bronze Scales"},{"floor":31,"key":"Magic Flower"},{"floor":35,"key":"Du-Vu Doll"},{"floor":36,"key":"StrikeDummy"},{"floor":38,"key":"StoneCalendar"},{"floor":42,"key":"Molten Egg 2"},{"floor":43,"key":"Blue Candle"},{"floor":44,"key":"Peace Pipe"}],"event_choices":[{"cards_removed":["Body Slam"],"damage_healed":5,"gold_gain":0,"player_choice":"Offered Common","damage_taken":0,"max_hp_gain":0,"max_hp_loss":0,"event_name":"Bonfire Elementals","floor":2,"gold_loss":0},{"cards_removed":["Body Slam"],"damage_healed":5,"gold_gain":0,"player_choice":"Offered Special","damage_taken":0,"max_hp_gain":0,"max_hp_loss":0,"event_name":"Bonfire Elementals","floor":2,"gold_loss":0},{"damage_healed":0,"gold_gain":75,"player_choice":"Gather Gold","damage_taken":11,"max_hp_gain":0,"max_hp_loss":0,"event_name":"World of Goop","floor":5,"gold_loss":0},{"cards_removed":["Searing Blow"],"damage_healed":0,"gold_gain":0,"player_choice":"Give","damage_taken":0,"max_hp_gain":0,"max_hp_loss":0,"event_name":"betterNote:BetterNote","floor":19,"gold_loss":0,"cards_obtained":["Limit Break"]},{"damage_healed":0,"gold_gain":0,"player_choice":"Inject Mutagens","damage_taken":0,"relics_obtained":["MutagenicStrength"],"max_hp_gain":0,"max_hp_loss":0,"event_name":"Drug Dealer","floor":20,"gold_loss":0},{"damage_healed":0,"gold_gain":50,"player_choice":"Stole From Cult","damage_taken":0,"max_hp_gain":0,"max_hp_loss":0,"event_name":"Nest","floor":21,"gold_loss":0},{"cards_removed":["Cleave"],"damage_healed":0,"gold_gain":0,"player_choice":"Purged","damage_taken":0,"max_hp_gain":0,"max_hp_loss":0,"event_name":"Purifier","floor":37,"gold_loss":0},{"damage_healed":0,"gold_gain":0,"player_choice":"Fight","damage_taken":0,"max_hp_gain":0,"max_hp_loss":0,"event_name":"Mysterious Sphere","floor":44,"gold_loss":0},{"damage_healed":0,"gold_gain":0,"player_choice":"Memory 3","damage_taken":10,"max_hp_gain":0,"max_hp_loss":0,"event_name":"SensoryStone","floor":48,"gold_loss":0}],"is_beta":false,"boss_relics":[{"not_picked":["Runic Pyramid","SacredBark"],"picked":"Sozu"},{"not_picked":["Runic Dome","Runic Cube"],"picked":"Philosopher\u0027s Stone"}],"items_purged_floors":[22],"is_endless":false,"potions_floor_spawned":[23,28,31,33,35,36,38,42,44],"ascension_level":20}}