{"host":"4w8ocelhatf0iefc","time":1609467883,"event":{"mods":["AchievementEnabler","Act Like it!","Aspiration","BaseMod","Colored Map","Colored Powertips","Downfall","GifTheSpireLib","Hubris","Minty Spire (QoL Compilation)","Replay The Spire","StSLib","The Cursed","vexMod"],"gold_per_floor":[119,44,57,57,57,57,92,92,115,129,143,175,175,195,195,293,293,311,61,78,98,135,168,168,180,180,180,55,74,74,87,87,87,87],"floor_reached":33,"playtime":945,"items_purged":["hubris:Compulsion","Defend_P","Defend_P"],"score":319,"play_id":"ac725b4f-ae26-4df2-98b4-b03f56fb1968","local_time":"20210101102443","is_ascension_mode":true,"campfire_choices":[{"data":"ForeignInfluence","floor":6.0,"key":"SMITH"},{"data":"CrushJoints","floor":8.0,"key":"SMITH"},{"data":"Replay:Vibes","floor":13.0,"key":"SMITH"},{"data":"Strike_P","floor":15.0,"key":"PURGE"},{"data":"ReplayTheSpireMod:Splinters","floor":24.0,"key":"PURGE"},{"floor":30.0,"key":"REST"},{"floor":32.0,"key":"REST"}],"circlet_count":0,"master_deck":["Strike_P","Strike_P","Strike_P","Defend_P","Defend_P","Eruption+1","Vigilance","ForeignInfluence+1","FollowUp","CrushJoints+1","PathToVictory","SashWhip","Replay:Vibes+1","Devotion","EmptyFist","ClearTheMind","Halt+1","Replay:DivineShield","BowlingBash+1","FlurryOfBlows+1","FlurryOfBlows+1","FlurryOfBlows+1","MentalFortress"],"relics":["PureWater","Peace Pipe","hubris:SlimyHat","Anchor","Mirror","hubris:HollowSoul","MealTicket","aspiration:HatOfInfinitePower","Snack Pack","Girya"],"acts_visited":["Exordium","TheCity"],"potions_floor_usage":[],"damage_taken":[{"damage":0.0,"enemies":"Cultist","floor":1.0,"turns":2.0},{"damage":1.0,"enemies":"2 Louse","floor":3.0,"turns":3.0},{"damage":7.0,"enemies":"Lagavulin","floor":7.0,"turns":3.0},{"damage":0.0,"enemies":"Small Slimes","floor":10.0,"turns":2.0},{"damage":4.0,"enemies":"Exordium Wildlife","floor":11.0,"turns":3.0},{"damage":2.0,"enemies":"Gremlin Nob","floor":12.0,"turns":3.0},{"damage":0.0,"enemies":"Red Slaver","floor":14.0,"turns":1.0},{"damage":44.0,"enemies":"Hexaghost","floor":16.0,"turns":7.0},{"damage":0.0,"enemies":"Chosen","floor":18.0,"turns":3.0},{"damage":8.0,"enemies":"Shell Parasite","floor":20.0,"turns":2.0},{"damage":27.0,"enemies":"Centurion and Healer","floor":21.0,"turns":5.0},{"damage":9.0,"enemies":"Gremlin Leader","floor":23.0,"turns":9.0},{"damage":0.0,"enemies":"Cultist and Chosen","floor":25.0,"turns":4.0},{"damage":51.0,"enemies":"Shelled Parasite and Fungi","floor":29.0,"turns":6.0},{"damage":20.0,"enemies":"3 Cultists","floor":31.0,"turns":4.0},{"damage":0,"enemies":"Champ","floor":33,"turns":1}],"seed_played":"-338026875240577753","potions_obtained":[{"floor":1.0,"key":"Reflective Coating"},{"floor":12.0,"key":"SpeedPotion"},{"floor":20.0,"key":"Energy Potion"},{"floor":23.0,"key":"Fire Potion"},{"floor":31.0,"key":"DuplicationPotion"}],"is_trial":false,"path_per_floor":["M","$","M","T","?","R","E","R","T","M","M","E","R","M","R","B",null,"M","$","M","M","?","E","R","M","T","?","$","M","R","M","R","B"],"character_chosen":"WATCHER","items_purchased":["MealTicket"],"campfire_rested":2,"item_purchase_floors":[19],"current_hp_per_floor":[72,72,71,71,71,71,64,64,64,64,60,58,58,58,58,14,72,72,72,64,37,37,28,28,32,32,32,47,6,27,15,36,36,36],"gold":87,"neow_bonus":"ONE_RARE_RELIC","is_daily":false,"chose_seed":false,"campfire_upgraded":3,"win_rate":0.0,"timestamp":1609467883,"path_taken":["M","$","?","?","?","R","E","R","T","?","M","E","R","M","R","BOSS","M","$","M","?","?","E","R","?","T","?","?","?","R","M","R","BOSS"],"items_purchased_type":["Relic"],"build_version":"2020-12-22","purchased_purges":3,"victory":false,"max_hp_per_floor":[72,72,72,72,72,72,72,72,72,72,72,72,72,72,72,72,72,72,72,72,72,72,72,72,72,72,72,72,72,72,72,72,72,72],"card_choices":[{"not_picked":["CutThroughFate","BowlingBash"],"picked":"ForeignInfluence","floor":1.0},{"not_picked":["EmptyBody","Study"],"picked":"FollowUp","floor":3.0},{"not_picked":["FlyingSleeves","Prostrate"],"picked":"CrushJoints","floor":7.0},{"not_picked":["Wallop","BowlingBash"],"picked":"PathToVictory","floor":10.0},{"not_picked":["DeceiveReality","ThirdEye"],"picked":"SashWhip","floor":11.0},{"not_picked":["Replay:AtTheReady","Evaluate"],"picked":"Replay:Vibes","floor":12.0},{"not_picked":["Tantrum","Prostrate","Crescendo"],"picked":"SKIP","floor":14.0},{"not_picked":["Omniscience","Wish"],"picked":"Devotion","floor":16.0},{"not_picked":["Sanctity","InnerPeace"],"picked":"EmptyFist","floor":18.0},{"not_picked":["Replay:AtTheReady","Crescendo"],"picked":"ClearTheMind","floor":20.0},{"not_picked":["PathToVictory","Fasting2"],"picked":"Halt+1","floor":21.0},{"not_picked":["MentalFortress","Wireheading"],"picked":"Replay:DivineShield","floor":22.0},{"not_picked":["Protect","JustLucky+1"],"picked":"BowlingBash+1","floor":23.0},{"not_picked":["Replay:Cycle+1","Replay:ManipulateFuture"],"picked":"FlurryOfBlows+1","floor":25.0},{"not_picked":["Replay:ManipulateFuture","Replay:Vibes"],"picked":"FlurryOfBlows+1","floor":29.0},{"not_picked":["Evaluate","BowlingBash"],"picked":"MentalFortress","floor":31.0}],"player_experience":513269,"relics_obtained":[{"floor":7.0,"key":"hubris:SlimyHat"},{"floor":9.0,"key":"Anchor"},{"floor":12.0,"key":"Mirror"},{"floor":22.0,"key":"aspiration:HatOfInfinitePower"},{"floor":23.0,"key":"Snack Pack"},{"floor":26.0,"key":"Girya"}],"event_choices":[{"damage_healed":0.0,"max_hp_gain":0.0,"max_hp_loss":0.0,"gold_gain":0.0,"event_name":"Accursed Blacksmith","player_choice":"Forge","floor":5.0,"gold_loss":0.0,"damage_taken":0.0,"cards_upgraded":["Eruption"]},{"damage_healed":0.0,"max_hp_gain":0.0,"max_hp_loss":0.0,"gold_gain":0.0,"event_name":"Duplicator","player_choice":"Copied","floor":27.0,"gold_loss":0.0,"damage_taken":0.0,"cards_obtained":["FlurryOfBlows"]}],"is_beta":false,"boss_relics":[{"not_picked":["vexMod:NewClearReactor","aspiration:SecretTechniqueScroll"],"picked":"hubris:HollowSoul"}],"items_purged_floors":[2,19,28],"is_endless":false,"potions_floor_spawned":[1,12,20,23,31],"killed_by":"Champ","ascension_level":3}}