{"host":"44cj7v9849ev3ii0","time":1609480720,"event":{"mods":["BaseMod","Colored Powertips","Marisa£®ÏF”Í°°ƒß¿Ì…≥£©","Minty Spire (QoL Compilation)","Replay The Spire","Shop Mod","StSLib","The Cursed"],"gold_per_floor":[118,118,133,149,168,203,203,213,213,248,248,281,293,304,304,401,401,420,431,445,445,54,54,68,68,68],"floor_reached":25,"playtime":1180,"items_purged":[],"score":288,"play_id":"41aec7f0-52e9-46a4-ae19-f75e73777703","local_time":"20210101135840","is_ascension_mode":true,"campfire_choices":[{"data":"TheCursedMod:AbyssShockwave","floor":7,"key":"SMITH"},{"floor":11,"key":"REST"},{"floor":15,"key":"REST"},{"floor":23,"key":"REST"}],"circlet_count":0,"master_deck":["TheCursedMod:Strike_TheCursed","TheCursedMod:Strike_TheCursed","TheCursedMod:Strike_TheCursed","TheCursedMod:Strike_TheCursed","TheCursedMod:Defend_TheCursed","TheCursedMod:Defend_TheCursed","TheCursedMod:Defend_TheCursed","TheCursedMod:Defend_TheCursed","TheCursedMod:CursedWand","TheCursedMod:CleanUpWorkshop","TheCursedMod:Dregs","Decay","TheCursedMod:StunningStrike+1","TheCursedMod:TacticalStrike","TheCursedMod:CursedBlade","TheCursedMod:AbyssShockwave+1","TheCursedMod:Wield","TheCursedMod:SpitefulStrike","TheCursedMod:TacticalStrike","TheCursedMod:CircleOfCorruption","TheCursedMod:CursedAmulet","TheCursedMod:LuckyCharm","TheCursedMod:ReleasedStrength","TheCursedMod:DemonicPact+1","TheCursedMod:CursedShiv","TheCursedMod:CircleOfCorruption","TheCursedMod:CursedSpellbook+1","TheCursedMod:WearCloak","Magnetism","TheCursedMod:CursedShiv","TheCursedMod:Stigma"],"relics":["TheCursedMod:BlackMagic101","Strawberry","HornCleat","Replay:Ringing Soul","Orichalcum","Fusion Hammer","Guide Book"],"acts_visited":["Exordium","TheCity"],"potions_floor_usage":[],"damage_taken":[{"damage":2,"enemies":"Jaw Worm","floor":1,"turns":3},{"damage":3,"enemies":"Cultist","floor":3,"turns":4},{"damage":0,"enemies":"2 Louse","floor":4,"turns":2},{"damage":9,"enemies":"Large Slime","floor":5,"turns":6},{"damage":34,"enemies":"3 Sentries","floor":6,"turns":5},{"damage":0,"enemies":"Lots of Slimes","floor":8,"turns":1},{"damage":19,"enemies":"Lagavulin","floor":10,"turns":5},{"damage":24,"enemies":"Gremlin Nob","floor":12,"turns":5},{"damage":0,"enemies":"Exordium Thugs","floor":13,"turns":2},{"damage":5,"enemies":"Gremlin Gang","floor":14,"turns":2},{"damage":18,"enemies":"Hexaghost","floor":16,"turns":10},{"damage":28,"enemies":"Shell Parasite","floor":18,"turns":6},{"damage":26,"enemies":"2 Thieves","floor":19,"turns":5},{"damage":4,"enemies":"3 Cultists","floor":20,"turns":4},{"damage":14,"enemies":"Sentry and Sphere","floor":24,"turns":5},{"damage":77,"enemies":"Slavers","floor":25,"turns":6}],"seed_played":"-7029150525075451940","potions_obtained":[{"floor":1,"key":"SpeedPotion"},{"floor":2,"key":"Strength Potion"},{"floor":2,"key":"Reflective Coating"},{"floor":2,"key":"AttackPotion"}],"is_trial":false,"path_per_floor":["M","?","M","M","M","E","R","M","T","E","R","E","M","M","R","B",null,"M","M","M","?","$","R","M","E"],"character_chosen":"THE_CURSED","items_purchased":["Guide Book","TheCursedMod:WearCloak","Magnetism","TheCursedMod:CursedShiv"],"campfire_rested":3,"item_purchase_floors":[22,22,22,22],"current_hp_per_floor":[73,73,70,70,61,34,34,34,34,18,43,22,25,23,51,36,97,72,49,48,48,51,83,72,0,0],"gold":68,"neow_bonus":"THREE_RARE_CARDS","is_daily":false,"chose_seed":false,"campfire_upgraded":1,"win_rate":0.0,"timestamp":1609480720,"path_taken":["M","?","M","M","?","E","R","M","T","E","R","E","M","M","R","BOSS","M","M","M","?","$","R","M","E"],"items_purchased_type":["Relic","Card","Card","Card"],"build_version":"2020-12-22","purchased_purges":0,"victory":false,"max_hp_per_floor":[75,75,75,75,75,82,82,82,82,85,85,88,91,94,94,97,97,100,103,106,106,109,109,112,112,112],"card_choices":[{"not_picked":["TheCursedMod:ManaCirculation","TheCursedMod:OutForBlood"],"picked":"TheCursedMod:StunningStrike","floor":0},{"not_picked":["TheCursedMod:FuryStrike","TheCursedMod:CursedAmulet"],"picked":"TheCursedMod:TacticalStrike","floor":1},{"not_picked":["TheCursedMod:Stigma","TheCursedMod:RavingStaff"],"picked":"TheCursedMod:CursedBlade","floor":3},{"not_picked":["TheCursedMod:CircleOfWindfury","TheCursedMod:FleshFromBone"],"picked":"TheCursedMod:AbyssShockwave","floor":4},{"not_picked":["TheCursedMod:CursedArmor","TheCursedMod:Obscuration"],"picked":"TheCursedMod:Wield","floor":5},{"not_picked":["TheCursedMod:Obscuration","TheCursedMod:CursedArmor"],"picked":"TheCursedMod:SpitefulStrike","floor":6},{"not_picked":["TheCursedMod:ManaBullet","TheCursedMod:CursedMace"],"picked":"TheCursedMod:TacticalStrike","floor":8},{"not_picked":["TheCursedMod:ReleasedKnowledge","TheCursedMod:NeowsMight"],"picked":"TheCursedMod:CircleOfCorruption","floor":10},{"not_picked":["TheCursedMod:Stretching","TheCursedMod:FuryStrike"],"picked":"TheCursedMod:CursedAmulet","floor":12},{"not_picked":["TheCursedMod:Wield","TheCursedMod:CircleOfFocus"],"picked":"TheCursedMod:LuckyCharm","floor":13},{"not_picked":["TheCursedMod:CursedSpellbook","TheCursedMod:CursedMace"],"picked":"TheCursedMod:ReleasedStrength","floor":14},{"not_picked":["TheCursedMod:StunningStrike","TheCursedMod:CursedRelics"],"picked":"TheCursedMod:DemonicPact","floor":16},{"not_picked":["TheCursedMod:CursedArmor","TheCursedMod:Hemoplague"],"picked":"TheCursedMod:CursedShiv","floor":18},{"not_picked":["TheCursedMod:TacticalStrike","TheCursedMod:VitalStrike"],"picked":"TheCursedMod:CircleOfCorruption","floor":19},{"not_picked":["TheCursedMod:ManaBullet","TheCursedMod:LuckyCharm"],"picked":"TheCursedMod:CursedSpellbook+1","floor":20},{"not_picked":["TheCursedMod:FleshFromBone","TheCursedMod:Mangle"],"picked":"TheCursedMod:Stigma","floor":24}],"player_experience":25451,"relics_obtained":[{"floor":6,"key":"Strawberry"},{"floor":9,"key":"HornCleat"},{"floor":10,"key":"Replay:Ringing Soul"},{"floor":12,"key":"Orichalcum"}],"event_choices":[{"damage_healed":0,"gold_gain":0,"player_choice":"Got Potions","damage_taken":0,"max_hp_gain":0,"max_hp_loss":0,"event_name":"Lab","floor":2,"gold_loss":0},{"damage_healed":0,"gold_gain":0,"player_choice":"Ignored","damage_taken":0,"max_hp_gain":0,"max_hp_loss":0,"event_name":"Ghosts","floor":21,"gold_loss":0}],"is_beta":false,"boss_relics":[{"not_picked":["Runic Dome","ReplayTheSpireMod:Onyx Gauntlets"],"picked":"Fusion Hammer"}],"items_purged_floors":[],"is_endless":false,"potions_floor_spawned":[1,5,12,13,16,18,24],"killed_by":"Slavers","ascension_level":1}}