{"host":"ssbj2e5691x5ub3h","time":1609467405,"event":{"mods":["BaseMod","Duelist Mod","Minty Spire (QoL Compilation)","StSLib"],"gold_per_floor":[143,158,158,174,174,204,204,221,244,289,305,339,339,363,363,438,438,450,478,492,502,502,533,545,545,545],"floor_reached":25,"playtime":1126,"items_purged":[],"score":450,"play_id":"f0f4ccf8-601a-465c-aa11-45c8c7baea1e","local_time":"20210101001645","is_ascension_mode":true,"campfire_choices":[{"floor":13,"key":"REST"},{"floor":15,"key":"REST"}],"circlet_count":0,"master_deck":["AscendersBane","theDuelist:BabyDragon+1","theDuelist:CastleWalls+1","theDuelist:CastleWalls","theDuelist:CaveDragon","theDuelist:CaveDragon","theDuelist:LesserDragon","theDuelist:LesserDragon","theDuelist:Sparks","theDuelist:StormSparks","theDuelist:YamataDragon","theDuelist:TwinHeadedFire","theDuelist:RedRisingDragon","theDuelist:CyberDragonCore","theDuelist:MirageDragon","theDuelist:MirageDragon","theDuelist:DragonMastery","theDuelist:BlacklandFireDragon","theDuelist:CoralDragon","theDuelist:WaterDragon","theDuelist:MiraculousDescent","theDuelist:LordD","theDuelist:MetalDragon","theDuelist:SnowDragon"],"relics":["theDuelist:MillenniumPuzzle","theDuelist:CardPoolRelic","theDuelist:CardPoolBasicRelic","theDuelist:BoosterPackPoolRelic","theDuelist:CardPoolAddRelic","theDuelist:CardPoolMinusRelic","theDuelist:CardPoolSaveRelic","theDuelist:CardPoolOptionsRelic","War Paint","Snake Skull","theDuelist:MillenniumRod","theDuelist:SolderToken","Pen Nib","Fusion Hammer","Paper Frog"],"acts_visited":["Exordium","TheCity"],"potions_floor_usage":[6,16,20],"damage_taken":[{"damage":0,"enemies":"Small Slimes","floor":1,"turns":2},{"damage":0,"enemies":"2 Louse","floor":2,"turns":2},{"damage":0,"enemies":"Jaw Worm","floor":4,"turns":2},{"damage":5,"enemies":"Gremlin Nob","floor":6,"turns":3},{"damage":1,"enemies":"Red Slaver","floor":8,"turns":3},{"damage":6,"enemies":"Exordium Thugs","floor":10,"turns":3},{"damage":5,"enemies":"Lots of Slimes","floor":11,"turns":2},{"damage":19,"enemies":"3 Sentries","floor":12,"turns":8},{"damage":17,"enemies":"The Guardian","floor":16,"turns":6},{"damage":0,"enemies":"Shell Parasite","floor":18,"turns":2},{"damage":2,"enemies":"Spheric Guardian","floor":19,"turns":5},{"damage":23,"enemies":"Centurion and Healer","floor":20,"turns":5},{"damage":7,"enemies":"Snake Plant","floor":21,"turns":3},{"damage":34,"enemies":"Book of Stabbing","floor":23,"turns":4},{"damage":0,"enemies":"Snecko","floor":24,"turns":3},{"damage":42,"enemies":"Slavers","floor":25,"turns":2}],"seed_played":"-4989718350162750558","potions_obtained":[{"floor":1,"key":"theDuelist:BigOrbBottle"},{"floor":2,"key":"FocusPotion"},{"floor":11,"key":"theDuelist:BigTributeBottle"},{"floor":16,"key":"theDuelist:LavaBottle"},{"floor":18,"key":"BlessingOfTheForge"},{"floor":24,"key":"Swift Potion"}],"is_trial":false,"path_per_floor":["M","M","?","M","?","E","$","M","T","M","M","E","R","T","R","B",null,"M","M","M","M","?","E","M","E"],"character_chosen":"THE_DUELIST","items_purchased":[],"campfire_rested":2,"item_purchase_floors":[],"current_hp_per_floor":[63,63,52,52,52,47,47,46,46,40,35,16,37,37,58,41,63,63,61,38,31,70,36,36,0,0],"gold":545,"neow_bonus":"THREE_CARDS","is_daily":false,"chose_seed":false,"campfire_upgraded":0,"win_rate":0.0,"timestamp":1609467405,"path_taken":["M","M","?","M","?","E","?","?","T","M","M","E","R","?","R","BOSS","M","?","M","M","?","E","?","E"],"items_purchased_type":[],"build_version":"2020-12-22","purchased_purges":0,"victory":false,"max_hp_per_floor":[70,70,70,70,70,70,70,70,70,70,70,70,70,70,70,70,70,70,70,70,70,70,70,70,70,70],"card_choices":[{"not_picked":["theDuelist:DefenseDraw","theDuelist:Anthrosaurus","theDuelist:CyberValley","theDuelist:BlueEyes"],"picked":"theDuelist:TwinHeadedFire","floor":1},{"not_picked":["theDuelist:TwinHeadedFire","theDuelist:Pyrorex","theDuelist:CloudianGhost","theDuelist:BlueEyes"],"picked":"theDuelist:RedRisingDragon","floor":2},{"not_picked":["theDuelist:LesserDragon","theDuelist:DefenseDraw","theDuelist:MoltenDestruction","theDuelist:Pyrorex"],"picked":"theDuelist:CyberDragonCore","floor":4},{"not_picked":["theDuelist:Kabazauls","theDuelist:SnowDragon","theDuelist:MoltenDestruction","theDuelist:HymnOfLight"],"picked":"theDuelist:MirageDragon","floor":6},{"not_picked":["theDuelist:MadSwordBeast","theDuelist:DefenseZone","theDuelist:HazyFlameHydra","theDuelist:Earthquake"],"picked":"theDuelist:MirageDragon","floor":8},{"not_picked":["theDuelist:StampingDestruction","theDuelist:GravityLash","theDuelist:VeilDarkness","theDuelist:DragonShield"],"picked":"theDuelist:DragonMastery","floor":10},{"not_picked":["theDuelist:Pyrorex","theDuelist:LesserDragon","theDuelist:Hydrogeddon","theDuelist:BusterBlader"],"picked":"theDuelist:BlacklandFireDragon","floor":11},{"not_picked":["theDuelist:Hydrogeddon","theDuelist:BusterBlader","theDuelist:CyberDragonNachster","theDuelist:SauropodBrachion"],"picked":"theDuelist:CoralDragon","floor":12},{"not_picked":["theDuelist:DoomkaiserDragon","theDuelist:BusterBladerDDS","theDuelist:BSkullDragon","theDuelist:ArmedProtectorDragon"],"picked":"theDuelist:WaterDragon","floor":16},{"not_picked":["theDuelist:WhiteHowling","theDuelist:WhiteHornDragon","theDuelist:Vandalgyon","theDuelist:SystemDown"],"picked":"theDuelist:MiraculousDescent","floor":18},{"not_picked":["theDuelist:StampingDestruction","theDuelist:SpiralSpearStrike","theDuelist:AxeDespair+1","theDuelist:DefenseZone+1","theDuelist:VeilDarkness"],"picked":"SKIP","floor":19},{"not_picked":["theDuelist:Pyrorex","theDuelist:RedRisingDragon","theDuelist:MaskedDragon","theDuelist:BurstBreath"],"picked":"theDuelist:LordD","floor":20},{"not_picked":["theDuelist:WhiteHowling","theDuelist:GalaxySoldier","theDuelist:CyberLaserDragon","theDuelist:Berserking+1"],"picked":"SKIP","floor":21},{"not_picked":["theDuelist:Frostosaurus+1","theDuelist:Lancephorhynchus","theDuelist:DragonZombie","theDuelist:VoidOgreDragon"],"picked":"theDuelist:MetalDragon","floor":23},{"not_picked":["theDuelist:YamataDragon","theDuelist:ViceDragon","theDuelist:TornadoDragon","theDuelist:GalaxySoldier"],"picked":"theDuelist:SnowDragon","floor":24}],"player_experience":301413,"relics_obtained":[{"floor":6,"key":"Snake Skull"},{"floor":9,"key":"theDuelist:MillenniumRod"},{"floor":12,"key":"theDuelist:SolderToken"},{"floor":14,"key":"Pen Nib"},{"floor":23,"key":"Paper Frog"}],"event_choices":[{"damage_healed":0,"gold_gain":0,"player_choice":"Success","damage_taken":11,"relics_obtained":["War Paint"],"max_hp_gain":0,"max_hp_loss":0,"event_name":"Scrap Ooze","floor":3,"gold_loss":0},{"damage_healed":0,"gold_gain":0,"player_choice":"Leave","duelist":true,"damage_taken":0,"max_hp_gain":0,"max_hp_loss":0,"event_name":"Relic Duplicator","floor":5,"gold_loss":0},{"damage_healed":39,"gold_gain":0,"player_choice":"Full Heal","damage_taken":0,"max_hp_gain":0,"max_hp_loss":0,"event_name":"Wheel of Change","floor":22,"gold_loss":0}],"is_beta":false,"boss_relics":[{"not_picked":["SlaversCollar","SacredBark"],"picked":"Fusion Hammer"}],"items_purged_floors":[],"is_endless":false,"potions_floor_spawned":[1,2,11,16,18,19,24],"killed_by":"Slavers","ascension_level":18}}