{"host":"fhwr1fuluf6086fh","time":1609521022,"event":{"mods":["2.2 Compatiblity","Act Like it!","BaseMod","Elementarium","Hermit","Minty Spire (QoL Compilation)","Robot Space Explorer","StSLib","The Blue Laboratory","The Caster","The Dragon Tamer","The Factory","The Hierophant","TheLocksmith"],"gold_per_floor":[16,30,45,45,55,83,83,83,106,121,121,148,148,44,44,144,144,144,144,144,144,144,144,144,144,144,144,144,34,34,34,34,34,34,34,34,34,34,34,34,34,34,34,34,34],"floor_reached":44,"playtime":67480,"items_purged":[],"score":768,"play_id":"ebc1854d-eeaf-4449-ac05-fab494f7154c","local_time":"20210101121022","is_ascension_mode":true,"campfire_choices":[{"floor":7,"key":"REST"},{"data":"Corruption","floor":11,"key":"SMITH"},{"data":"Uppercut","floor":15,"key":"SMITH"},{"floor":23,"key":"REST"},{"floor":30,"key":"REST"},{"data":"Iron Wave","floor":32,"key":"SMITH"},{"data":"Dual Wield","floor":40,"key":"SMITH"}],"circlet_count":0,"master_deck":["AscendersBane","Strike_R","Strike_R","Strike_R","Strike_R","Defend_R","Defend_R","Defend_R","Defend_R","Bash","Corruption+1","Dual Wield+1","Feel No Pain","Uppercut+1","Shrug It Off","Evolve+1","Seeing Red","Burning Pact","Metallicize+1","Iron Wave+1","Immolate","Disarm","Clash+1","Anger","Wild Strike+1","True Grit+1","Clash","Warcry","Inflame+1","Carnage","Dropkick","Reaper","Flame Barrier+1","Iron Wave","Spot Weakness+1","Dual Wield","Dark Shackles","Mayhem+1","Iron Wave+1","Iron Wave+1"],"relics":["Burning Blood","Frozen Egg 2","Ancient Tea Set","Bag of Preparation","Art of War","Ectoplasm","Dream Catcher","Omamori","MealTicket","Elementarium:ElementariumTrophy","SlaversCollar","Question Card","Toy Ornithopter"],"acts_visited":["Exordium","Elementarium:Elementarium","TheBeyond"],"potions_floor_usage":[6,8,8,16,24,33,35,35,41],"damage_taken":[{"damage":14,"enemies":"Jaw Worm","floor":1,"turns":5},{"damage":10,"enemies":"Cultist","floor":2,"turns":5},{"damage":7,"enemies":"2 Louse","floor":3,"turns":4},{"damage":7,"enemies":"2 Fungi Beasts","floor":5,"turns":4},{"damage":25,"enemies":"Lagavulin","floor":6,"turns":8},{"damage":10,"enemies":"Gremlin Gang","floor":8,"turns":3},{"damage":11,"enemies":"Red Slaver","floor":10,"turns":5},{"damage":10,"enemies":"Gremlin Nob","floor":12,"turns":5},{"damage":36,"enemies":"Slime Boss","floor":16,"turns":14},{"damage":15,"enemies":"Elementarium:Cyclone","floor":18,"turns":5},{"damage":0,"enemies":"Elementarium:2_ELEMENTALS","floor":20,"turns":4},{"damage":9,"enemies":"Elementarium:STONE_GOLEMS","floor":24,"turns":5},{"damage":15,"enemies":"Elementarium:ElementalPortal","floor":25,"turns":8},{"damage":11,"enemies":"Elementarium:Hydrostalker","floor":27,"turns":7},{"damage":4,"enemies":"Elementarium:VOID_CORRUPTION_AND_TAR_GOLEM","floor":28,"turns":6},{"damage":28,"enemies":"Elementarium:GoldenDragon","floor":33,"turns":9},{"damage":33,"enemies":"3 Darklings","floor":35,"turns":7},{"damage":12,"enemies":"3 Shapes","floor":37,"turns":5},{"damage":8,"enemies":"Maw","floor":38,"turns":8},{"damage":31,"enemies":"Nemesis","floor":41,"turns":7},{"damage":21,"enemies":"Writhing Mass","floor":42,"turns":7},{"damage":58,"enemies":"Transient","floor":44,"turns":4}],"seed_played":"1551822014374125438","potions_obtained":[{"floor":3,"key":"SmokeBomb"},{"floor":5,"key":"EssenceOfSteel"},{"floor":6,"key":"blueLaboratory:BubblePotion"},{"floor":10,"key":"Explosive Potion"},{"floor":18,"key":"GamblersBrew"},{"floor":20,"key":"blueLaboratory:BubblePotion"},{"floor":27,"key":"ElixirPotion"},{"floor":33,"key":"blueLaboratory:HummingbirdPotion"},{"floor":35,"key":"blueLaboratory:Moonshine"},{"floor":37,"key":"blueLaboratory:BottleOfVodka"}],"is_trial":false,"path_per_floor":["M","M","M","?","M","E","R","M","T","M","R","E","?","$","R","B",null,"M","?","M","$","?","R","M","E","T","M","M","$","R","?","R","B",null,"M","?","M","M","?","R","E","M","T","M"],"character_chosen":"IRONCLAD","items_purchased":["Metallicize+1","Iron Wave","Inflame+1","Carnage"],"campfire_rested":3,"item_purchase_floors":[14,14,29,29],"current_hp_per_floor":[64,60,59,59,58,39,63,59,59,54,54,50,50,50,50,20,65,56,40,46,46,31,56,53,44,44,39,41,56,81,78,78,56,78,58,58,62,70,65,65,47,40,40,0,0],"gold":34,"neow_bonus":"THREE_RARE_CARDS","is_daily":false,"chose_seed":false,"campfire_upgraded":4,"win_rate":0.0,"timestamp":1609521022,"path_taken":["M","M","M","?","M","E","R","M","T","?","R","E","?","$","R","BOSS","M","?","M","$","?","R","M","E","T","M","?","$","R","?","R","BOSS","M","?","?","M","?","R","E","M","T","M"],"items_purchased_type":["Card","Card","Card","Card"],"build_version":"2020-12-22","purchased_purges":0,"victory":false,"max_hp_per_floor":[80,80,80,80,80,80,80,80,80,80,80,80,80,80,80,80,80,80,80,80,80,85,85,85,85,85,85,85,85,85,85,85,85,85,85,85,85,85,85,85,85,85,85,85,85],"card_choices":[{"not_picked":["Feed","Immolate"],"picked":"Corruption","floor":0},{"not_picked":["Havoc","Warcry"],"picked":"Dual Wield","floor":1},{"not_picked":["Disarm","Fire Breathing"],"picked":"Feel No Pain","floor":2},{"not_picked":["Twin Strike","Burning Pact"],"picked":"Uppercut","floor":3},{"not_picked":["Perfected Strike","Warcry"],"picked":"Shrug It Off","floor":5},{"not_picked":["Body Slam","Sword Boomerang"],"picked":"Evolve+1","floor":6},{"not_picked":["Perfected Strike","Bludgeon"],"picked":"Seeing Red","floor":10},{"not_picked":["Heavy Blade","Bloodletting"],"picked":"Burning Pact","floor":12},{"not_picked":["Bludgeon","Brutality+1"],"picked":"Immolate","floor":16},{"not_picked":["Havoc","Flex"],"picked":"Disarm","floor":18},{"not_picked":["Headbutt+1","Fire Breathing+1"],"picked":"Clash+1","floor":20},{"not_picked":["Twin Strike","Havoc+1"],"picked":"Anger","floor":23},{"not_picked":["Heavy Blade+1","Headbutt+1"],"picked":"Wild Strike+1","floor":24},{"not_picked":["Clothesline","Thunderclap"],"picked":"True Grit+1","floor":25},{"not_picked":["Flex","Wild Strike"],"picked":"Clash","floor":27},{"not_picked":["Perfected Strike","Flex"],"picked":"Warcry","floor":28},{"not_picked":["Shrug It Off","Offering"],"picked":"Dropkick","floor":30},{"not_picked":["Exhume","Double Tap"],"picked":"Reaper","floor":33},{"not_picked":["Warcry+1","Searing Blow"],"picked":"Flame Barrier+1","floor":35},{"not_picked":["Clash","Twin Strike+1"],"picked":"Spot Weakness+1","floor":37},{"not_picked":["Cleave+1","Warcry+1"],"picked":"Dual Wield","floor":38},{"not_picked":["Dramatic Entrance","Sadistic Nature+1"],"picked":"Dark Shackles","floor":39},{"not_picked":["Bandage Up","Madness"],"picked":"Mayhem+1","floor":39},{"not_picked":["Twin Strike+1","Havoc+1"],"picked":"Iron Wave+1","floor":41},{"not_picked":["Shrug It Off+1","Clothesline","Warcry"],"picked":"Iron Wave+1","floor":42}],"player_experience":951341,"relics_obtained":[{"floor":4,"key":"Frozen Egg 2"},{"floor":6,"key":"Ancient Tea Set"},{"floor":9,"key":"Bag of Preparation"},{"floor":12,"key":"Art of War"},{"floor":25,"key":"Omamori"},{"floor":26,"key":"MealTicket"},{"floor":41,"key":"Question Card"},{"floor":43,"key":"Toy Ornithopter"}],"event_choices":[{"damage_healed":0,"gold_gain":0,"player_choice":"Relic","damage_taken":0,"max_hp_gain":0,"max_hp_loss":0,"event_name":"Wheel of Change","floor":4,"gold_loss":0},{"damage_healed":0,"gold_gain":0,"player_choice":"Ignored","damage_taken":0,"max_hp_gain":0,"max_hp_loss":0,"event_name":"Golden Idol","floor":13,"gold_loss":0},{"damage_healed":0,"gold_gain":0,"player_choice":"Blood","damage_taken":16,"relics_obtained":["Dream Catcher"],"max_hp_gain":0,"max_hp_loss":0,"event_name":"Elementarium:ShatteredPortal","floor":19,"gold_loss":0},{"damage_healed":0,"gold_gain":0,"player_choice":"Sacrifice","damage_taken":20,"max_hp_gain":5,"max_hp_loss":0,"event_name":"Elementarium:RadiantAltar","floor":22,"gold_loss":0},{"damage_healed":0,"gold_gain":0,"player_choice":"Poke through","damage_taken":3,"max_hp_gain":0,"max_hp_loss":0,"event_name":"Elementarium:GreatTreasure","floor":31,"gold_loss":0},{"damage_healed":0,"gold_gain":0,"cards_transformed":["Strike_R"],"player_choice":"Transformed","damage_taken":0,"max_hp_gain":0,"max_hp_loss":0,"event_name":"Transmorgrifier","floor":36,"gold_loss":0,"cards_obtained":["Iron Wave"]},{"damage_healed":0,"gold_gain":0,"player_choice":"Memory 2","damage_taken":5,"max_hp_gain":0,"max_hp_loss":0,"event_name":"SensoryStone","floor":39,"gold_loss":0}],"is_beta":false,"boss_relics":[{"not_picked":["Runic Cube","Runic Pyramid"],"picked":"Ectoplasm"},{"not_picked":["Pandora\u0027s Box","Black Blood"],"picked":"SlaversCollar"}],"items_purged_floors":[],"is_endless":false,"potions_floor_spawned":[3,5,6,10,18,20,27,33,35,37],"killed_by":"Transient","ascension_level":11}}