{"host":"lkyw40t68mxhwfjf","time":1609510568,"event":{"mods":["2.2 Compatiblity","Act Like it!","Arknights The Spire","BaseMod","Hallownest","HololiveMod","Hubris","Koishi","Lobotomy","Marisa¡]Ãú«B¡@Å]²z¨F¡^","Minty Spire (QoL Compilation)","Prisma Mod","Reimu¡]³Õ???¡^","Remilia¡]Á¢¦Ì²ú?¡^","Replay The Spire","RumiaBox-ÅS¦Ì?ªº¯«¯µ²°¤l","StSLib","The Animator","The Servant 0.9.4","TheSwordswoman","WarShipGirlsR/??¤Ö¤kR mod","Youmu¡]»î¾z§¯?¡^","Yuyuko"],"gold_per_floor":[112,123,139,139,139,169,169,186,266,266,279,311,311,311,311,311,311],"floor_reached":16,"playtime":475,"items_purged":[],"score":110,"play_id":"f6e3a898-1af3-4fe4-bd12-0caace7618a1","local_time":"20210101221608","is_ascension_mode":false,"campfire_choices":[{"floor":7,"key":"REST"},{"floor":10,"key":"RECALL"},{"data":"ats:Flexible Camouflage","floor":13,"key":"SMITH"},{"floor":15,"key":"REST"}],"circlet_count":0,"master_deck":["ats:Healing Strengthening+1","ats:Strike C","ats:Strike G","ats:Strike S","ats:Strike V","ats:Armor Crushing Shot","ats:Defend","ats:Defend","ats:Defend","ats:Emotion Absorption+1","ats:Shell Defense","ats:Shell Defense","ats:Flexible Camouflage+1","ats:Shadow Assault","ats:Assault Order","ats:Apocalypse","ats:True Silver Slash"],"relics":["ats:Sanity","NeowsBlessing","Ring of Peace","Ring of Searing","ats:Originium","ats:Emergency Defibrillator","Replay:Bottled Steam","Mastiff:ReiMu"],"acts_visited":["Exordium"],"potions_floor_usage":[12],"damage_taken":[{"damage":0,"enemies":"Small Slimes","floor":1,"turns":1},{"damage":0,"enemies":"Cultist","floor":2,"turns":1},{"damage":0,"enemies":"Jaw Worm","floor":3,"turns":1},{"damage":52,"enemies":"Gremlin Nob","floor":6,"turns":6},{"damage":0,"enemies":"Looter","floor":8,"turns":4},{"damage":2,"enemies":"Blue Slaver","floor":11,"turns":5},{"damage":26,"enemies":"Lagavulin","floor":12,"turns":8},{"damage":105,"enemies":"The Guardian","floor":16,"turns":9}],"seed_played":"3345408036006486098","potions_obtained":[{"floor":3,"key":"Elixir"},{"floor":8,"key":"LiquidBronze"}],"is_trial":false,"path_per_floor":["M","M","M","?","?","E","R","M","T","R","M","E","R","?","R","B"],"character_chosen":"DOCTOR_CLASS","items_purchased":[],"campfire_rested":2,"item_purchase_floors":[],"current_hp_per_floor":[72,72,72,72,72,20,41,41,41,41,46,49,49,49,70,0,0],"gold":311,"neow_bonus":"THREE_ENEMY_KILL","is_daily":false,"chose_seed":false,"campfire_upgraded":1,"win_rate":0.0,"timestamp":1609510568,"path_taken":["M","M","M","?","?","E","R","M","T","R","M","E","R","?","R","BOSS"],"items_purchased_type":[],"build_version":"2020-12-22","purchased_purges":0,"victory":false,"max_hp_per_floor":[72,72,72,72,72,72,72,72,72,72,72,72,72,72,72,72,72],"card_choices":[{"not_picked":["ats:Shadow Raid","ats:Red Shift"],"picked":"ats:Shell Defense","floor":1},{"not_picked":["ats:Curse Doll","ats:Part Time Job"],"picked":"ats:Shell Defense","floor":2},{"not_picked":["ats:Automatic Cover","ats:Cat Scratch"],"picked":"ats:Flexible Camouflage","floor":3},{"not_picked":["ats:Overload","ats:Thermite Blade"],"picked":"ats:Shadow Assault","floor":6},{"not_picked":["ats:Chain Hook","ats:Curse Doll"],"picked":"ats:Assault Order","floor":8},{"not_picked":["ats:Childhood Dance","ats:Thermite Blade"],"picked":"ats:Apocalypse","floor":11},{"not_picked":["ats:Ignite","ats:Song Of Battle"],"picked":"ats:True Silver Slash","floor":12}],"player_experience":394300,"relics_obtained":[{"floor":5,"key":"Ring of Peace"},{"floor":5,"key":"Ring of Searing"},{"floor":6,"key":"ats:Originium"},{"floor":6,"key":"ats:Emergency Defibrillator"},{"floor":9,"key":"Replay:Bottled Steam"},{"floor":12,"key":"ats:Originium"},{"floor":12,"key":"Mastiff:ReiMu"}],"event_choices":[{"damage_healed":0,"gold_gain":0,"player_choice":"Grow","damage_taken":0,"max_hp_gain":0,"max_hp_loss":0,"event_name":"Living Wall","floor":4,"gold_loss":0,"cards_upgraded":["ats:Emotion Absorption"]},{"cards_removed":["ats:Defend"],"damage_healed":0,"gold_gain":0,"player_choice":"Purged","damage_taken":0,"max_hp_gain":0,"max_hp_loss":0,"event_name":"Purifier","floor":14,"gold_loss":0}],"is_beta":false,"boss_relics":[],"items_purged_floors":[],"is_endless":false,"potions_floor_spawned":[3,8],"killed_by":"The Guardian","ascension_level":0}}