{"host":"agflykcedf93aoo8","time":1609503459,"event":{"mods":["BaseMod","Hermit","Minty Spire (QoL Compilation)","StSLib","Td1madao Mod","The Bug Knight","The Cursed","The Gatherer","The Hierophant","The Runesmith"],"gold_per_floor":[112,130,130,130,146,178,253,272,272,12,30,30,46,62,62,163,163,173,173,185,196,196,0,0,20,20,20,38,38,64,64,64,64,64],"floor_reached":33,"playtime":3352,"items_purged":["TheCursedMod:Defend_TheCursed"],"score":294,"play_id":"977cdd6a-6381-468f-92cb-776d2462f917","local_time":"20210101211739","is_ascension_mode":false,"campfire_choices":[{"floor":12.0,"key":"REST"},{"data":"TheCursedMod:ForbiddenAlchemy","floor":15.0,"key":"SMITH"},{"floor":24,"key":"REST"},{"data":"TheCursedMod:AntiAging","floor":27,"key":"SMITH"},{"data":"TheCursedMod:CircleOfAmplification","floor":29,"key":"SMITH"},{"floor":32,"key":"REST"}],"circlet_count":0,"master_deck":["TheCursedMod:Strike_TheCursed","TheCursedMod:Strike_TheCursed+1","TheCursedMod:Defend_TheCursed+1","TheCursedMod:Defend_TheCursed","TheCursedMod:CursedWand","TheCursedMod:CleanUpWorkshop","TheCursedMod:Dregs","TheCursedMod:ReleasedKnowledge","TheCursedMod:ManaBullet","TheCursedMod:CircleOfFlame","TheCursedMod:ForbiddenAlchemy+1","TheCursedMod:SurpriseAttack","TheCursedMod:HellfireBreathing","TheCursedMod:AntiAging+1","TheCursedMod:LuckyCharm","TheCursedMod:CursedAmulet","TheCursedMod:Hemoplague+1","TheCursedMod:CircleOfAmplification+1","TheCursedMod:DarkBarrier"],"relics":["TheCursedMod:BlackMagic101","NeowsBlessing","Bag of Marbles","Eternal Feather","Membership Card","Bag of Preparation","Empty Cage","Bottled Tornado","Prayer Wheel"],"acts_visited":["Exordium","TheCity"],"potions_floor_usage":[25,25,25,25,25,25,28,28,30,30,30,30,30,30,30,33,33,33,33,33,33],"damage_taken":[{"damage":0.0,"enemies":"Small Slimes","floor":1.0,"turns":1.0},{"damage":0.0,"enemies":"Jaw Worm","floor":2.0,"turns":1.0},{"damage":0.0,"enemies":"Cultist","floor":5.0,"turns":1.0},{"damage":34.0,"enemies":"Lagavulin","floor":6.0,"turns":8.0},{"damage":0.0,"enemies":"Blue Slaver","floor":8.0,"turns":4.0},{"damage":0.0,"enemies":"Exordium Thugs","floor":11.0,"turns":4.0},{"damage":0.0,"enemies":"Gremlin Gang","floor":13.0,"turns":3.0},{"damage":2.0,"enemies":"3 Louse","floor":14.0,"turns":2.0},{"damage":33.0,"enemies":"Slime Boss","floor":16.0,"turns":11.0},{"damage":7.0,"enemies":"Chosen","floor":18.0,"turns":4.0},{"damage":31.0,"enemies":"Snecko","floor":20.0,"turns":8.0},{"damage":34.0,"enemies":"3 Cultists","floor":21.0,"turns":6.0},{"damage":9,"enemies":"Snake Plant","floor":25,"turns":4},{"damage":8,"enemies":"Shelled Parasite and Fungi","floor":28,"turns":7},{"damage":32,"enemies":"Gremlin Leader","floor":30,"turns":7},{"damage":11,"enemies":"Colosseum Slavers","floor":31,"turns":5},{"damage":53,"enemies":"Champ","floor":33,"turns":16}],"seed_played":"-9046660390088769904","potions_obtained":[{"floor":5.0,"key":"EntropicBrew"},{"floor":6.0,"key":"FearPotion"},{"floor":13.0,"key":"Fire Potion"},{"floor":14.0,"key":"Block Potion"},{"floor":16.0,"key":"Explosive Potion"},{"floor":20.0,"key":"Swift Potion"},{"floor":25,"key":"DuplicationPotion"}],"is_trial":false,"path_per_floor":["M","M","?","?","M","E","?","M","T","$","M","R","M","M","R","B",null,"M","?","M","M","?","?","R","M","T","R","M","R","E","?","R","B"],"character_chosen":"THE_CURSED","items_purchased":["Membership Card","Bag of Preparation"],"campfire_rested":3,"item_purchase_floors":[10,10],"current_hp_per_floor":[75,75,60,60,60,26,15,15,15,15,15,43,43,41,50,17,75,70,70,41,9,9,9,42,33,33,42,34,43,14,6,41,0,0],"gold":64,"neow_bonus":"THREE_ENEMY_KILL","is_daily":false,"chose_seed":false,"campfire_upgraded":3,"win_rate":0.0,"timestamp":1609503459,"path_taken":["M","M","?","?","?","E","?","M","T","?","?","R","M","M","R","BOSS","M","?","M","M","?","?","R","M","T","R","M","R","E","?","R","BOSS"],"items_purchased_type":["Relic","Relic"],"build_version":"2020-12-22","purchased_purges":1,"victory":false,"max_hp_per_floor":[75,75,75,75,75,75,75,75,75,75,75,75,75,75,75,75,75,77,77,79,81,81,81,81,81,81,81,81,81,84,87,87,90,90],"card_choices":[{"not_picked":["TheCursedMod:Torture","TheCursedMod:SaltUponWound"],"picked":"TheCursedMod:ReleasedKnowledge","floor":1.0},{"not_picked":["TheCursedMod:CursedMace","TheCursedMod:CursedShiv","TheCursedMod:RavingStaff"],"picked":"SKIP","floor":2.0},{"not_picked":["TheCursedMod:Wield","TheCursedMod:SpitefulStrike"],"picked":"TheCursedMod:CircleOfFlame","floor":5.0},{"not_picked":["TheCursedMod:TacticalStrike","TheCursedMod:BloodBarrier"],"picked":"TheCursedMod:ForbiddenAlchemy","floor":6.0},{"not_picked":["TheCursedMod:FleshFromBone","TheCursedMod:Wield"],"picked":"TheCursedMod:SurpriseAttack","floor":8.0},{"not_picked":["TheCursedMod:RapidMovement","TheCursedMod:CircleOfAmplification","TheCursedMod:ManaBullet"],"picked":"SKIP","floor":11.0},{"not_picked":["TheCursedMod:RavingStaff","TheCursedMod:FuryStrike"],"picked":"TheCursedMod:HellfireBreathing","floor":13.0},{"not_picked":["TheCursedMod:Obscuration","TheCursedMod:ManaBullet","TheCursedMod:FuryStrike"],"picked":"SKIP","floor":14.0},{"not_picked":["TheCursedMod:UltimatePain","TheCursedMod:OutForBlood"],"picked":"TheCursedMod:AntiAging","floor":16.0},{"not_picked":["TheCursedMod:CircleOfAmplification","TheCursedMod:BlessingInDisguise+1","TheCursedMod:CursedMace"],"picked":"SKIP","floor":18.0},{"not_picked":["TheCursedMod:BloodBarrier","TheCursedMod:Stretching"],"picked":"TheCursedMod:LuckyCharm","floor":20.0},{"not_picked":["TheCursedMod:Obscuration","TheCursedMod:Torture+1"],"picked":"TheCursedMod:CursedAmulet","floor":21.0},{"not_picked":["TheCursedMod:RavingStaff","TheCursedMod:CursedShiv+1"],"picked":"TheCursedMod:Hemoplague+1","floor":25},{"not_picked":["TheCursedMod:Torture","TheCursedMod:BloodBarrier"],"picked":"TheCursedMod:CircleOfAmplification","floor":28},{"not_picked":["TheCursedMod:SpitefulStrike","TheCursedMod:CircleOfWindfury+1"],"picked":"TheCursedMod:DarkBarrier","floor":30}],"player_experience":349505,"relics_obtained":[{"floor":6.0,"key":"Bag of Marbles"},{"floor":9.0,"key":"Eternal Feather"},{"floor":26,"key":"Bottled Tornado"},{"floor":30,"key":"Prayer Wheel"}],"event_choices":[{"damage_healed":0.0,"max_hp_gain":0.0,"max_hp_loss":0.0,"gold_gain":0.0,"event_name":"Shining Light","player_choice":"Entered Light","floor":3.0,"gold_loss":0.0,"damage_taken":15.0,"cards_upgraded":["TheCursedMod:Defend_TheCursed","TheCursedMod:Strike_TheCursed"]},{"damage_healed":0.0,"max_hp_gain":0.0,"max_hp_loss":0.0,"gold_gain":0.0,"cards_transformed":["TheCursedMod:Strike_TheCursed"],"event_name":"Transmorgrifier","player_choice":"Transformed","floor":4.0,"gold_loss":0.0,"damage_taken":0.0,"cards_obtained":["TheCursedMod:ManaBullet"]},{"damage_healed":0.0,"max_hp_gain":0.0,"max_hp_loss":0.0,"gold_gain":75.0,"event_name":"World of Goop","player_choice":"Gather Gold","floor":7.0,"gold_loss":0.0,"damage_taken":11.0},{"damage_healed":0.0,"max_hp_gain":0.0,"max_hp_loss":0.0,"gold_gain":0.0,"event_name":"Vampires","player_choice":"Ignored","floor":19.0,"gold_loss":0.0,"damage_taken":0.0},{"damage_healed":0.0,"max_hp_gain":0.0,"max_hp_loss":0.0,"gold_gain":0.0,"event_name":"Ghosts","player_choice":"Ignored","floor":22.0,"gold_loss":0.0,"damage_taken":0.0},{"damage_healed":0,"gold_gain":0,"player_choice":"Paid Fearfully","damage_taken":0,"max_hp_gain":0,"max_hp_loss":0,"event_name":"Masked Bandits","floor":23,"gold_loss":196},{"damage_healed":0,"gold_gain":0,"player_choice":"Fight","damage_taken":0,"max_hp_gain":0,"max_hp_loss":0,"event_name":"Colosseum","floor":31,"gold_loss":0},{"damage_healed":0,"gold_gain":0,"player_choice":"Fled From Nobs","damage_taken":0,"max_hp_gain":0,"max_hp_loss":0,"event_name":"Colosseum","floor":31,"gold_loss":0}],"is_beta":false,"boss_relics":[{"not_picked":["Runic Dome","Sozu"],"picked":"Empty Cage"}],"items_purged_floors":[10],"is_endless":false,"potions_floor_spawned":[5,6,8,13,14,16,20,25,28,31],"killed_by":"Champ","ascension_level":0}}