{"host":"iml8x8es9od4zowg","time":1609504502,"event":{"mods":["BaseMod","Hermit","Minty Spire (QoL Compilation)","StSLib","The Jungle","¡¼?Úª?ø«¡½REMEMod"],"gold_per_floor":[112,112,167,10,24,24,57,57,128,139,173,138,173,98,98,198,198,210,125,125,138,151,180,39,39,39,39,57,77,77,2,2,124,124,139,172,172,205,205,205,276,334,360,360,360,360,378,54,54,81,81,81,29,88,95],"floor_reached":56,"playtime":3866,"items_purged":["hermit:Covet"],"score":1233,"play_id":"af39cf6f-ed38-45e6-9918-df374e7f1dfb","local_time":"20210101213502","is_ascension_mode":true,"campfire_choices":[{"data":"hermit:Determination","floor":6,"key":"SMITH"},{"data":"hermit:Glare","floor":15,"key":"SMITH"},{"floor":25,"key":"REST"},{"floor":30,"key":"REST"},{"floor":32,"key":"REST"},{"floor":40,"key":"RECALL"},{"data":"REME_FirmDetermination","floor":45,"key":"SMITH"},{"data":"REME_Flogging","floor":49,"key":"SMITH"},{"data":"hermit:FromBeyond","floor":52,"key":"SMITH"}],"circlet_count":0,"master_deck":["hermit:Strike_Hermit+1","hermit:Strike_Hermit+1","hermit:Strike_Hermit+1","hermit:Strike_Hermit","hermit:Defend_Hermit","hermit:Defend_Hermit","hermit:Defend_Hermit","hermit:Defend_Hermit","hermit:Glare+1","hermit:Determination+1","hermit:LuckOfTheDraw","hermit:DeadMansHand+1","hermit:Coalescence+1","Thinking Ahead","hermit:RoundhouseKick","hermit:Shortfuse","REME_FirmDetermination+1","Magnetism","hermit:DeadOrAlive","Good Instincts+1","hermit:Scavenge+1","Madness","Madness","hermit:FromBeyond+1","hermit:Shortfuse","REME_FirmDetermination+1","HandOfGreed+1","REME_Flogging+1","Flash of Steel+1"],"relics":["hermit:Momento","REME_ComplimentaryCards","NeowsBlessing","REME_PuzzleBoxRelic","Omamori","Shuriken","hermit:Horseshoe","REME_LowDesire","Blood Vial","Centennial Puzzle","Mummified Hand","MawBank","MealTicket","Cursed Key","Akabeko","Oddly Smooth Stone","War Paint","Whetstone"],"acts_visited":["Exordium","TheCity","TheBeyond","TheEnding"],"potions_floor_usage":[11,22,23,33,42,55,55,55],"damage_taken":[{"damage":0,"enemies":"2 Louse","floor":1,"turns":1},{"damage":0,"enemies":"Small Slimes","floor":5,"turns":1},{"damage":0,"enemies":"Gremlin Nob","floor":7,"turns":1},{"damage":1,"enemies":"Jaw Worm","floor":10,"turns":3},{"damage":5,"enemies":"3 Sentries","floor":11,"turns":3},{"damage":14,"enemies":"Gremlin Nob","floor":13,"turns":3},{"damage":41,"enemies":"The Guardian","floor":16,"turns":8},{"damage":1,"enemies":"Chosen","floor":18,"turns":3},{"damage":2,"enemies":"Spheric Guardian","floor":21,"turns":4},{"damage":14,"enemies":"3 Cultists","floor":22,"turns":5},{"damage":35,"enemies":"Gremlin Leader","floor":23,"turns":5},{"damage":17,"enemies":"Snake Plant","floor":28,"turns":4},{"damage":29,"enemies":"Shelled Parasite and Fungi","floor":29,"turns":5},{"damage":49,"enemies":"Collector","floor":33,"turns":8},{"damage":15,"enemies":"Orb Walker","floor":35,"turns":4},{"damage":3,"enemies":"3 Shapes","floor":36,"turns":4},{"damage":23,"enemies":"Jaw Worm Horde","floor":38,"turns":3},{"damage":21,"enemies":"Giant Head","floor":41,"turns":8},{"damage":12,"enemies":"4 Shapes","floor":42,"turns":4},{"damage":11,"enemies":"Spire Growth","floor":47,"turns":3},{"damage":53,"enemies":"Time Eater","floor":50,"turns":7},{"damage":4,"enemies":"Shield and Spear","floor":54,"turns":4},{"damage":40,"enemies":"The Heart","floor":55,"turns":6}],"seed_played":"-6261363783017947895","potions_obtained":[{"floor":5,"key":"Explosive Potion"},{"floor":10,"key":"SkillPotion"},{"floor":11,"key":"LiquidMemories"},{"floor":16,"key":"Ancient Potion"},{"floor":29,"key":"hermit:BlackBile"},{"floor":35,"key":"FearPotion"},{"floor":38,"key":"Fire Potion"},{"floor":42,"key":"SteroidPotion"}],"is_trial":false,"path_per_floor":["M","?","?","$","M","R","E","$","T","M","E","?","E","$","R","B",null,"M","?","?","M","M","E","$","R","T","?","M","M","R","?","R","B",null,"M","M","$","M","?","R","E","M","T","?","R","?","M","$","R","B",null,"R","$","E","B",null],"character_chosen":"HERMIT","items_purchased":["REME_PuzzleBoxRelic","MealTicket","REME_Flogging","War Paint","SkillPotion"],"campfire_rested":3,"item_purchase_floors":[4,24,48,48,53],"current_hp_per_floor":[75,60,60,60,60,60,60,60,60,59,54,72,58,58,58,17,75,74,74,74,73,61,28,28,50,50,50,35,8,30,30,52,16,75,60,59,74,52,43,43,31,21,21,66,66,66,55,66,66,15,68,68,68,64,28],"gold":95,"neow_bonus":"THREE_ENEMY_KILL","is_daily":false,"chose_seed":false,"campfire_upgraded":5,"win_rate":0.0,"timestamp":1609504502,"path_taken":["M","?","?","$","?","R","E","$","T","M","E","?","E","?","R","BOSS","M","?","?","M","M","E","$","R","T","?","M","?","R","?","R","BOSS","M","M","$","M","?","R","E","M","T","?","R","?","M","$","R","BOSS","R","$","E","BOSS"],"items_purchased_type":["Relic","Relic","Card","Relic","Potion"],"build_version":"2020-12-22","purchased_purges":1,"victory":true,"max_hp_per_floor":[75,75,75,75,75,75,75,75,75,75,75,75,75,75,75,75,75,75,75,75,75,75,75,75,75,75,75,75,75,75,75,75,75,75,75,75,75,75,75,75,75,75,75,66,66,66,66,66,66,68,68,68,68,68,70],"card_choices":[{"not_picked":["hermit:Coalescence","hermit:Snipe"],"picked":"hermit:Glare","floor":1},{"not_picked":["hermit:BodyArmor","hermit:Ricochet"],"picked":"hermit:Determination","floor":5},{"not_picked":["hermit:Brawl","hermit:WideOpen","hermit:Misfire"],"picked":"SKIP","floor":7},{"not_picked":["hermit:Enervate","hermit:Quickdraw","hermit:WideOpen"],"picked":"SKIP","floor":10},{"not_picked":["hermit:Midnight","hermit:Dissolve"],"picked":"hermit:LuckOfTheDraw","floor":11},{"not_picked":["hermit:LowProfile","hermit:Desperado","hermit:TakeCover"],"picked":"SKIP","floor":13},{"not_picked":["hermit:CalledShot","hermit:Brawl","Panache"],"picked":"hermit:DeadMansHand","floor":18},{"not_picked":["hermit:Misfire","hermit:HoleUp","REME_TwoStrings"],"picked":"hermit:Coalescence+1","floor":21},{"not_picked":["hermit:Roulette","hermit:GhostlyPresence","hermit:WideOpen+1"],"picked":"Thinking Ahead","floor":22},{"not_picked":["hermit:Brawl+1","hermit:SprayPray","Enlightenment+1"],"picked":"hermit:RoundhouseKick","floor":23},{"not_picked":["hermit:Coalescence","hermit:BigShot","hermit:HighCaliber"],"picked":"REME_FirmDetermination","floor":28},{"not_picked":["hermit:SprayPray","hermit:HighCaliber","hermit:Coalescence"],"picked":"Magnetism","floor":29},{"not_picked":["hermit:Reprieve","hermit:Roughhouse","REME_PuzzleBox"],"picked":"hermit:DeadOrAlive","floor":33},{"not_picked":["hermit:Vantage+1","hermit:Snipe+1","hermit:Midnight+1"],"picked":"Good Instincts","floor":35},{"not_picked":["hermit:Vantage+1","hermit:DeadMansHand+1","REME_AllRoundStrike"],"picked":"hermit:Scavenge+1","floor":36},{"not_picked":["hermit:ItchyTrigger+1","hermit:WideOpen","hermit:Headshot+1","Forethought"],"picked":"SKIP","floor":38},{"not_picked":["hermit:Snipe+1","hermit:Brawl+1","Secret Technique"],"picked":"hermit:FromBeyond","floor":41},{"not_picked":["hermit:EyeOfTheStorm+1","hermit:LuckOfTheDraw+1","Violence"],"picked":"hermit:Shortfuse","floor":42},{"not_picked":["hermit:Feint+1","hermit:PistolWhip+1","hermit:CalledShot"],"picked":"HandOfGreed","floor":47},{"not_picked":["hermit:TakeCover+1","hermit:LoneWolf+1","hermit:CalledShot+1"],"picked":"Flash of Steel+1","floor":54}],"player_experience":512887,"relics_obtained":[{"floor":7,"key":"Omamori"},{"floor":11,"key":"Shuriken"},{"floor":13,"key":"hermit:Horseshoe"},{"floor":17,"key":"Blood Vial"},{"floor":17,"key":"Centennial Puzzle"},{"floor":23,"key":"MawBank"},{"floor":41,"key":"Akabeko"},{"floor":43,"key":"Oddly Smooth Stone"},{"floor":54,"key":"Whetstone"}],"event_choices":[{"damage_healed":0,"gold_gain":0,"player_choice":"Entered Light","damage_taken":15,"max_hp_gain":0,"max_hp_loss":0,"event_name":"Shining Light","floor":2,"gold_loss":0,"cards_upgraded":["hermit:Strike_Hermit","hermit:Strike_Hermit"]},{"damage_healed":0,"gold_gain":55,"player_choice":"Gained Gold","damage_taken":0,"max_hp_gain":0,"max_hp_loss":0,"event_name":"Golden Wing","floor":3,"gold_loss":0},{"damage_healed":18,"gold_gain":0,"player_choice":"Healed","damage_taken":0,"max_hp_gain":0,"max_hp_loss":0,"event_name":"The Cleric","floor":12,"gold_loss":35},{"damage_healed":0,"gold_gain":0,"player_choice":"Obtained Relic","damage_taken":0,"relics_obtained":["Mummified Hand"],"max_hp_gain":0,"max_hp_loss":0,"event_name":"Addict","floor":19,"gold_loss":85},{"damage_healed":0,"gold_gain":0,"player_choice":"Ignored","damage_taken":0,"max_hp_gain":0,"max_hp_loss":0,"event_name":"Vampires","floor":20,"gold_loss":0},{"damage_healed":0,"gold_gain":0,"cards_transformed":["hermit:Defend_Hermit","hermit:Snapshot"],"player_choice":"Became Test Subject","damage_taken":0,"max_hp_gain":0,"max_hp_loss":0,"event_name":"Drug Dealer","floor":27,"gold_loss":0,"cards_obtained":["hermit:TakeAim","hermit:Shortfuse"]},{"cards_removed":["hermit:TakeAim"],"damage_healed":0,"gold_gain":0,"player_choice":"Gave Gold","damage_taken":0,"max_hp_gain":0,"max_hp_loss":0,"event_name":"Beggar","floor":31,"gold_loss":75},{"damage_healed":0,"gold_gain":0,"player_choice":"Embrace Madness","damage_taken":9,"max_hp_gain":0,"max_hp_loss":0,"event_name":"Winding Halls","floor":39,"gold_loss":0,"cards_obtained":["Madness","Madness"]},{"damage_healed":66,"gold_gain":0,"player_choice":"Heal","damage_taken":0,"max_hp_gain":0,"max_hp_loss":9,"event_name":"The Moai Head","floor":44,"gold_loss":0},{"damage_healed":0,"gold_gain":0,"player_choice":"Copied","damage_taken":0,"max_hp_gain":0,"max_hp_loss":0,"event_name":"Duplicator","floor":46,"gold_loss":0,"cards_obtained":["REME_FirmDetermination"]}],"is_beta":false,"boss_relics":[{"not_picked":["Runic Dome","Tiny House"],"picked":"REME_LowDesire"},{"not_picked":["REME_DuelDisc","Black Star"],"picked":"Cursed Key"}],"items_purged_floors":[14],"is_endless":false,"potions_floor_spawned":[5,10,11,16,29,35,38,42,54],"ascension_level":1}}