{"host":"fevvm7bbzuh4s1jc","time":1609487091,"event":{"mods":["BaseMod","Highlight Path","Minty Spire (QoL Compilation)","Relic Stats"],"gold_per_floor":[119,119,131,146,146,146,179,179,179,211,224,241,255,265,265,337,337,357,113,123,123,23,55,55,83,83,83,117,117,143,214,214,287,287,298,312,22,39,51,51,86,0,0,34,34,34,59,77,77,77,77,77,77,21,51,51],"floor_reached":57,"playtime":3614,"items_purged":["Strike_G","Strike_G","Defend_G"],"score":3006,"play_id":"35be822b-c1f4-4ecf-a345-b386f702d01d","local_time":"20210101024451","is_ascension_mode":true,"campfire_choices":[{"data":"All Out Attack","floor":6,"key":"SMITH"},{"data":"Wraith Form v2","floor":8,"key":"SMITH"},{"data":"Deadly Poison","floor":15,"key":"SMITH"},{"floor":24,"key":"REST"},{"floor":29,"key":"REST"},{"data":"Footwork","floor":32,"key":"SMITH"},{"floor":40,"key":"REST"},{"floor":46,"key":"REST"},{"floor":49,"key":"RECALL"},{"data":"Catalyst","floor":53,"key":"SMITH"}],"circlet_count":0,"master_deck":["AscendersBane","Defend_G","Defend_G","Defend_G","Survivor","Neutralize+1","Night Terror+1","Infinite Blades+1","Leg Sweep+1","Blur","All Out Attack+1","Predator+1","Blade Dance+1","Wraith Form v2+1","Crippling Poison+1","Deadly Poison+1","Footwork+1","Corpse Explosion","Heel Hook+1","Catalyst+1","Escape Plan","After Image","Adrenaline","PiercingWail","Catalyst+1","Deflect"],"relics":["Astrolabe","Paper Crane","Pear","Ninja Scroll","Bottled Lightning","SlaversCollar","Lantern","Question Card","Mango","War Paint","Bird Faced Urn","Singing Bowl","Runic Pyramid","Snake Skull","Ornamental Fan","Red Mask","Orichalcum","Whetstone","Gremlin Horn","White Beast Statue"],"acts_visited":["Exordium","TheCity","TheBeyond","TheEnding"],"potions_floor_usage":[7,16,16,16,23,25,28,38,38,55,56],"damage_taken":[{"damage":0,"enemies":"2 Louse","floor":1,"turns":5},{"damage":2,"enemies":"Small Slimes","floor":3,"turns":4},{"damage":0,"enemies":"Jaw Worm","floor":4,"turns":8},{"damage":11,"enemies":"3 Sentries","floor":7,"turns":5},{"damage":2,"enemies":"Gremlin Nob","floor":10,"turns":4},{"damage":0,"enemies":"3 Louse","floor":11,"turns":5},{"damage":1,"enemies":"Exordium Wildlife","floor":12,"turns":3},{"damage":0,"enemies":"2 Fungi Beasts","floor":13,"turns":2},{"damage":0,"enemies":"Large Slime","floor":14,"turns":4},{"damage":23,"enemies":"Hexaghost","floor":16,"turns":9},{"damage":11,"enemies":"Spheric Guardian","floor":18,"turns":7},{"damage":9,"enemies":"2 Thieves","floor":20,"turns":5},{"damage":29,"enemies":"Slavers","floor":23,"turns":5},{"damage":18,"enemies":"Book of Stabbing","floor":25,"turns":5},{"damage":14,"enemies":"Slavers","floor":28,"turns":4},{"damage":13,"enemies":"Book of Stabbing","floor":30,"turns":4},{"damage":0,"enemies":"Automaton","floor":33,"turns":14},{"damage":0,"enemies":"3 Shapes","floor":35,"turns":6},{"damage":8,"enemies":"Orb Walker","floor":36,"turns":4},{"damage":37,"enemies":"3 Darklings","floor":38,"turns":7},{"damage":23,"enemies":"Spire Growth","floor":39,"turns":8},{"damage":48,"enemies":"Reptomancer","floor":41,"turns":8},{"damage":9,"enemies":"Giant Head","floor":44,"turns":5},{"damage":0,"enemies":"Nemesis","floor":47,"turns":9},{"damage":11,"enemies":"Jaw Worm Horde","floor":48,"turns":5},{"damage":17,"enemies":"Time Eater","floor":50,"turns":4},{"damage":27,"enemies":"Donu and Deca","floor":51,"turns":11},{"damage":76,"enemies":"Shield and Spear","floor":55,"turns":7},{"damage":37,"enemies":"The Heart","floor":56,"turns":12}],"seed_played":"-9122220828092224766","potions_obtained":[{"floor":1,"key":"Strength Potion"},{"floor":3,"key":"DistilledChaos"},{"floor":10,"key":"EntropicBrew"},{"floor":11,"key":"DuplicationPotion"},{"floor":16,"key":"Swift Potion"},{"floor":23,"key":"DistilledChaos"},{"floor":30,"key":"ColorlessPotion"},{"floor":36,"key":"LiquidBronze"},{"floor":39,"key":"CultistPotion"},{"floor":44,"key":"Strength Potion"},{"floor":47,"key":"DuplicationPotion"}],"is_trial":false,"path_per_floor":["M","?","M","M","?","R","E","R","T","E","M","M","M","M","R","B",null,"M","$","M","?","$","E","R","E","T","?","E","R","E","T","R","B",null,"M","M","$","M","M","R","E","?","T","E","?","R","E","M","R","B","B",null,"R","$","E","B",null],"character_chosen":"THE_SILENT","items_purchased":["Lantern","Snake Skull","Deflect"],"campfire_rested":4,"item_purchase_floors":[19,37,54],"current_hp_per_floor":[59,59,57,57,46,46,45,45,45,43,43,42,42,42,42,19,62,51,51,42,42,42,13,35,31,31,31,17,44,31,31,31,45,79,87,85,85,62,47,75,37,37,37,30,30,59,75,72,72,55,34,85,85,85,25,4],"gold":51,"neow_bonus":"BOSS_RELIC","is_daily":false,"chose_seed":false,"campfire_upgraded":5,"win_rate":0.0,"timestamp":1609487091,"path_taken":["M","?","M","M","?","R","E","R","T","E","M","M","M","M","R","BOSS","M","$","M","?","$","E","R","E","T","?","E","R","E","?","R","BOSS","M","M","$","M","M","R","E","?","T","E","?","R","E","M","R","BOSS","BOSS","R","$","E","BOSS"],"items_purchased_type":["Relic","Relic","Card"],"build_version":"2020-12-22","purchased_purges":3,"victory":true,"max_hp_per_floor":[66,66,66,66,66,66,76,76,76,76,76,76,76,76,76,76,76,76,76,76,76,76,76,76,90,90,90,90,90,90,90,90,90,90,92,94,94,96,96,96,98,98,98,98,98,98,100,102,102,102,102,102,102,102,104,104],"relic_stats":{"Singing Bowl":14,"Gremlin Horn":[2,2],"counters":[29,179],"Ornamental Fan":[76],"Astrolabe":["Night Terror","Infinite Blades","Leg Sweep"],"Bird Faced Urn":[110],"Snake Skull":[64],"Whetstone":["Neutralize","Predator"],"War Paint":["Blade Dance","Crippling Poison"],"Orichalcum":[42],"Question Card":13,"obtain_stats":[{"Lantern":19,"Pear":7,"Singing Bowl":31,"Gremlin Horn":47,"Astrolabe":0,"Mango":25,"Snake Skull":37,"Whetstone":44,"Paper Crane":5,"War Paint":28,"Orichalcum":43,"Question Card":23,"White Beast Statue":55,"SlaversCollar":17,"Ninja Scroll":9,"Ornamental Fan":41,"Bird Faced Urn":30,"Red Mask":42,"Bottled Lightning":10,"Ring of the Snake":0,"Runic Pyramid":34},{"Lantern":11,"Pear":4,"Singing Bowl":16,"Gremlin Horn":24,"Astrolabe":0,"Mango":14,"Snake Skull":19,"Whetstone":23,"Paper Crane":3,"War Paint":15,"Orichalcum":22,"Question Card":13,"White Beast Statue":28,"SlaversCollar":10,"Ninja Scroll":4,"Ornamental Fan":22,"Bird Faced Urn":16,"Red Mask":22,"Bottled Lightning":5,"Ring of the Snake":0,"Runic Pyramid":17},{"Lantern":56,"Pear":22,"Singing Bowl":79,"Gremlin Horn":140,"Astrolabe":0,"Mango":71,"Snake Skull":103,"Whetstone":131,"Paper Crane":17,"War Paint":75,"Orichalcum":126,"Question Card":66,"White Beast Statue":167,"SlaversCollar":49,"Ninja Scroll":22,"Ornamental Fan":126,"Bird Faced Urn":79,"Red Mask":126,"Bottled Lightning":26,"Ring of the Snake":0,"Runic Pyramid":93}]},"card_choices":[{"not_picked":["Escape Plan","Setup"],"picked":"Blur","floor":1},{"not_picked":["Flying Knee","Quick Slash"],"picked":"Predator","floor":3},{"not_picked":["Dagger Throw","Dagger Spray"],"picked":"Blade Dance","floor":4},{"not_picked":["Skewer","Sucker Punch"],"picked":"Wraith Form v2","floor":7},{"not_picked":["Slice","Footwork"],"picked":"Crippling Poison","floor":10},{"not_picked":["Quick Slash","Sucker Punch"],"picked":"Deadly Poison","floor":11},{"not_picked":["Dagger Spray","Deadly Poison"],"picked":"Footwork","floor":12},{"not_picked":["Blade Dance","Poisoned Stab","Predator"],"picked":"SKIP","floor":13},{"not_picked":["Quick Slash","Bane","Deadly Poison"],"picked":"SKIP","floor":14},{"not_picked":["Glass Knife","Phantasmal Killer"],"picked":"Corpse Explosion","floor":16},{"not_picked":["Eviscerate","Cloak And Dagger"],"picked":"Heel Hook+1","floor":18},{"not_picked":["Outmaneuver+1","Caltrops"],"picked":"Catalyst","floor":20},{"not_picked":["Die Die Die","Calculated Gamble"],"picked":"Escape Plan","floor":23},{"not_picked":["Noxious Fumes","Underhanded Strike","Catalyst"],"picked":"After Image","floor":25},{"not_picked":["Tactician","Outmaneuver","Predator"],"picked":"Backflip","floor":28},{"not_picked":["Accuracy","Eviscerate","Calculated Gamble","Quick Slash"],"picked":"SKIP","floor":30},{"not_picked":["Grand Finale","Glass Knife","After Image"],"picked":"Adrenaline","floor":33},{"not_picked":["Backstab+1","Quick Slash","Dash+1","Sucker Punch"],"picked":"Singing Bowl","floor":35},{"not_picked":["Cloak And Dagger","Infinite Blades","Dodge and Roll","Sucker Punch+1"],"picked":"Singing Bowl","floor":36},{"not_picked":["Cloak And Dagger+1","Distraction","Backflip","Blade Dance"],"picked":"Singing Bowl","floor":38},{"not_picked":["Calculated Gamble+1","Outmaneuver","Acrobatics+1"],"picked":"PiercingWail","floor":39},{"not_picked":["Tactician","Dagger Spray+1","Unload","Dagger Throw"],"picked":"Singing Bowl","floor":41},{"not_picked":["Bane","Dagger Throw","Deadly Poison"],"picked":"Catalyst+1","floor":44},{"not_picked":["Dagger Spray","Sucker Punch","Cloak And Dagger","Deflect"],"picked":"Singing Bowl","floor":47},{"not_picked":["Underhanded Strike","Dodge and Roll+1","Cloak And Dagger+1","Deflect"],"picked":"Singing Bowl","floor":48},{"not_picked":["Outmaneuver+1","Dodge and Roll","Poisoned Stab","Finisher+1"],"picked":"Singing Bowl","floor":55}],"player_experience":2609106,"relics_obtained":[{"floor":7,"key":"Pear"},{"floor":9,"key":"Ninja Scroll"},{"floor":10,"key":"Bottled Lightning"},{"floor":23,"key":"Question Card"},{"floor":25,"key":"Mango"},{"floor":28,"key":"War Paint"},{"floor":30,"key":"Bird Faced Urn"},{"floor":31,"key":"Singing Bowl"},{"floor":41,"key":"Ornamental Fan"},{"floor":43,"key":"Orichalcum"},{"floor":44,"key":"Whetstone"},{"floor":47,"key":"Gremlin Horn"},{"floor":55,"key":"White Beast Statue"}],"event_choices":[{"damage_healed":0,"gold_gain":0,"cards_transformed":["Strike_G"],"player_choice":"Change","damage_taken":0,"max_hp_gain":0,"max_hp_loss":0,"event_name":"Living Wall","floor":2,"gold_loss":0,"cards_obtained":["All Out Attack"]},{"damage_healed":0,"gold_gain":0,"player_choice":"Success","damage_taken":11,"relics_obtained":["Paper Crane"],"max_hp_gain":0,"max_hp_loss":0,"event_name":"Scrap Ooze","floor":5,"gold_loss":0},{"damage_healed":0,"gold_gain":0,"player_choice":"Ignored","damage_taken":0,"max_hp_gain":0,"max_hp_loss":0,"event_name":"Beggar","floor":21,"gold_loss":0},{"damage_healed":0,"gold_gain":0,"player_choice":"Ignored","damage_taken":0,"max_hp_gain":0,"max_hp_loss":0,"event_name":"The Mausoleum","floor":27,"gold_loss":0},{"damage_healed":0,"gold_gain":0,"player_choice":"Paid","damage_taken":0,"relics_obtained":["Red Mask"],"max_hp_gain":0,"max_hp_loss":0,"event_name":"Tomb of Lord Red Mask","floor":42,"gold_loss":86},{"cards_removed":["Backflip"],"damage_healed":0,"gold_gain":0,"player_choice":"Removed Skill","damage_taken":0,"max_hp_gain":0,"max_hp_loss":0,"event_name":"Falling","floor":45,"gold_loss":0}],"is_beta":false,"boss_relics":[{"not_picked":["Velvet Choker","Ectoplasm"],"picked":"SlaversCollar"},{"not_picked":["Cursed Key","Snecko Eye"],"picked":"Runic Pyramid"}],"items_purged_floors":[19,22,37],"is_endless":false,"potions_floor_spawned":[1,3,10,11,13,16,18,20,23,30,36,39,44,47,48],"ascension_level":20}}