{"host":"kw4o7b3ro2ktmmbe","time":1609502354,"event":{"mods":["BaseMod","Evolution","Magitek Elite","Minty Spire (QoL Compilation)","StSLib"],"gold_per_floor":[119,135,147,147,147,147,167,180,205,205,225,237,237,253,253,349,349,366,391,391,409,424,424,443,443,443],"floor_reached":25,"playtime":2665,"items_purged":[],"score":199,"play_id":"51240580-6538-4542-8bc4-1cb50d4e051d","local_time":"20210102005914","is_ascension_mode":false,"campfire_choices":[{"data":"Bravery","floor":6,"key":"SMITH"},{"data":"Cure","floor":10,"key":"SMITH"},{"data":"Cure","floor":13,"key":"SMITH"},{"data":"Fire2","floor":15,"key":"SMITH"},{"data":"Reflect","floor":23,"key":"SMITH"}],"circlet_count":0,"master_deck":["Strike_L","Strike_L","Strike_L","Strike_L","Defend_L","Defend_L","Defend_L","Defend_L","Defend_L","Fire2","Cure+2","Rune_Blade","Haste","Bravery+1","Blood_Hilt","Balance","Thousand_Needles","Focus","Fake_Moustache","Magnus_Hat+1","Reflect+1","Magnus_Hat+1"],"relics":["Pendant","EVO:Axolotl","Smiling Mask","Oddly Smooth Stone","Coffee Dripper","Red Mask","MutagenicStrength"],"acts_visited":["Exordium","TheCity"],"potions_floor_usage":[12,12,16,19,24,25],"damage_taken":[{"damage":1,"enemies":"2 Louse","floor":1,"turns":3},{"damage":0,"enemies":"Cultist","floor":2,"turns":4},{"damage":0,"enemies":"Small Slimes","floor":3,"turns":4},{"damage":7,"enemies":"Looter","floor":7,"turns":5},{"damage":34,"enemies":"Exordium Wildlife","floor":8,"turns":5},{"damage":14,"enemies":"Blue Slaver","floor":11,"turns":6},{"damage":11,"enemies":"2 Fungi Beasts","floor":12,"turns":6},{"damage":12,"enemies":"Exordium Thugs","floor":14,"turns":6},{"damage":35,"enemies":"Slime Boss","floor":16,"turns":9},{"damage":16,"enemies":"Shell Parasite","floor":18,"turns":6},{"damage":53,"enemies":"Masked Bandits","floor":19,"turns":5},{"damage":21,"enemies":"3 Byrds","floor":21,"turns":5},{"damage":32,"enemies":"3 Cultists","floor":22,"turns":6},{"damage":22,"enemies":"Snake Plant","floor":24,"turns":6},{"damage":9,"enemies":"Slavers","floor":25,"turns":1}],"seed_played":"-617473592375359716","potions_obtained":[{"floor":1,"key":"Explosive Potion"},{"floor":2,"key":"Dexterity Potion"},{"floor":7,"key":"Regen Potion"},{"floor":11,"key":"SkillPotion"},{"floor":12,"key":"EssenceOfSteel"},{"floor":21,"key":"SpeedPotion"},{"floor":24,"key":"Weak Potion"}],"is_trial":false,"path_per_floor":["M","M","M","?","?","R","M","M","T","R","M","M","R","M","R","B",null,"M","?","?","M","M","R","M","E"],"character_chosen":"MAGITEKELITE","items_purchased":[],"campfire_rested":0,"item_purchase_floors":[],"current_hp_per_floor":[69,69,69,74,74,74,73,48,48,48,43,56,56,59,59,37,74,70,32,32,27,11,11,4,0,0],"gold":443,"neow_bonus":"TEN_PERCENT_HP_BONUS","is_daily":false,"chose_seed":false,"campfire_upgraded":5,"win_rate":0.0,"timestamp":1609502354,"path_taken":["M","M","M","?","?","R","M","M","T","R","M","M","R","?","R","BOSS","M","?","?","M","M","R","M","E"],"items_purchased_type":[],"build_version":"2020-12-22","purchased_purges":0,"victory":false,"max_hp_per_floor":[69,69,69,74,74,74,74,74,74,74,74,74,74,74,74,74,74,74,74,74,74,74,74,74,74,74],"card_choices":[{"not_picked":["Magnus_Hat","Transfusion"],"picked":"Rune_Blade","floor":1},{"not_picked":["Aero","Flare"],"picked":"Haste","floor":2},{"not_picked":["Flare","Vox"],"picked":"Bravery","floor":3},{"not_picked":["Thunder_Blade","Vox"],"picked":"Blood_Hilt","floor":7},{"not_picked":["Esuna","Man_Eater"],"picked":"Balance","floor":8},{"not_picked":["Dark","Magnus_Hat","Gaia_Gear"],"picked":"SKIP","floor":11},{"not_picked":["Heavy_Shield","Mirage_Vest"],"picked":"Thousand_Needles","floor":12},{"not_picked":["Crystal_Sword","Thunder_Blade"],"picked":"Focus","floor":14},{"not_picked":["Lightbringer","Valor"],"picked":"Fake_Moustache","floor":16},{"not_picked":["Thunder_Blade","Cursed_Shield+1","Gaia_Gear+1"],"picked":"SKIP","floor":18},{"not_picked":["Gladius","Quake"],"picked":"Magnus_Hat+1","floor":19},{"not_picked":["Throw","Circlet","Slow+1"],"picked":"SKIP","floor":21},{"not_picked":["Balance","Meltdown+1"],"picked":"Reflect","floor":22},{"not_picked":["Gaia_Gear","Vox"],"picked":"Magnus_Hat+1","floor":24}],"player_experience":1771482,"relics_obtained":[{"floor":9,"key":"Oddly Smooth Stone"},{"floor":19,"key":"Red Mask"}],"event_choices":[{"damage_healed":0,"gold_gain":0,"player_choice":"Donut","damage_taken":0,"max_hp_gain":5,"max_hp_loss":0,"event_name":"Big Fish","floor":4,"gold_loss":0},{"damage_healed":0,"gold_gain":0,"player_choice":"Gave Potion","damage_taken":0,"relics_obtained":["Smiling Mask"],"max_hp_gain":0,"max_hp_loss":0,"event_name":"WeMeetAgain","floor":5,"gold_loss":0},{"damage_healed":0,"gold_gain":0,"player_choice":"Fought Bandits","damage_taken":0,"max_hp_gain":0,"max_hp_loss":0,"event_name":"Masked Bandits","floor":19,"gold_loss":0},{"damage_healed":0,"gold_gain":0,"player_choice":"Inject Mutagens","damage_taken":0,"relics_obtained":["MutagenicStrength"],"max_hp_gain":0,"max_hp_loss":0,"event_name":"Drug Dealer","floor":20,"gold_loss":0}],"is_beta":false,"boss_relics":[{"not_picked":["Golden_Hairpin","Cursed Key"],"picked":"Coffee Dripper"}],"items_purged_floors":[],"is_endless":false,"potions_floor_spawned":[1,2,7,11,12,21,24],"killed_by":"Slavers","ascension_level":0}}