{"host":"r2b8ojg4o4pyvjvq","time":1609539865,"event":{"mods":["BaseMod","Colored Map","Downfall","Highlight Path","Hubris","Marisa????????","Minty Spire (QoL Compilation)","Quick Restart","Replay The Spire","StSLib","SuperFastMode"],"gold_per_floor":[369,385,385,385,409,409,450,450,476,476,491,91,110,110,110,110,110],"floor_reached":16,"playtime":513,"items_purged":["Injury"],"score":150,"play_id":"fbde9f38-87ac-4f75-9c79-62ee8cd622dd","local_time":"20210101232425","is_ascension_mode":true,"campfire_choices":[{"data":"PropBag","floor":6,"key":"SMITH"},{"floor":8,"key":"REST"},{"data":"MaximisePower","floor":15,"key":"SMITH"}],"circlet_count":0,"master_deck":["AscendersBane","Strike_MRS","Strike_MRS","Strike_MRS","Strike_MRS","Defend_MRS","Defend_MRS+1","Defend_MRS","Defend_MRS+1","MasterSpark+1","UpSweep","PropBag+1","GalacticHalo","ShootTheMoon","MaximisePower+1","Decay"],"relics":["MiniHakkero","Golden Idol","War Paint","Meat on the Bone","Shuriken"],"acts_visited":["Exordium"],"potions_floor_usage":[7,16,16],"damage_taken":[{"damage":9,"enemies":"Jaw Worm","floor":1,"turns":3},{"damage":0,"enemies":"2 Louse","floor":2,"turns":3},{"damage":1,"enemies":"Cultist","floor":5,"turns":4},{"damage":52,"enemies":"Lagavulin","floor":7,"turns":8},{"damage":11,"enemies":"3 Louse","floor":11,"turns":4},{"damage":6,"enemies":"Looter","floor":13,"turns":3},{"damage":52,"enemies":"Fading Forest","floor":16,"turns":9}],"seed_played":"1306471242241343582","potions_obtained":[{"floor":1,"key":"SkillPotion"},{"floor":2,"key":"sneckomod:MuddlingPotion"},{"floor":11,"key":"FearPotion"},{"floor":13,"key":"Fire Potion"}],"is_trial":false,"path_per_floor":["M","M","?","?","M","R","E","R","T","?","M","$","M","?","R_BF","B"],"character_chosen":"MARISA","items_purchased":["Meat on the Bone","ShootTheMoon"],"campfire_rested":1,"item_purchase_floors":[12,12],"current_hp_per_floor":[59,59,59,59,58,58,6,26,26,26,27,27,33,33,33,0,0],"gold":110,"neow_bonus":"TWO_FIFTY_GOLD","is_daily":false,"chose_seed":false,"campfire_upgraded":2,"win_rate":0.0,"timestamp":1609539865,"path_taken":["M","M","?","?","M","R","E","R","T","?","M","$","?","?","R_BF","BOSS"],"items_purchased_type":["Relic","Card"],"build_version":"2020-12-22","purchased_purges":1,"victory":false,"max_hp_per_floor":[68,68,68,68,68,68,68,68,68,68,68,68,68,68,68,68,68],"card_choices":[{"not_picked":["EnergyRecoil","IllusionStar","Acceleration"],"picked":"SKIP","floor":1},{"not_picked":["IllusionStar","Acceleration","OneTimeOff"],"picked":"SKIP","floor":2},{"not_picked":["AsteroidBelt","MilkyWay"],"picked":"PropBag","floor":5},{"not_picked":["MagicChant","DoubleSpark"],"picked":"GalacticHalo","floor":7},{"not_picked":["ChargeUpSpray","WitchLeyline","MilkyWay"],"picked":"SKIP","floor":11},{"not_picked":["SporeBomb","PowerUp"],"picked":"MaximisePower","floor":13}],"player_experience":485886,"relics_obtained":[{"floor":7,"key":"War Paint"}],"event_choices":[{"damage_healed":0,"gold_gain":0,"player_choice":"Take Wound","damage_taken":0,"relics_obtained":["Golden Idol"],"max_hp_gain":0,"max_hp_loss":0,"event_name":"Golden Idol","floor":3,"gold_loss":0,"cards_obtained":["Injury"]},{"damage_healed":0,"gold_gain":0,"player_choice":"Cursed","damage_taken":0,"max_hp_gain":0,"max_hp_loss":0,"event_name":"Wheel of Change","floor":14,"gold_loss":0,"cards_obtained":["Decay"]}],"is_beta":false,"boss_relics":[],"items_purged_floors":[12],"is_endless":false,"potions_floor_spawned":[1,2,11,13],"killed_by":"Fading Forest","ascension_level":10}}