{"host":"zlqt5v02sur1j944","time":1609463637,"event":{"mods":["BaseMod","Highlight Path","Minty Spire (QoL Compilation)","Relic Stats","StSLib"],"gold_per_floor":[13,13,13,13,13,13,48,59,59,59,89,89,147,189,189,297,297,337,337,337,378,378,378,378],"floor_reached":23,"playtime":781,"items_purged":[],"score":594,"play_id":"ea1db8a4-c0f8-4e2b-87b8-ebe28cbeb37a","local_time":"20201231171357","is_ascension_mode":true,"campfire_choices":[{"data":"Eruption","floor":6,"key":"SMITH"},{"data":"Ragnarok","floor":10,"key":"SMITH"},{"data":"Wish","floor":12,"key":"SMITH"},{"data":"Study","floor":15,"key":"SMITH"}],"circlet_count":0,"master_deck":["AscendersBane","Strike_P","Strike_P","Strike_P","Strike_P+1","Defend_P","Defend_P","Defend_P+1","Eruption+1","Vigilance","Consecrate","Study+1","Ragnarok+1","Wish+1","Omniscience","CurseOfTheBell","Scrawl","Sanctity"],"relics":["PureWater","FossilizedHelix","StrikeDummy","Calipers","Matryoshka","Bottled Tornado","White Beast Statue","Calling Bell","Dream Catcher","Yang","Peace Pipe"],"acts_visited":["Exordium","TheCity"],"potions_floor_usage":[16,18,18,23,23],"damage_taken":[{"damage":7,"enemies":"2 Louse","floor":1,"turns":4},{"damage":0,"enemies":"Lagavulin","floor":7,"turns":4},{"damage":0,"enemies":"Jaw Worm","floor":8,"turns":1},{"damage":0,"enemies":"3 Sentries","floor":11,"turns":3},{"damage":0,"enemies":"Lagavulin","floor":13,"turns":4},{"damage":0,"enemies":"Small Slimes","floor":14,"turns":3},{"damage":0,"enemies":"Slime Boss","floor":16,"turns":4},{"damage":0,"enemies":"Shell Parasite","floor":18,"turns":4},{"damage":0,"enemies":"Spheric Guardian","floor":21,"turns":3},{"damage":40,"enemies":"Slavers","floor":23,"turns":3}],"seed_played":"-4865302937093552509","potions_obtained":[{"floor":13,"key":"EssenceOfSteel"},{"floor":14,"key":"BlessingOfTheForge"},{"floor":16,"key":"EssenceOfSteel"},{"floor":18,"key":"ColorlessPotion"},{"floor":21,"key":"SpeedPotion"}],"is_trial":false,"path_per_floor":["M","?","T","?","$","R","E","M","T","R","E","R","E","M","R","B",null,"M","?","?","M","?","E"],"character_chosen":"WATCHER","items_purchased":[],"campfire_rested":0,"item_purchase_floors":[],"current_hp_per_floor":[54,54,54,34,34,34,34,34,34,34,34,34,34,34,34,34,60,60,60,41,41,35,0,0],"gold":378,"neow_bonus":"ONE_RARE_RELIC","is_daily":false,"chose_seed":false,"campfire_upgraded":4,"win_rate":0.0,"timestamp":1609463637,"path_taken":["M","?","?","?","$","R","E","?","T","R","E","R","E","M","R","BOSS","M","?","?","M","?","E"],"items_purchased_type":[],"build_version":"2020-12-22","purchased_purges":0,"victory":false,"max_hp_per_floor":[68,68,68,68,68,68,68,68,68,68,68,68,68,68,68,68,68,68,68,73,73,73,73,73],"relic_stats":{"Peace Pipe":0,"Dream Catcher":0,"counters":[10,33],"Yang":[14],"obtain_stats":[{"Calling Bell":17,"Peace Pipe":17,"Dream Catcher":17,"Calipers":7,"Matryoshka":9,"Yang":17,"PureWater":0,"Bottled Tornado":11,"StrikeDummy":3,"FossilizedHelix":0,"White Beast Statue":13},{"Calling Bell":7,"Peace Pipe":7,"Dream Catcher":7,"Calipers":2,"Matryoshka":3,"Yang":7,"PureWater":0,"Bottled Tornado":4,"StrikeDummy":1,"FossilizedHelix":0,"White Beast Statue":5},{"Calling Bell":23,"Peace Pipe":23,"Dream Catcher":23,"Calipers":8,"Matryoshka":9,"Yang":23,"PureWater":0,"Bottled Tornado":12,"StrikeDummy":4,"FossilizedHelix":0,"White Beast Statue":16}]},"card_choices":[{"not_picked":["Protect","ThirdEye"],"picked":"Consecrate","floor":1},{"not_picked":["ThirdEye","Prostrate"],"picked":"Ragnarok","floor":7},{"not_picked":["Evaluate","Consecrate","ClearTheMind"],"picked":"SKIP","floor":8},{"not_picked":["ReachHeaven","Fasting2"],"picked":"Wish","floor":11},{"not_picked":["FearNoEvil","ClearTheMind","Nirvana"],"picked":"SKIP","floor":13},{"not_picked":["WaveOfTheHand","ClearTheMind","EmptyFist"],"picked":"SKIP","floor":14},{"not_picked":["SpiritShield","DeusExMachina"],"picked":"Omniscience","floor":16},{"not_picked":["JustLucky","Conclude"],"picked":"Scrawl","floor":18},{"not_picked":["FlurryOfBlows","BowlingBash"],"picked":"Sanctity","floor":21}],"player_experience":1191382,"relics_obtained":[{"floor":3,"key":"StrikeDummy"},{"floor":7,"key":"Calipers"},{"floor":9,"key":"Matryoshka"},{"floor":11,"key":"Bottled Tornado"},{"floor":13,"key":"White Beast Statue"},{"floor":17,"key":"Dream Catcher"},{"floor":17,"key":"Yang"},{"floor":17,"key":"Peace Pipe"}],"event_choices":[{"damage_healed":0,"gold_gain":0,"cards_transformed":["Defend_P"],"player_choice":"Change","damage_taken":0,"max_hp_gain":0,"max_hp_loss":0,"event_name":"Living Wall","floor":2,"gold_loss":0,"cards_obtained":["Study"]},{"damage_healed":0,"gold_gain":0,"player_choice":"Entered Light","damage_taken":20,"max_hp_gain":0,"max_hp_loss":0,"event_name":"Shining Light","floor":4,"gold_loss":0,"cards_upgraded":["Strike_P","Defend_P"]},{"damage_healed":0,"gold_gain":0,"player_choice":"Ignored","damage_taken":0,"max_hp_gain":0,"max_hp_loss":0,"event_name":"Ghosts","floor":19,"gold_loss":0},{"damage_healed":0,"gold_gain":0,"player_choice":"Shed Blood","damage_taken":24,"max_hp_gain":5,"max_hp_loss":0,"event_name":"Forgotten Altar","floor":20,"gold_loss":0},{"damage_healed":0,"gold_gain":0,"player_choice":"","damage_taken":6,"max_hp_gain":0,"max_hp_loss":0,"event_name":"Knowing Skull","floor":22,"potions_obtained":[],"gold_loss":0,"cards_obtained":[]}],"is_beta":false,"boss_relics":[{"not_picked":["Sozu","Tiny House"],"picked":"Calling Bell"}],"items_purged_floors":[],"is_endless":false,"potions_floor_spawned":[13,14,16,18,21],"killed_by":"Slavers","ascension_level":16}}