{"host":"1hppsasng8mkn0s8","time":1609480036,"event":{"mods":["BaseMod","Downfall","Minty Spire (QoL Compilation)","StSLib"],"gold_per_floor":[99,99,99,26,126,155,155,174,187,112,126,193,193,224,236,341,341,266,279,329,40,106,139,139,151,201,126,137,149,159,170,184,184,184,184],"floor_reached":33,"playtime":1909,"items_purged":["Regret"],"score":306,"play_id":"feb8beac-abc6-4e66-bf4b-9240710c2f3a","local_time":"20210101134716","is_ascension_mode":false,"campfire_choices":[{"floor":1,"key":"RECALL"},{"data":"Guardian:BaubleBeam","floor":10,"key":"SMITH"},{"data":"Guardian:DonusPower","floor":13,"key":"SMITH"},{"floor":18,"key":"DIG"},{"floor":27,"key":"DIG"}],"circlet_count":0,"master_deck":["Guardian:Strike_Guardian","Guardian:Strike_Guardian","Guardian:Strike_Guardian","Guardian:Strike_Guardian","Guardian:Defend_Guardian+1","Guardian:Defend_Guardian","Guardian:Defend_Guardian+1","Guardian:Defend_Guardian+1","Guardian:CurlUp","Guardian:TwinSlam+1","Guardian:WalkerClaw","Guardian:BronzeOrb","Guardian:Reroute","Guardian:TemporalShield","Guardian:BaubleBeam+1","Guardian:DonusPower+1","Guardian:TimeBomb","Guardian:Preprogram+1","Guardian:PiercingHide","Guardian:ExploitGems","CurseOfTheBell","Guardian:ExploitGems","Guardian:SentryBeam","Guardian:TimeBomb","Guardian:ChargeCore+1","Guardian:Gem_Lightblue","Guardian:TemporalStrike","Guardian:Gem_Fragmented","Guardian:CrystalBeam","Guardian:RevengeProtocol"],"relics":["Guardian:ModeShifter","downfall:HeartsMalice","downfall:CloakOfManyFaces","CultistMask","FaceOfCleric","NlothsMask","GremlinMask","SsserpentHead","Tiny Chest","downfall:HeartBlessingRed","Smiling Mask","Calling Bell","Shovel","Eternal Feather","Ancient Tea Set","downfall:HeartBlessingGreen","War Paint","Guardian:BottledStasis","Bag of Preparation","Sundial","downfall:HeartBlessingBlue","The Courier"],"acts_visited":["Exordium","TheCity"],"potions_floor_usage":[6,16,16,16,23,32,33,33,33],"damage_taken":[{"damage":0,"enemies":"2 Louse","floor":2,"turns":1},{"damage":0,"enemies":"downfall:FleeingMerchant","floor":4,"turns":1},{"damage":0,"enemies":"downfall:FaceTrader","floor":5,"turns":1},{"damage":19,"enemies":"Gremlin Nob","floor":6,"turns":4},{"damage":2,"enemies":"Cultist","floor":8,"turns":3},{"damage":4,"enemies":"Jaw Worm","floor":9,"turns":3},{"damage":7,"enemies":"Exordium Thugs","floor":11,"turns":5},{"damage":3,"enemies":"2 Fungi Beasts","floor":12,"turns":3},{"damage":12,"enemies":"Lagavulin","floor":14,"turns":5},{"damage":0,"enemies":"Exordium Thugs","floor":15,"turns":2},{"damage":36,"enemies":"downfall:Defect","floor":16,"turns":7},{"damage":16,"enemies":"3 Byrds","floor":19,"turns":5},{"damage":4,"enemies":"downfall:FleeingMerchant","floor":21,"turns":4},{"damage":12,"enemies":"Chosen","floor":22,"turns":5},{"damage":22,"enemies":"Gremlin Leader","floor":23,"turns":6},{"damage":10,"enemies":"Centurion and Healer","floor":25,"turns":5},{"damage":0,"enemies":"Snake Plant","floor":28,"turns":3},{"damage":6,"enemies":"3 Cultists","floor":29,"turns":4},{"damage":7,"enemies":"Cultist and Chosen","floor":30,"turns":4},{"damage":0,"enemies":"Snecko","floor":31,"turns":4},{"damage":28,"enemies":"Snake Plant","floor":32,"turns":4},{"damage":32,"enemies":"downfall:Silent","floor":33,"turns":7}],"seed_played":"343927274478884236","potions_obtained":[{"floor":5,"key":"Fire Potion"},{"floor":6,"key":"SkillPotion"},{"floor":14,"key":"Strength Potion"},{"floor":15,"key":"DistilledChaos"},{"floor":16,"key":"FearPotion"},{"floor":22,"key":"Guardian:BlockOnCardUsePotion"},{"floor":28,"key":"DuplicationPotion"},{"floor":30,"key":"AttackPotion"},{"floor":32,"key":"CultistPotion"}],"is_trial":false,"path_per_floor":["R","M","?","$","?","E","T","M","M","R","M","M","R","E","M","B",null,"R","M","?","$","M","E","T","M","T","R","M","M","M","M","M","B"],"character_chosen":"GUARDIAN","items_purchased":["Guardian:BronzeOrb","Guardian:BottledStasis","Regen Potion"],"campfire_rested":0,"item_purchase_floors":[4,21,21],"current_hp_per_floor":[80,80,80,80,80,62,62,61,58,58,52,50,50,39,40,5,88,88,73,73,70,59,52,52,43,43,68,69,64,58,59,32,0,0,0],"gold":184,"neow_bonus":"THREE_ENEMY_KILL","is_daily":false,"chose_seed":false,"campfire_upgraded":2,"win_rate":0.0,"timestamp":1609480036,"path_taken":["R","M","?","$","?","E","T","M","M","R","M","?","R","E","M","BOSS","R","M","?","$","?","E","T","M","?","R","M","M","M","M","M","BOSS"],"items_purchased_type":["Card","Relic","Potion"],"build_version":"2020-12-22","purchased_purges":1,"victory":false,"max_hp_per_floor":[80,80,80,80,80,81,81,82,83,83,84,85,85,86,87,88,88,88,89,89,90,91,92,92,93,93,103,104,105,106,107,108,108,108,108],"card_choices":[{"not_picked":["Guardian:CrystalBeam","Guardian:TemporalShield"],"picked":"Guardian:WalkerClaw","floor":2},{"not_picked":["Guardian:Clone","Guardian:ChargeUp"],"picked":"Guardian:Gem_Fragmented","floor":4},{"not_picked":["Guardian:ShieldCharger","Guardian:Gem_Crimson"],"picked":"Guardian:Gem_White","floor":5},{"not_picked":["Guardian:Gem_White","Guardian:PrismaticBarrier"],"picked":"Guardian:Reroute","floor":6},{"not_picked":["Guardian:Gem_Cyan","Guardian:BronzeOrb"],"picked":"Guardian:TemporalShield","floor":8},{"not_picked":["Guardian:Harden","Guardian:Recover"],"picked":"Guardian:BaubleBeam","floor":9},{"not_picked":["Guardian:Recover","Guardian:Planning"],"picked":"Guardian:DonusPower","floor":11},{"not_picked":["Guardian:Gem_Cyan","Guardian:Suspension"],"picked":"Guardian:TimeBomb","floor":12},{"not_picked":["Guardian:BronzeArmor","Guardian:ChargeCore"],"picked":"Guardian:Preprogram","floor":14},{"not_picked":["Guardian:RefractedBeam","Guardian:VentSteam"],"picked":"Guardian:PiercingHide","floor":15},{"not_picked":["Guardian:StasisStrike","Guardian:HyperBeam_Guardian"],"picked":"Guardian:ExploitGems","floor":16},{"not_picked":["Guardian:FloatingOrbs","Guardian:Incinerate"],"picked":"Guardian:Gem_Cyan","floor":19},{"not_picked":["Guardian:ArmoredProtocol","Guardian:PiercingHide"],"picked":"Guardian:Gem_Red","floor":21},{"not_picked":["Guardian:WalkerClaw+1","Guardian:TemporalStrike"],"picked":"Guardian:SentryBeam","floor":22},{"not_picked":["Guardian:HyperBeam_Guardian","Guardian:ArmoredProtocol"],"picked":"Guardian:TimeBomb","floor":23},{"not_picked":["Guardian:DecasProtection","Guardian:CrystalBeam"],"picked":"Guardian:ChargeCore+1","floor":25},{"not_picked":["Guardian:RefractedBeam","Guardian:CrystalBeam"],"picked":"Guardian:Gem_Lightblue","floor":28},{"not_picked":["Guardian:MultiBeam+1","Guardian:Planning"],"picked":"Guardian:TemporalStrike","floor":29},{"not_picked":["Guardian:TemporalStrike","Guardian:ChargeCore"],"picked":"Guardian:Gem_Fragmented","floor":30},{"not_picked":["Guardian:PiercingHide","Guardian:PrismaticBarrier"],"picked":"Guardian:CrystalBeam","floor":31},{"not_picked":["Guardian:RollAttack","Guardian:ArmoredProtocol"],"picked":"Guardian:RevengeProtocol","floor":32}],"player_experience":193250,"relics_obtained":[{"floor":5,"key":"downfall:CloakOfManyFaces"},{"floor":6,"key":"Tiny Chest"},{"floor":14,"key":"Smiling Mask"},{"floor":17,"key":"Shovel"},{"floor":17,"key":"Eternal Feather"},{"floor":17,"key":"Ancient Tea Set"},{"floor":18,"key":"War Paint"},{"floor":23,"key":"Bag of Preparation"},{"floor":26,"key":"Sundial"},{"floor":27,"key":"The Courier"}],"event_choices":[{"damage_healed":0,"gold_gain":0,"player_choice":"Copied","damage_taken":0,"max_hp_gain":0,"max_hp_loss":0,"event_name":"Duplicator","floor":20,"gold_loss":0,"cards_obtained":["Guardian:ExploitGems"]}],"is_beta":false,"boss_relics":[{"not_picked":["Philosopher\u0027s Stone","downfall:Hecktoplasm"],"picked":"Calling Bell"}],"items_purged_floors":[21],"is_endless":false,"potions_floor_spawned":[5,6,14,15,16,22,28,29,30,32],"killed_by":"downfall:Silent","ascension_level":0}}