{"host":"s6t38s6k4widkzbu","time":1609483978,"event":{"mods":["ATMod(°¢èªMod)","Aspiration","BaseMod","Conspire","Downfall","Googly Eyes","Hermit","Highlight Path","Hunter ÁÔÈË","KinomotoSakuraMod(Ä¾Ö®±¾Ó£)","KomeijiMod","Marisa£¨ìFÓê¡¡Ä§ÀíÉ³£©","Minty Spire (QoL Compilation)","Permanent Neow","Prisma Mod","Quick Restart","READ ME - Guardian Mod","Reimu£¨²©ÀöÁéÃÎ£©","Remilia£¨ÀÙÃ×ÀòÑÇ£©","Replay The Spire","RumiaBox-Â¶Ã×æ«µÄÉñÃØºÐ×Ó","StSLib","The Animator","The Bladedancer","The Bug Knight","The Cursed","The Gatherer","The Jungle","The Mystic","The Runesmith","The Servant 0.9.4","Youmu£¨»êÆÇÑýÃÎ£©","Yuyuko","¡¾ÒÅÎï¿¨ÅÆ¡¿REMEMod","óô»ðÖ¸ÄÏ"],"gold_per_floor":[109,109,127,15,15,15,15,40,108,33,33,50,50,65,65,169,169,184,184,195,207,217,217,251,201,201,476,494,504,43,72,72,173,173,205,62,11,40,40,40,67,83,83,178,178,228,271,271,25,77,77,77,38,38,38],"floor_reached":54,"playtime":13379,"items_purged":["Defend_Lin:ReiMu","Regret"],"score":625,"play_id":"c8a4cc0b-2039-4e21-8e43-9db8127207c8","local_time":"20210101145257","is_ascension_mode":false,"campfire_choices":[{"data":"NB:ReiMu","floor":6.0,"key":"SMITH"},{"data":"PrepareRite:ReiMu","floor":11.0,"key":"SMITH"},{"data":"Creative AI","floor":13.0,"key":"SMITH"},{"floor":15.0,"key":"RECALL"},{"data":"DependentForm:ReiMu","floor":23.0,"key":"SMITH"},{"floor":32.0,"key":"REST"},{"data":"MikOfLucky:ReiMu","floor":40.0,"key":"SMITH"},{"data":"DoubleButterfly:ReiMu","floor":45.0,"key":"SMITH"},{"data":"NineCharacters:ReiMu","floor":52,"key":"SMITH"}],"circlet_count":0,"master_deck":["AT_DrawKnifeCut+1","Creative AI+1","DependentForm:ReiMu+1","DoubleButterfly:ReiMu+1","PrepareRite:ReiMu+1","ShadowOfCrow2:ReiMu+1","DependentForm:ReiMu+1","EmergencyTakeOff:ReiMu+1","RainPray2:ReiMu+1","CeremonyResonance:ReiMu+1","CurseOfTheBell","YinYang:ReiMu+1","PrayRite:ReiMu+1","BlastKick2:ReiMu+1","SubcavityFantasy:ReiMu+1","OctopathSalyBorderN:ReiMu+1","SubcavityFantasy:ReiMu+1","BlastKick2:ReiMu+1","SpringWay:ReiMu+1","SpreadBorder2:ReiMu+1","Crusade:ReiMu+1","AlertArray:ReiMu+1","conspire:SpireCoStock+1","MountainWay:ReiMu+1","WonderfulDomain:ReiMu+1","InherentArray:ReiMu+1","MikOfLucky:ReiMu+1","HakureiPhantom:ReiMu+1","Enchanting:ReiMu+1","Gathering:ReiMu+1","PrayRite:ReiMu+1","UniversalSpiritual:ReiMu+1","RainPray2:ReiMu+1","SpringWay:ReiMu+1","Languid","SealNeedle:ReiMu+1","FineLineFantasy:ReiMu","NineCharacters:ReiMu+1","InherentArray:ReiMu","OctopathBindingBorder2:ReiMu","SubAcupoint:ReiMu+1"],"relics":["FlyPower:ReiMu","REME_ComplimentaryCards","AT_ATBox","Mummified Hand","Calling Bell","AT_BladeRuinedKing","SumBook","Gambling Chip","Divine Protection","GodSword4","Counterbalance","AT_TrinityForce","Guide Book","Dream Catcher","AT_MibuBalloonWealth","Torii","Ring of Greed","Blue Doll","The Courier","Ring of Hypnosis","Mark of the Bloom"],"acts_visited":["Exordium","Exordium","TheBeyond","TheEnding"],"potions_floor_usage":[],"damage_taken":[{"damage":7.0,"enemies":"Jaw Worm","floor":1.0,"turns":6.0},{"damage":0.0,"enemies":"Cultist","floor":3.0,"turns":4.0},{"damage":2.0,"enemies":"Small Slimes","floor":12.0,"turns":4.0},{"damage":4.0,"enemies":"Blue Slaver","floor":14.0,"turns":4.0},{"damage":11.0,"enemies":"Fading Forest","floor":16.0,"turns":11.0},{"damage":1.0,"enemies":"theJungle:GiantWrat","floor":18.0,"turns":4.0},{"damage":19.0,"enemies":"theJungle:5_Spyders","floor":20.0,"turns":6.0},{"damage":10.0,"enemies":"Snake Plant","floor":21.0,"turns":4.0},{"damage":0.0,"enemies":"theJungle:2_Snecko_Cultists","floor":22.0,"turns":2.0},{"damage":38.0,"enemies":"theJungle:2_Phrogs","floor":24.0,"turns":6.0},{"damage":1.0,"enemies":"theJungle:JungleHuntersEncounter","floor":28.0,"turns":4.0},{"damage":0.0,"enemies":"theJungle:Lyon","floor":29.0,"turns":3.0},{"damage":0.0,"enemies":"theJungle:Snecko_Cultist_And_Trap","floor":31.0,"turns":3.0},{"damage":12.0,"enemies":"theJungle:FunGuy","floor":33.0,"turns":8.0},{"damage":0.0,"enemies":"Orb Walker","floor":35.0,"turns":4.0},{"damage":4.0,"enemies":"3 Darklings","floor":38.0,"turns":4.0},{"damage":0.0,"enemies":"Nemesis","floor":41.0,"turns":5.0},{"damage":0.0,"enemies":"Spire Growth","floor":42.0,"turns":2.0},{"damage":0.0,"enemies":"2 Orb Walkers","floor":44.0,"turns":3.0},{"damage":0.0,"enemies":"Writhing Mass","floor":47.0,"turns":2.0},{"damage":68.0,"enemies":"Replay:Hell Engine","floor":50.0,"turns":8.0},{"damage":3,"enemies":"Shield and Spear","floor":54,"turns":2}],"seed_played":"518743492035695074","potions_obtained":[{"floor":14.0,"key":"CalmPotion"},{"floor":18.0,"key":"Explosive Potion"},{"floor":28.0,"key":"SmokeBomb"},{"floor":31.0,"key":"Fire Potion"},{"floor":38.0,"key":"Languid Potion"},{"floor":41.0,"key":"Regen Potion"}],"is_trial":false,"path_per_floor":["M","?","M","$","?","R","?","T","T","$","R","M","R","M","R","B",null,"M","?","M","M","M","R","E","?","T","?","M","M","R","M","R","B",null,"M","$","$","M","?","R","E","M","T","?","R","?","M","?","R","B",null,"R","$","E"],"character_chosen":"REIMU","items_purchased":["DependentForm:ReiMu+1","Counterbalance","InherentArray:ReiMu","Guide Book","Gathering:ReiMu+1","FineLineFantasy:ReiMu","NineCharacters:ReiMu","InherentArray:ReiMu","OctopathBindingBorder2:ReiMu","SubAcupoint:ReiMu+1","LiquidFlight:ReiMu"],"campfire_rested":1,"item_purchase_floors":[4,30,30,36,37,49,49,49,49,49,53],"current_hp_per_floor":[40,40,40,40,61,61,65,65,65,65,65,63,63,59,59,48,65,64,75,56,46,46,46,8,8,8,8,7,7,7,7,29,17,75,75,75,75,71,71,71,71,71,71,71,71,71,71,71,71,3,3,3,3,0,0],"gold":38,"neow_bonus":"THREE_RARE_CARDS","is_daily":false,"chose_seed":false,"campfire_upgraded":7,"win_rate":0.0,"timestamp":1609483977,"path_taken":["M","?","?","$","?","R","?","?","T","?","R","M","R","M","R","BOSS","M","?","M","?","?","R","E","?","T","?","M","?","R","M","R","BOSS","M","?","$","M","?","R","E","M","T","?","R","?","M","?","R","BOSS","R","$","E"],"items_purchased_type":["Card","Relic","Card","Relic","Card","Card","Card","Card","Card","Card","Potion"],"build_version":"2020-12-22","purchased_purges":2,"victory":false,"max_hp_per_floor":[65,65,65,65,65,65,65,65,65,65,65,65,65,65,65,65,65,65,75,75,75,75,75,75,75,75,75,75,75,75,75,75,75,75,75,75,75,75,75,75,75,75,75,75,75,75,75,75,75,75,75,75,75,75,75],"card_choices":[{"not_picked":["KamiRite:ReiMu","Free:ReiMu"],"picked":"DependentForm:ReiMu","floor":0.0},{"not_picked":["TakeOff:ReiMu","SubcavityInstant:ReiMu"],"picked":"DoubleButterfly:ReiMu","floor":1.0},{"not_picked":["SubcavityInstant:ReiMu","UpKicking:ReiMu"],"picked":"ShadowOfCrow2:ReiMu","floor":3.0},{"not_picked":["Intuition:ReiMu","SpringWay:ReiMu"],"picked":"EmergencyTakeOff:ReiMu","floor":12.0},{"not_picked":["AlertArray:ReiMu","EmergencyTakeOff:ReiMu"],"picked":"RainPray2:ReiMu","floor":14.0},{"not_picked":["SubcavityFantasy:ReiMu","RunawayExorcism:ReiMu"],"picked":"CeremonyResonance:ReiMu","floor":16.0},{"not_picked":["OrbThrow:ReiMu","BarrageOfMoneybags:ReiMu"],"picked":"SubcavityInstant:ReiMu","floor":18.0},{"not_picked":["Conquer:ReiMu","OctopathSalyBorderN:ReiMu"],"picked":"SpringWay:ReiMu","floor":20.0},{"not_picked":["CollectionFlower2:ReiMu","EmergencyTakeOff:ReiMu+1"],"picked":"SpreadBorder2:ReiMu+1","floor":21.0},{"not_picked":["TightArray:ReiMu","OrbThrow:ReiMu"],"picked":"Crusade:ReiMu","floor":22.0},{"not_picked":["SubAcupoint:ReiMu","EmergencyTakeOff:ReiMu"],"picked":"AlertArray:ReiMu+1","floor":24.0},{"not_picked":["PassingAway:ReiMu","HakureiPhantom:ReiMu"],"picked":"MountainWay:ReiMu+1","floor":28.0},{"not_picked":["EmergencyTakeOff:ReiMu+1","TightArray:ReiMu"],"picked":"WonderfulDomain:ReiMu","floor":29.0},{"not_picked":["EmergencyTakeOff:ReiMu","MountainWay:ReiMu+1"],"picked":"MikOfLucky:ReiMu","floor":31.0},{"not_picked":["RunawayExorcism:ReiMu","Shading:ReiMu"],"picked":"HakureiPhantom:ReiMu","floor":33.0},{"not_picked":["SubAcupoint:ReiMu","AirStrike:ReiMu"],"picked":"Enchanting:ReiMu+1","floor":35.0},{"not_picked":["Amulet:ReiMu","SubAcupoint:ReiMu+1"],"picked":"PrayRite:ReiMu","floor":38.0},{"not_picked":["ForcedLanding:ReiMu","Amulet:ReiMu"],"picked":"UniversalSpiritual:ReiMu+1","floor":41.0},{"not_picked":["Dreaming2:ReiMu","OrbThrow:ReiMu"],"picked":"RainPray2:ReiMu+1","floor":42.0},{"not_picked":["SubAcupoint:ReiMu","RainPray2:ReiMu"],"picked":"SpringWay:ReiMu","floor":44.0},{"not_picked":["WonderfulDomain:ReiMu","MountainWay:ReiMu+1"],"picked":"SealNeedle:ReiMu+1","floor":47.0}],"player_experience":321464,"relics_obtained":[{"floor":9.0,"key":"Mummified Hand"},{"floor":17.0,"key":"AT_BladeRuinedKing"},{"floor":17.0,"key":"SumBook"},{"floor":17.0,"key":"Gambling Chip"},{"floor":24.0,"key":"Divine Protection"},{"floor":26.0,"key":"GodSword4"},{"floor":41.0,"key":"Dream Catcher"},{"floor":43.0,"key":"AT_MibuBalloonWealth"},{"floor":44.0,"key":"Torii"},{"floor":46.0,"key":"Ring of Greed"},{"floor":46.0,"key":"Blue Doll"},{"floor":46.0,"key":"The Courier"},{"floor":46.0,"key":"Ring of Hypnosis"}],"event_choices":[{"damage_healed":0.0,"max_hp_gain":0.0,"max_hp_loss":0.0,"gold_gain":0.0,"cards_transformed":["Strike_Lin:ReiMu"],"event_name":"Transmorgrifier","player_choice":"Transformed","floor":2.0,"gold_loss":0.0,"damage_taken":0.0,"cards_obtained":["PrepareRite:ReiMu"]},{"damage_healed":21.0,"max_hp_gain":0.0,"max_hp_loss":0.0,"gold_gain":0.0,"event_name":"Big Fish","player_choice":"Banana","floor":5.0,"gold_loss":0.0,"damage_taken":0.0},{"cards_removed":["CeremonyResonance:ReiMu"],"damage_healed":1.0,"max_hp_gain":10.0,"max_hp_loss":0.0,"gold_gain":0.0,"event_name":"Bonfire Elementals","player_choice":"Offered Rare","floor":19.0,"gold_loss":0.0,"damage_taken":0.0},{"damage_healed":0.0,"max_hp_gain":0.0,"max_hp_loss":0.0,"gold_gain":0.0,"event_name":"conspire:Investor","player_choice":"Invest 1","floor":25.0,"gold_loss":0.0,"damage_taken":0.0},{"damage_healed":0.0,"max_hp_gain":0.0,"max_hp_loss":0.0,"gold_gain":275.0,"event_name":"Golden Shrine","player_choice":"Desecrate","floor":27.0,"gold_loss":0.0,"damage_taken":0.0,"cards_obtained":["Regret"]},{"cards_removed":["SubcavityInstant:ReiMu"],"damage_healed":0.0,"max_hp_gain":0.0,"max_hp_loss":0.0,"gold_gain":0.0,"event_name":"Falling","player_choice":"Removed Skill","floor":39.0,"gold_loss":0.0,"damage_taken":0.0},{"damage_healed":0.0,"max_hp_gain":0.0,"max_hp_loss":0.0,"gold_gain":0.0,"event_name":"Mysterious Sphere","player_choice":"Fight","floor":44.0,"gold_loss":0.0,"damage_taken":0.0},{"damage_healed":0.0,"max_hp_gain":0.0,"max_hp_loss":0.0,"gold_gain":0.0,"event_name":"MindBloom","player_choice":"Upgrade","floor":48.0,"gold_loss":0.0,"damage_taken":0.0,"cards_upgraded":["AT_DrawKnifeCut","ShadowOfCrow2:ReiMu","EmergencyTakeOff:ReiMu","RainPray2:ReiMu","CeremonyResonance:ReiMu","PrayRite:ReiMu","SubcavityFantasy:ReiMu","OctopathSalyBorderN:ReiMu","SubcavityFantasy:ReiMu","BlastKick2:ReiMu","SpringWay:ReiMu","Crusade:ReiMu","conspire:SpireCoStock","WonderfulDomain:ReiMu","InherentArray:ReiMu","PrayRite:ReiMu","SpringWay:ReiMu"],"relics_obtained":["Mark of the Bloom"]}],"is_beta":false,"boss_relics":[{"not_picked":["Black Star","Snecko Eye"],"picked":"Calling Bell"},{"not_picked":["conspire:RunicOctahedron","AT_MortalBlade"],"picked":"AT_TrinityForce"}],"items_purged_floors":[10,30],"is_endless":false,"potions_floor_spawned":[14,18,28,31,38,41],"killed_by":"Shield and Spear","ascension_level":0}}