{"host":"0cnf9zf1gia27zti","time":1609470349,"event":{"mods":["BaseMod","BetterRewards","Card Forge","Colored Map","Colored Powertips","Conspire","Downfall","Googly Eyes","Minty Spire (QoL Compilation)","Practice Mode","Quick Restart","Replay The Spire","Shade Mod","Spicy Shops","StSLib"],"gold_per_floor":[141,180,42,87,137,221,49,139,175,289,301,394,463,526,538,772,784,853,202,244,292,46,46,148,184,184,34,82,166,223,11,11,239,239,269,269,269,317,56,131,182,263,263,347,422,422,503,584,584,584,584],"floor_reached":52,"playtime":5024,"items_purged":[],"score":2586,"play_id":"3f45b5b5-fc50-48fd-a7ae-ef22636ad999","local_time":"20210101030549","daily_mods":["SealedDeck","Heirloom","downfall:Lament","DeadlyEvents","Elite Swarm","Midas"],"is_ascension_mode":true,"campfire_choices":[{"floor":15,"key":"REST"},{"floor":23,"key":"REST"},{"floor":32,"key":"REST"},{"floor":49,"key":"REST"}],"circlet_count":0,"master_deck":["AscendersBane","Redo+1","Barrage","BasicCrystalCard+1","Lockon","Defragment+1","ReplayTheSpireMod:Calculation Training+1","Steam","Leap+1","Reinforced Body","Conserve Battery","Sweeping Beam+1","Panic Button","Electrodynamics+1","Zap+1","Reboot+1","Creative AI+1","Meteor Strike","BootSequence","Sweeping Beam","Heatsinks+1","Steam+1","Creative AI+1","Crystallizer","Meteor Strike","Tempest","Self Repair+1","Sweeping Beam","FIFO Queue+1","Crystallizer+1","Echo Form+1","Panic Button","Self Repair+1","Amplify+1","Sweeping Beam","Creative AI+1","Glacier","Defragment+1","Echo Form+1","Fission+1","Meteor Strike"],"relics":["Cracked Core","Hammer of Thor","Seething Fire","Anvil of the Gods","NeowsBlessing","Ring of Chaos","Du-Vu Doll","Mummified Hand","Replay:Rubber Ducky","Runic Capacitor","MawBank","Replay:Baseball","Potion Belt","MealTicket","Prayer Wheel","SacredBark","Replay:Wax Seal","Frozen Egg 2","War Paint","Replay:Multitool","Emotion Chip","Pen Nib","PrismaticShard","Ring of Chaos","DollysMirror","Replay:Antivirus Software","Toxic Egg 2","ReplayTheSpireMod:Ninjato","Prayer Wheel","The Courier","Cables","StoneCalendar"],"acts_visited":["Exordium","TheCity","TheBeyond"],"potions_floor_usage":[16,16,29,33,35,40,42,44,50,50],"damage_taken":[{"damage":0,"enemies":"Jaw Worm","floor":1,"turns":1},{"damage":0,"enemies":"Cultist","floor":2,"turns":1},{"damage":0,"enemies":"2 Louse","floor":4,"turns":1},{"damage":15,"enemies":"3 Sentries","floor":6,"turns":8},{"damage":0,"enemies":"Lagavulin","floor":8,"turns":3},{"damage":0,"enemies":"3 Sentries","floor":10,"turns":3},{"damage":0,"enemies":"Lagavulin","floor":12,"turns":3},{"damage":13,"enemies":"Blue Slaver","floor":13,"turns":2},{"damage":0,"enemies":"Exordium Thugs","floor":14,"turns":2},{"damage":0,"enemies":"The Guardian","floor":16,"turns":5},{"damage":0,"enemies":"Chosen","floor":18,"turns":4},{"damage":0,"enemies":"Spheric Guardian","floor":20,"turns":2},{"damage":16,"enemies":"Centurion and Healer","floor":21,"turns":3},{"damage":13,"enemies":"Gremlin Leader","floor":24,"turns":5},{"damage":5,"enemies":"Sentry and Sphere","floor":25,"turns":3},{"damage":0,"enemies":"3 Cultists","floor":28,"turns":2},{"damage":15,"enemies":"Book of Stabbing","floor":29,"turns":3},{"damage":43,"enemies":"Chosen and Byrds","floor":30,"turns":4},{"damage":7,"enemies":"conspire:MysteriousRune","floor":33,"turns":3},{"damage":32,"enemies":"3 Darklings","floor":35,"turns":3},{"damage":8,"enemies":"Orb Walker","floor":38,"turns":3},{"damage":8,"enemies":"Reptomancer","floor":40,"turns":3},{"damage":0,"enemies":"Writhing Mass","floor":41,"turns":4},{"damage":0,"enemies":"R_Hoarder","floor":42,"turns":3},{"damage":39,"enemies":"Reptomancer","floor":44,"turns":5},{"damage":23,"enemies":"Nemesis","floor":45,"turns":5},{"damage":0,"enemies":"Giant Head","floor":48,"turns":4},{"damage":11,"enemies":"conspire:OrnateMirror","floor":50,"turns":3},{"damage":21,"enemies":"Donu and Deca","floor":51,"turns":3}],"seed_played":"-4299190974364481591","potions_obtained":[{"floor":6,"key":"GamblersBrew"},{"floor":12,"key":"Swift Potion"},{"floor":14,"key":"Weak Potion"},{"floor":16,"key":"Elixir"},{"floor":20,"key":"CultistPotion"},{"floor":21,"key":"Energy Potion"},{"floor":28,"key":"LiquidBronze"},{"floor":30,"key":"Reflective Coating"},{"floor":33,"key":"Guardian:BlockOnCardUsePotion"},{"floor":38,"key":"GamblersBrew"},{"floor":41,"key":"Strength Potion"},{"floor":45,"key":"Fire Potion"}],"is_trial":true,"path_per_floor":["M","M","$","M","?","E","$","E","T","E","$","E","M","M","R","B",null,"M","$","M","M","$","R","E","M","T","$","M","E","M","$","R","B",null,"M","?","$","M","$","E","M","E","T","E","E","R","T","E","R","B","B",null],"character_chosen":"DEFECT","items_purchased":["Mummified Hand","Runic Capacitor","Crystallizer","Meteor Strike","Replay:Wax Seal","Frozen Egg 2","Tempest","Crystallizer+1","War Paint","Self Repair+1","Creative AI+1","PrismaticShard","Defragment+1","DollysMirror"],"campfire_rested":4,"item_purchase_floors":[3,7,19,19,19,19,19,22,22,27,31,31,39,39],"current_hp_per_floor":[64,64,64,64,64,49,49,49,49,49,49,49,36,36,57,57,68,68,71,71,55,70,71,68,71,71,71,71,66,23,38,59,71,71,69,69,71,63,71,71,71,71,71,71,71,71,71,71,71,71,71],"gold":584,"neow_bonus":"","is_daily":false,"chose_seed":false,"campfire_upgraded":0,"win_rate":0.0,"timestamp":1609470349,"path_taken":["M","M","$","M","?","E","$","E","T","E","$","E","M","M","R","BOSS","M","$","?","?","$","R","?","M","T","?","M","E","M","$","R","BOSS","M","?","$","M","$","E","?","E","T","E","?","R","?","?","R","BOSS","BOSS"],"items_purchased_type":["Relic","Relic","Card","Card","Relic","Relic","Card","Card","Relic","Card","Card","Relic","Card","Relic"],"build_version":"2020-12-22","purchased_purges":0,"victory":true,"max_hp_per_floor":[71,71,71,71,71,71,71,71,71,71,71,71,71,71,71,71,71,71,71,71,71,71,71,71,71,71,71,71,71,71,71,71,71,71,71,71,71,71,71,71,71,71,71,71,71,71,71,71,71,71,71],"card_choices":[{"not_picked":["Go for the Eyes","Steam Power"],"picked":"Sweeping Beam","floor":1},{"not_picked":["Turbo","Beam Cell"],"picked":"Panic Button","floor":2},{"not_picked":["Beam Cell","Turbo","Stack"],"picked":"SKIP","floor":4},{"not_picked":["Rainbow","Seek"],"picked":"Electrodynamics","floor":6},{"not_picked":["Hyperbeam","Biased Cognition"],"picked":"Reboot","floor":8},{"not_picked":["Biased Cognition","Rainbow"],"picked":"Creative AI","floor":10},{"not_picked":["Multi-Cast","Creative AI"],"picked":"ReplayTheSpireMod:Fabricate Wheel","floor":12},{"not_picked":["Go for the Eyes","Conserve Battery"],"picked":"BootSequence","floor":13},{"not_picked":["Doom and Gloom","Hello World"],"picked":"Sweeping Beam","floor":13},{"not_picked":["Gash","Leap"],"picked":"Heatsinks","floor":14},{"not_picked":["Undo","Beam Cell"],"picked":"Steam","floor":14},{"not_picked":["Mirror Shield","Core Surge"],"picked":"Creative AI","floor":16},{"not_picked":["FTL","Beam Cell+1","Steam Power"],"picked":"SKIP","floor":18},{"not_picked":["Beam Cell","Streamline+1","Reprogram"],"picked":"SKIP","floor":18},{"not_picked":["Hologram","Coolheaded"],"picked":"Self Repair+1","floor":20},{"not_picked":["BasicCrystalCard","Rebound+1"],"picked":"Sweeping Beam","floor":20},{"not_picked":["Lockon","Barrage"],"picked":"FIFO Queue+1","floor":21},{"not_picked":["FTL","Ball Lightning","Stack"],"picked":"SKIP","floor":21},{"not_picked":["Meteor Strike","Reboot"],"picked":"Echo Form+1","floor":24},{"not_picked":["Sweeping Beam","Streamline"],"picked":"Panic Button","floor":25},{"not_picked":["Cold Snap","Blizzard","Melter"],"picked":"SKIP","floor":25},{"not_picked":["Barrage","Skim","Compile Driver"],"picked":"SKIP","floor":28},{"not_picked":["Go for the Eyes","ReplaySolidLightProjector","Stack"],"picked":"SKIP","floor":28},{"not_picked":["Thunder Strike","Reboot"],"picked":"Amplify","floor":29},{"not_picked":["ReplayTheSpireMod:System Scan","Stack+1"],"picked":"Sweeping Beam","floor":30},{"not_picked":["Go for the Eyes","ReplaySolidLightProjector","Hologram"],"picked":"SKIP","floor":30},{"not_picked":["Slimebound:PressTheAttack","sneckomod:DiceBoulder+1"],"picked":"Glacier","floor":35},{"not_picked":["Shade:FingerOfDeath","Guardian:Harden+1","sneckomod:RainOfDice+1"],"picked":"SKIP","floor":35},{"not_picked":["Headbutt+1","Go for the Eyes","Shade:BoneShards+1"],"picked":"SKIP","floor":38},{"not_picked":["Flex","hexamod:SpectersWail","Shade:SpontaneousRitual"],"picked":"SKIP","floor":38},{"not_picked":["Immolate","Corpse Explosion","Guardian:HyperBeam_Guardian"],"picked":"SKIP","floor":40},{"not_picked":["Dark Embrace+1","Underhanded Strike+1","Ball Lightning"],"picked":"SKIP","floor":41},{"not_picked":["Clothesline+1","Slimebound:SlimeBarrage+1","sneckomod:UnknownWeak"],"picked":"SKIP","floor":41},{"not_picked":["Hyperbeam","Shade:Tombstone"],"picked":"Fission+1","floor":42},{"not_picked":["Corpse Explosion+1","champ:SteelEdge","Grand Finale"],"picked":"SKIP","floor":44},{"not_picked":["Guardian:BaubleBeam","Limit Break+1","Phantasmal Killer+1"],"picked":"SKIP","floor":45},{"not_picked":["Berserk+1","Grand Finale"],"picked":"Meteor Strike","floor":48}],"player_experience":2825336,"relics_obtained":[{"floor":6,"key":"Replay:Rubber Ducky"},{"floor":8,"key":"MawBank"},{"floor":9,"key":"Replay:Baseball"},{"floor":10,"key":"Potion Belt"},{"floor":12,"key":"MealTicket"},{"floor":24,"key":"Replay:Multitool"},{"floor":26,"key":"Emotion Chip"},{"floor":29,"key":"Pen Nib"},{"floor":40,"key":"Replay:Antivirus Software"},{"floor":42,"key":"Toxic Egg 2"},{"floor":43,"key":"ReplayTheSpireMod:Ninjato"},{"floor":44,"key":"Prayer Wheel"},{"floor":45,"key":"The Courier"},{"floor":47,"key":"Cables"},{"floor":48,"key":"StoneCalendar"}],"event_choices":[{"damage_healed":0,"gold_gain":50,"player_choice":"Pray","damage_taken":0,"max_hp_gain":0,"max_hp_loss":0,"event_name":"Golden Shrine","floor":5,"gold_loss":0}],"is_beta":false,"boss_relics":[{"not_picked":["sneckomod:SneckoTalon","conspire:SeveredTorchhead"],"picked":"SacredBark"},{"not_picked":["Sozu","Kintsugi"],"picked":"Ring of Chaos"}],"items_purged_floors":[],"is_endless":false,"potions_floor_spawned":[6,12,14,16,20,21,28,30,33,38,41,45],"ascension_level":20}}