{"host":"i09pxcjttd31eh4q","time":1609524383,"event":{"mods":["AchievementEnabler","BaseMod","Colored Map","Keyboard Shortcuts","Minty Spire (QoL Compilation)","StSLib","SuperFastMode"],"gold_per_floor":[109,122,47,47,47,82,99,131,157,167,167,167,167],"floor_reached":12,"playtime":161,"items_purged":[],"score":226,"play_id":"4cd6d715-cfed-4414-9bfb-56f55a34fc6f","local_time":"20210102030623","is_ascension_mode":true,"campfire_choices":[{"data":"Eruption","floor":11,"key":"SMITH"}],"circlet_count":0,"master_deck":["AscendersBane","Strike_P","Strike_P","Strike_P","Defend_P","Defend_P","Defend_P","Eruption+1","Vigilance","PathToVictory","EmptyFist","Protect"],"relics":["PureWater","NeowsBlessing","Bag of Preparation","Vajra","Happy Flower"],"acts_visited":["Exordium"],"potions_floor_usage":[12],"damage_taken":[{"damage":0,"enemies":"Jaw Worm","floor":1,"turns":1},{"damage":0,"enemies":"2 Louse","floor":2,"turns":2},{"damage":0,"enemies":"3 Sentries","floor":6,"turns":1},{"damage":0,"enemies":"Cultist","floor":7,"turns":2},{"damage":32,"enemies":"Gremlin Nob","floor":8,"turns":4},{"damage":6,"enemies":"Looter","floor":10,"turns":3},{"damage":38,"enemies":"3 Sentries","floor":12,"turns":5}],"seed_played":"-5605328094551927432","potions_obtained":[{"floor":7,"key":"SpeedPotion"},{"floor":8,"key":"EssenceOfSteel"},{"floor":10,"key":"ColorlessPotion"}],"is_trial":false,"path_per_floor":["M","M","?","?","?","E","M","E","T","M","R","E"],"character_chosen":"WATCHER","items_purchased":[],"campfire_rested":0,"item_purchase_floors":[],"current_hp_per_floor":[61,61,61,61,61,61,61,29,29,23,23,0,0],"gold":167,"neow_bonus":"THREE_ENEMY_KILL","is_daily":false,"chose_seed":false,"campfire_upgraded":1,"win_rate":0.0,"timestamp":1609524383,"path_taken":["M","M","?","?","?","E","M","E","T","M","R","E"],"items_purchased_type":[],"build_version":"2020-12-22","purchased_purges":0,"victory":false,"max_hp_per_floor":[68,68,68,68,68,68,68,68,68,68,68,68,68],"card_choices":[{"not_picked":["Evaluate","LikeWater"],"picked":"PathToVictory","floor":1},{"not_picked":["Halt","ClearTheMind","SashWhip"],"picked":"SKIP","floor":2},{"not_picked":["CutThroughFate","Protect"],"picked":"EmptyFist","floor":6},{"not_picked":["Blasphemy","FollowUp","Vengeance"],"picked":"SKIP","floor":7},{"not_picked":["EmptyFist","Nirvana","Halt"],"picked":"SKIP","floor":8},{"not_picked":["CutThroughFate","Fasting2"],"picked":"Protect","floor":10}],"player_experience":817793,"relics_obtained":[{"floor":6,"key":"Bag of Preparation"},{"floor":8,"key":"Vajra"},{"floor":9,"key":"Happy Flower"}],"event_choices":[{"cards_removed":["Strike_P"],"damage_healed":0,"gold_gain":0,"player_choice":"Card Removal","damage_taken":0,"max_hp_gain":0,"max_hp_loss":0,"event_name":"The Cleric","floor":3,"gold_loss":75},{"damage_healed":0,"gold_gain":0,"player_choice":"Ignored","damage_taken":0,"max_hp_gain":0,"max_hp_loss":0,"event_name":"Liars Game","floor":4,"gold_loss":0},{"cards_removed":["Defend_P"],"damage_healed":0,"gold_gain":0,"player_choice":"Offered Basic","damage_taken":0,"max_hp_gain":0,"max_hp_loss":0,"event_name":"Bonfire Elementals","floor":5,"gold_loss":0}],"is_beta":false,"boss_relics":[],"items_purged_floors":[],"is_endless":false,"potions_floor_spawned":[7,8,10],"killed_by":"3 Sentries","ascension_level":20}}