{"host":"6pfj0wha12yu6wq3","time":1609501136,"event":{"mods":["BaseMod","Colored Map","Colored Powertips","Curses Come First","DeckTracker","Minty Spire (QoL Compilation)","RNG Fix","Relic Sorter","Relic Stats","StSLib","ojb\u0027s Better Paths Mod","ojb\u0027s Info Mod"],"gold_per_floor":[115,126,139,139,154,178,178,198,198,236,236,249,268,302,302,395,395,413,436,18,39,39,78,78,105,105,133,133,165,35,55,55,143,143,154,180,22,47,56,82,82,112,138,159,203,223,250,276,276,276,276,276,276,40,83,83,83],"floor_reached":56,"playtime":5762,"items_purged":["Strike_G","Masterful Stab"],"score":2136,"play_id":"cddd1825-8624-4ebf-b20f-89d6887a5e5b","local_time":"20210101063856","is_ascension_mode":true,"campfire_choices":[{"data":"All Out Attack","floor":7.0,"key":"SMITH"},{"floor":11.0,"key":"REST"},{"data":"Wraith Form v2","floor":15.0,"key":"SMITH"},{"data":"Outmaneuver","floor":24,"key":"SMITH"},{"data":"1","floor":28,"key":"LIFT"},{"data":"2","floor":32,"key":"LIFT"},{"floor":41,"key":"RECALL"},{"data":"Wraith Form v2","floor":49,"key":"SMITH"},{"data":"Night Terror","floor":53,"key":"SMITH"}],"circlet_count":0,"master_deck":["AscendersBane","Strike_G","Strike_G","Strike_G","Defend_G","Defend_G","Defend_G","Defend_G","Survivor","Neutralize+1","Dodge and Roll","Caltrops","All Out Attack+1","Well Laid Plans","Wraith Form v2+1","Flying Knee+1","Blade Dance","Poisoned Stab","Die Die Die","Backstab","Bouncing Flask+1","Outmaneuver+1","Backstab","Venomology","Noxious Fumes","Terror","Night Terror+1","Noxious Fumes+1","Acrobatics","Flash of Steel","Backflip","Wraith Form v2+1","Reflex+1","PiercingWail+1","Catalyst","Doppelganger"],"relics":["Ring of the Snake","Bloody Idol","HornCleat","Ancient Tea Set","StrikeDummy","Runic Pyramid","Meat on the Bone","CeramicFish","Girya","Incense Burner","Ginger","Sozu","TwistedFunnel","Whetstone","Mummified Hand","StoneCalendar","Pen Nib","Bronze Scales","Art of War"],"acts_visited":["Exordium","TheCity","TheBeyond","TheEnding"],"potions_floor_usage":[23,27,31,33,33,56],"damage_taken":[{"damage":0.0,"enemies":"2 Louse","floor":1.0,"turns":4.0},{"damage":4.0,"enemies":"Jaw Worm","floor":2.0,"turns":7.0},{"damage":5.0,"enemies":"Cultist","floor":3.0,"turns":6.0},{"damage":3.0,"enemies":"2 Fungi Beasts","floor":5.0,"turns":3.0},{"damage":0.0,"enemies":"Large Slime","floor":6.0,"turns":6.0},{"damage":11.0,"enemies":"Red Slaver","floor":8.0,"turns":5.0},{"damage":25.0,"enemies":"Lagavulin","floor":10.0,"turns":8.0},{"damage":0.0,"enemies":"2 Fungi Beasts","floor":12.0,"turns":2.0},{"damage":0.0,"enemies":"Exordium Wildlife","floor":13.0,"turns":3.0},{"damage":20.0,"enemies":"3 Sentries","floor":14.0,"turns":10.0},{"damage":6.0,"enemies":"Slime Boss","floor":16.0,"turns":8.0},{"damage":4.0,"enemies":"3 Byrds","floor":18.0,"turns":6.0},{"damage":18.0,"enemies":"2 Thieves","floor":19.0,"turns":4.0},{"damage":9.0,"enemies":"Centurion and Healer","floor":21.0,"turns":6.0},{"damage":18,"enemies":"Gremlin Leader","floor":23,"turns":7},{"damage":28,"enemies":"Book of Stabbing","floor":25,"turns":6},{"damage":0,"enemies":"3 Cultists","floor":27,"turns":5},{"damage":18,"enemies":"Slavers","floor":29,"turns":6},{"damage":1,"enemies":"Snecko","floor":31,"turns":7},{"damage":25,"enemies":"Automaton","floor":33,"turns":11},{"damage":15,"enemies":"3 Darklings","floor":35,"turns":7},{"damage":12,"enemies":"3 Shapes","floor":36,"turns":4},{"damage":14,"enemies":"Spire Growth","floor":38,"turns":7},{"damage":16,"enemies":"Nemesis","floor":40,"turns":9},{"damage":3,"enemies":"Giant Head","floor":42,"turns":9},{"damage":0,"enemies":"Sphere and 2 Shapes","floor":44,"turns":5},{"damage":34,"enemies":"Nemesis","floor":45,"turns":7},{"damage":0,"enemies":"Jaw Worm Horde","floor":46,"turns":5},{"damage":26,"enemies":"Writhing Mass","floor":47,"turns":6},{"damage":3,"enemies":"Reptomancer","floor":48,"turns":7},{"damage":14,"enemies":"Time Eater","floor":50,"turns":14},{"damage":23,"enemies":"Donu and Deca","floor":51,"turns":10},{"damage":8,"enemies":"Shield and Spear","floor":55,"turns":9},{"damage":59,"enemies":"The Heart","floor":56,"turns":5}],"seed_played":"-8401477796922572486","potions_obtained":[{"floor":1.0,"key":"FearPotion"},{"floor":2.0,"key":"Block Potion"},{"floor":6.0,"key":"AttackPotion"},{"floor":10.0,"key":"Strength Potion"},{"floor":13.0,"key":"CunningPotion"},{"floor":16.0,"key":"Fruit Juice"},{"floor":19.0,"key":"ColorlessPotion"},{"floor":23,"key":"SmokeBomb"},{"floor":25,"key":"DistilledChaos"},{"floor":33,"key":"BlessingOfTheForge"}],"is_trial":false,"path_per_floor":["M","M","M","?","M","M","R","M","T","E","R","M","M","E","R","B",null,"M","M","$","M","?","E","R","E","T","M","R","E","$","M","R","B",null,"M","M","$","M","?","E","R","E","T","M","E","M","M","E","R","B","B",null,"R","$","E","B"],"character_chosen":"THE_SILENT","items_purchased":["Meat on the Bone","Poison Potion","Noxious Fumes","TwistedFunnel","Catalyst","Bronze Scales"],"campfire_rested":1,"item_purchase_floors":[20,20,30,37,54,54],"current_hp_per_floor":[59,55,50,50,47,47,47,36,36,11,27,27,27,7,7,1,41,37,19,24,27,27,31,31,20,20,42,42,41,46,55,55,40,54,44,42,42,50,45,46,46,48,53,59,47,57,41,43,43,41,30,52,52,57,59,0,0],"gold":83,"neow_bonus":"TRANSFORM_TWO_CARDS","is_daily":false,"chose_seed":false,"campfire_upgraded":5,"win_rate":0.0,"timestamp":1609501136,"path_taken":["M","M","M","?","M","M","R","?","T","E","R","M","M","E","R","BOSS","M","M","$","?","?","E","R","E","T","M","R","E","$","M","R","BOSS","M","M","$","M","?","E","R","E","T","?","E","M","M","E","R","BOSS","BOSS","R","$","E","BOSS"],"items_purchased_type":["Relic","Potion","Card","Relic","Card","Relic"],"build_version":"2020-12-22","purchased_purges":2,"victory":false,"max_hp_per_floor":[60,60,60,54,54,54,54,54,54,54,54,54,54,54,54,54,54,54,54,59,59,59,59,59,59,59,59,59,59,59,59,59,59,59,59,59,59,59,59,59,59,59,59,59,59,59,59,59,59,59,59,59,59,59,59,59,59],"relic_stats":{"counters":[34,224],"CeramicFish":126,"StoneCalendar":[226],"Pen Nib":[6],"Ginger":[10],"Whetstone":["Flying Knee","Neutralize"],"Sozu":17,"Mummified Hand":[76],"Bloody Idol":156,"Bronze Scales":[108],"Art of War":[1],"obtain_stats":[{"TwistedFunnel":37,"Girya":25,"Golden Idol":4,"CeramicFish":23,"StoneCalendar":45,"Pen Nib":48,"Incense Burner":26,"Ginger":29,"Whetstone":40,"Ancient Tea Set":10,"Sozu":34,"HornCleat":9,"Mummified Hand":42,"Bloody Idol":22,"Bronze Scales":54,"Art of War":55,"StrikeDummy":14,"Ring of the Snake":0,"Runic Pyramid":17,"Meat on the Bone":20},{"TwistedFunnel":22,"Girya":16,"Golden Idol":3,"CeramicFish":15,"StoneCalendar":27,"Pen Nib":30,"Incense Burner":16,"Ginger":18,"Whetstone":24,"Ancient Tea Set":7,"Sozu":20,"HornCleat":6,"Mummified Hand":25,"Bloody Idol":14,"Bronze Scales":32,"Art of War":33,"StrikeDummy":10,"Ring of the Snake":0,"Runic Pyramid":11,"Meat on the Bone":13},{"TwistedFunnel":131,"Girya":91,"Golden Idol":17,"CeramicFish":85,"StoneCalendar":168,"Pen Nib":186,"Incense Burner":91,"Ginger":102,"Whetstone":147,"Ancient Tea Set":39,"Sozu":120,"HornCleat":31,"Mummified Hand":156,"Bloody Idol":78,"Bronze Scales":210,"Art of War":219,"StrikeDummy":54,"Ring of the Snake":0,"Runic Pyramid":62,"Meat on the Bone":72}],"Ring of the Snake":[68],"Meat on the Bone":120},"card_choices":[{"not_picked":["Backflip","Prepared","Dodge and Roll"],"picked":"SKIP","floor":1.0},{"not_picked":["Deflect","Distraction","Prepared"],"picked":"SKIP","floor":2.0},{"not_picked":["Escape Plan","Backflip"],"picked":"Masterful Stab","floor":3.0},{"not_picked":["Dagger Spray","Bane"],"picked":"All Out Attack","floor":5.0},{"not_picked":["Distraction","Poisoned Stab"],"picked":"Well Laid Plans","floor":6.0},{"not_picked":["Calculated Gamble","All Out Attack"],"picked":"Wraith Form v2","floor":8.0},{"not_picked":["PiercingWail","Cloak And Dagger"],"picked":"Flying Knee","floor":10.0},{"not_picked":["Dash","Acrobatics"],"picked":"Blade Dance","floor":12.0},{"not_picked":["Flying Knee","Well Laid Plans"],"picked":"Poisoned Stab","floor":13.0},{"not_picked":["Tactician","PiercingWail","Dagger Throw"],"picked":"SKIP","floor":14.0},{"not_picked":["Unload","Envenom"],"picked":"Die Die Die","floor":16.0},{"not_picked":["Prepared","Crippling Poison"],"picked":"Backstab","floor":18.0},{"not_picked":["Poisoned Stab","Slice+1"],"picked":"Bouncing Flask+1","floor":19.0},{"not_picked":["Choke+1","Acrobatics"],"picked":"Outmaneuver","floor":21.0},{"not_picked":["Masterful Stab","Quick Slash"],"picked":"Backstab","floor":23},{"not_picked":["Flechettes","Blade Dance","Cloak And Dagger"],"picked":"SKIP","floor":25},{"not_picked":["Flechettes","Backstab"],"picked":"Venomology","floor":27},{"not_picked":["Predator","Blade Dance","Dodge and Roll"],"picked":"SKIP","floor":29},{"not_picked":["Finisher","Bane+1"],"picked":"Terror","floor":31},{"not_picked":["Venomology","Die Die Die"],"picked":"Night Terror","floor":33},{"not_picked":["All Out Attack+1","Sucker Punch","Dagger Throw"],"picked":"SKIP","floor":35},{"not_picked":["Dash","Infinite Blades"],"picked":"Noxious Fumes+1","floor":36},{"not_picked":["Masterful Stab","Accuracy"],"picked":"Acrobatics","floor":38},{"not_picked":["Impatience","Transmutation"],"picked":"Flash of Steel","floor":39},{"not_picked":["Dagger Throw","Noxious Fumes","Poisoned Stab"],"picked":"SKIP","floor":40},{"not_picked":["Bouncing Flask","Dagger Spray","Dodge and Roll"],"picked":"SKIP","floor":42},{"not_picked":["Sucker Punch","Heel Hook"],"picked":"Backflip","floor":44},{"not_picked":["Outmaneuver","Footwork"],"picked":"Wraith Form v2","floor":45},{"not_picked":["Deflect","Quick Slash"],"picked":"Reflex+1","floor":46},{"not_picked":["Infinite Blades","Well Laid Plans+1"],"picked":"PiercingWail+1","floor":47},{"not_picked":["Dodge and Roll+1","Bane+1","Accuracy"],"picked":"SKIP","floor":48},{"not_picked":["Bane","Cloak And Dagger"],"picked":"Doppelganger","floor":55}],"player_experience":65040,"relics_obtained":[{"floor":9.0,"key":"HornCleat"},{"floor":10.0,"key":"Ancient Tea Set"},{"floor":14.0,"key":"StrikeDummy"},{"floor":23,"key":"CeramicFish"},{"floor":25,"key":"Girya"},{"floor":26,"key":"Incense Burner"},{"floor":29,"key":"Ginger"},{"floor":40,"key":"Whetstone"},{"floor":42,"key":"Mummified Hand"},{"floor":45,"key":"StoneCalendar"},{"floor":48,"key":"Pen Nib"},{"floor":55,"key":"Art of War"}],"event_choices":[{"damage_healed":0.0,"max_hp_gain":0.0,"max_hp_loss":6.0,"gold_gain":0.0,"event_name":"Golden Idol","player_choice":"Lose Max HP","floor":4.0,"gold_loss":0.0,"damage_taken":0.0,"relics_obtained":["Golden Idol"]},{"damage_healed":0.0,"max_hp_gain":0.0,"max_hp_loss":0.0,"gold_gain":0.0,"event_name":"Forgotten Altar","player_choice":"Gave Idol","floor":22.0,"relics_lost":["Golden Idol"],"gold_loss":0.0,"damage_taken":0.0,"relics_obtained":["Bloody Idol"]},{"damage_healed":0,"gold_gain":0,"player_choice":"Memory 3","damage_taken":10,"max_hp_gain":0,"max_hp_loss":0,"event_name":"SensoryStone","floor":39,"gold_loss":0}],"is_beta":false,"boss_relics":[{"not_picked":["Ectoplasm","Cursed Key"],"picked":"Runic Pyramid"},{"not_picked":["SlaversCollar","Astrolabe"],"picked":"Sozu"}],"items_purged_floors":[20,30],"is_endless":false,"potions_floor_spawned":[1,2,6,10,13,16,19,23,25,33,35,38,40,46,48,55],"killed_by":"The Heart","ascension_level":20}}