{"host":"5lhqv34qsybwndcz","time":1613394475,"event":{"mods":["AchievementEnabler","BaseMod","Colored Map","Colored Powertips","Downfall","Minty Spire (QoL Compilation)","Quick Restart","Replay The Spire","StSLib"],"gold_per_floor":[109,122,122,133,153,153,228,228,255,255,266,296,296,150,150,251,251,261,280,280,280,331,331,362,362,362,362,362,362,362,372,372,39,39,143,143,162,121,121,121,21,21,32,42,42,72,72,84,84,84,84,84],"floor_reached":53,"language":"ENG","playtime":2258,"items_purged":["Replay:Hysterical Blindness","downfall:Malfunctioning"],"score":724,"play_id":"040f11c4-ade2-4725-9f2f-3b40b9b9c128","local_time":"20210215150755","is_ascension_mode":false,"campfire_choices":[{"data":"Dagger Spray","floor":6,"key":"SMITH"},{"data":"Bash","floor":10,"key":"SMITH"},{"data":"Dagger Spray","floor":13,"key":"SMITH"},{"data":"Dash","floor":23,"key":"SMITH"},{"floor":25,"key":"REST"},{"floor":27,"key":"REST"},{"floor":34,"key":"REST"},{"data":"Dash","floor":42,"key":"SMITH"},{"floor":47,"key":"REST"},{"floor":49,"key":"REST"},{"data":"Adrenaline","floor":51,"key":"SMITH"}],"circlet_count":0,"master_deck":["Strike_G","Strike_G+1","Strike_G","Strike_G","Strike_G","Defend_G","Defend_G","Defend_G+1","Defend_G","Defend_G","Survivor+1","Neutralize+1","Defend_G+1","Bash+1","Backflip","Dagger Throw","Backflip","Dagger Spray+1","Dagger Spray+1","Unload","ReplayTheSpireMod:From All Sides+1","Acrobatics","Dash+1","Delirium","Dagger Spray+1","Delirium","downfall:Bewildered","Caltrops+1","Dash+1","Panache","Phantasmal Killer","Flying Knee+1","Dash+1","Delirium","Madness","Discovery","Chrysalis","Dagger Spray","Heel Hook+1","Adrenaline+1","Parasite","PiercingWail+1","Madness","Madness"],"relics":["Ring of the Snake","FossilizedHelix","War Paint","Potion Belt","Blue Doll","Ring of Chaos","downfall:ExtraCursedKey","Art of War","Gremlin Food","Bag of Preparation","sneckomod:BabySnecko","Enchiridion","ChewingGum","Ring of Misfortune","Ring of Hypnosis","Onion Ring"],"acts_visited":["Exordium","TheCity","TheBeyond"],"potions_floor_usage":[5,12,16,16,19,31,35,52],"damage_taken":[{"damage":0,"enemies":"Small Slimes","floor":1,"turns":5},{"damage":0,"enemies":"Cultist","floor":2,"turns":5},{"damage":0,"enemies":"Jaw Worm","floor":4,"turns":3},{"damage":0,"enemies":"3 Louse","floor":5,"turns":1},{"damage":0,"enemies":"Blue Slaver","floor":11,"turns":4},{"damage":0,"enemies":"3 Sentries","floor":12,"turns":6},{"damage":36,"enemies":"Hexaghost","floor":16,"turns":12},{"damage":6,"enemies":"Chosen","floor":18,"turns":7},{"damage":0,"enemies":"Spheric Guardian","floor":19,"turns":3},{"damage":31,"enemies":"Slavers","floor":24,"turns":6},{"damage":0,"enemies":"3 Cultists","floor":31,"turns":5},{"damage":38,"enemies":"Pondfish","floor":35,"turns":11},{"damage":0,"enemies":"Orb Walker","floor":37,"turns":2},{"damage":0,"enemies":"3 Shapes","floor":43,"turns":2},{"damage":0,"enemies":"Spire Growth","floor":44,"turns":3},{"damage":31,"enemies":"Giant Head","floor":46,"turns":10},{"damage":0,"enemies":"Writhing Mass","floor":48,"turns":4},{"damage":28,"enemies":"Replay:Hell Engine","floor":52,"turns":12}],"seed_played":"8359177031358727632","potions_obtained":[{"floor":1,"key":"Explosive Potion"},{"floor":2,"key":"Explosive Potion"},{"floor":11,"key":"Regen Potion"},{"floor":12,"key":"Strength Potion"},{"floor":16,"key":"DuplicationPotion"},{"floor":24,"key":"CunningPotion"},{"floor":31,"key":"Strength Potion"},{"floor":44,"key":"Toxic Potion"}],"is_trial":false,"path_per_floor":["M","M","?","M","M","R","?","$","T","R","M","E","R","$","R_BF","B",null,"M","M","?","?","T","R","E","R","T","R","?","PTL","PTL","M","?","$","R","B",null,"M","$","?","?","$","R","M","M","T","E","R","M","R","?","R","B",null],"character_chosen":"THE_SILENT","items_purchased":["Blue Doll","Dash","Panache","Dash+1"],"campfire_rested":5,"item_purchase_floors":[14,33,33,38],"current_hp_per_floor":[70,70,70,70,70,70,59,59,59,59,59,59,59,59,59,35,70,64,64,64,64,64,64,33,54,54,70,70,70,70,70,54,54,70,32,70,70,70,70,60,60,60,60,60,60,29,50,50,70,61,61,33],"gold":84,"neow_bonus":"ONE_RARE_RELIC","is_daily":false,"chose_seed":false,"campfire_upgraded":6,"win_rate":0.0,"timestamp":1613394475,"path_taken":["M","M","?","M","?","R","?","$","T","R","M","E","R","$","R_BF","BOSS","M","M","?","?","?","R","E","R","T","R","?","PTL","PTL","M","?","$","R","BOSS","M","$","?","?","$","R","M","M","T","E","R","M","R","?","R","BOSS"],"items_purchased_type":["Relic","Card","Card","Card"],"build_version":"2020-12-22","purchased_purges":2,"victory":true,"max_hp_per_floor":[70,70,70,70,70,70,70,70,70,70,70,70,70,70,70,70,70,70,70,70,70,70,70,70,70,70,70,70,70,70,70,70,70,70,70,70,70,70,70,70,70,70,70,70,70,70,70,70,70,70,70,70],"card_choices":[{"not_picked":["Endless Agony","Masterful Stab"],"picked":"Backflip","floor":1},{"not_picked":["Deflect","Expertise"],"picked":"Dagger Throw","floor":2},{"not_picked":["Catalyst","Endless Agony"],"picked":"Backflip","floor":4},{"not_picked":["Flying Knee","Infinite Blades"],"picked":"Dagger Spray","floor":5},{"not_picked":["Outmaneuver","Deflect"],"picked":"Dagger Spray","floor":11},{"not_picked":["Deflect","Leg Sweep"],"picked":"Unload","floor":12},{"not_picked":["Corpse Explosion","Unload"],"picked":"ReplayTheSpireMod:From All Sides","floor":16},{"not_picked":["Prepared","Accuracy"],"picked":"Acrobatics","floor":18},{"not_picked":["Replay:Poison Smokescreen","Finisher+1"],"picked":"Dash","floor":19},{"not_picked":["Prepared","Deadly Poison"],"picked":"Dagger Spray+1","floor":24},{"not_picked":["All Out Attack","ReplayTheSpireMod:Shiv Toss"],"picked":"Caltrops","floor":31},{"not_picked":["ReplayTheSpireMod:From All Sides","Corpse Explosion"],"picked":"Phantasmal Killer","floor":35},{"not_picked":["Slice+1","Endless Agony"],"picked":"Flying Knee+1","floor":37},{"not_picked":["Replay:Sssssssssstrike","Panacea"],"picked":"Madness","floor":40},{"not_picked":["Forethought","Blind"],"picked":"Discovery","floor":40},{"not_picked":["Discovery","Finesse"],"picked":"Chrysalis","floor":40},{"not_picked":["Expertise","Dagger Throw+1"],"picked":"Dagger Spray","floor":43},{"not_picked":["Hidden Blade","Blade Dance+1"],"picked":"Heel Hook+1","floor":44},{"not_picked":["Tactician+1","Dodge and Roll"],"picked":"Adrenaline","floor":46},{"not_picked":["Caltrops","Hidden Blade"],"picked":"PiercingWail+1","floor":48}],"player_experience":74829,"relics_obtained":[{"floor":9,"key":"War Paint"},{"floor":12,"key":"Potion Belt"},{"floor":22,"key":"Art of War"},{"floor":24,"key":"Gremlin Food"},{"floor":26,"key":"Bag of Preparation"},{"floor":32,"key":"Enchiridion"},{"floor":39,"key":"Ring of Misfortune"},{"floor":39,"key":"Ring of Hypnosis"},{"floor":46,"key":"Onion Ring"}],"event_choices":[{"damage_healed":0,"gold_gain":0,"player_choice":"Ignored","damage_taken":0,"max_hp_gain":0,"max_hp_loss":0,"event_name":"Purifier","floor":3,"gold_loss":0},{"damage_healed":0,"gold_gain":75,"player_choice":"Gather Gold","damage_taken":11,"max_hp_gain":0,"max_hp_loss":0,"event_name":"World of Goop","floor":7,"gold_loss":0},{"damage_healed":0,"gold_gain":0,"player_choice":"Leave","damage_taken":0,"max_hp_gain":0,"max_hp_loss":0,"event_name":"The Cleric","floor":15,"gold_loss":0},{"damage_healed":0,"gold_gain":0,"player_choice":"Obtained Book","damage_taken":16,"max_hp_gain":0,"max_hp_loss":0,"event_name":"Cursed Tome","floor":32,"gold_loss":0},{"damage_healed":0,"gold_gain":0,"player_choice":"Memory 3","damage_taken":10,"max_hp_gain":0,"max_hp_loss":0,"event_name":"SensoryStone","floor":40,"gold_loss":0},{"damage_healed":0,"gold_gain":0,"player_choice":"Embrace Madness","damage_taken":9,"max_hp_gain":0,"max_hp_loss":0,"event_name":"Winding Halls","floor":50,"gold_loss":0,"cards_obtained":["Madness","Madness"]}],"is_beta":false,"boss_relics":[{"not_picked":["Velvet Choker","Coffee Dripper"],"picked":"Ring of Chaos"},{"not_picked":["Snecko Scales","Pandora\u0027s Box"],"picked":"ChewingGum"}],"items_purged_floors":[33,41],"is_endless":false,"potions_floor_spawned":[1,2,11,12,16,24,31,44],"ascension_level":0}}