{"host":"knk89g45d3vzr5fm","time":1613413931,"event":{"mods":["2.2 Compatiblity","BaseMod","Downfall","Minty Spire (QoL Compilation)","Relic Stats","Reliquary","Replay The Spire","StSLib","The Marked"],"gold_per_floor":[99,119,219,232,332,360,360,360,360,378,404,422,422,452,466,466,466,466],"floor_reached":16,"language":"FRA","playtime":537,"items_purged":[],"score":205,"play_id":"f937c4ba-f634-4374-98b0-60dbe9c1843d","local_time":"20210215193211","is_ascension_mode":true,"campfire_choices":[{"floor":8,"key":"REST"}],"circlet_count":0,"master_deck":["AscendersBane","sneckomod:Strike","sneckomod:Strike","sneckomod:Strike","sneckomod:Defend","sneckomod:Defend","sneckomod:Defend","sneckomod:TailWhip","sneckomod:SnekBite","sneckomod:Unknown","Static Discharge","sneckomod:Unknown1Cost","sneckomod:Unknown1Cost","sneckomod:Memorize","sneckomod:DiceBlock","sneckomod:UnknownClassGREEN","sneckomod:WideSting","sneckomod:UnknownDexterity","sneckomod:Unknown0Cost"],"relics":["sneckomod:SneckoSoul","Omamori","reliquary:Firecrackers","Pear","CaptainsWheel"],"acts_visited":["Exordium"],"potions_floor_usage":[10,11,14,14,15,16],"damage_taken":[{"damage":0,"enemies":"Small Slimes","floor":2,"turns":3},{"damage":1,"enemies":"Cultist","floor":4,"turns":4},{"damage":60,"enemies":"3 Sentries","floor":6,"turns":9},{"damage":2,"enemies":"Jaw Worm","floor":10,"turns":4},{"damage":16,"enemies":"Gremlin Nob","floor":11,"turns":3},{"damage":14,"enemies":"2 Fungi Beasts","floor":12,"turns":4},{"damage":19,"enemies":"Lagavulin","floor":14,"turns":7},{"damage":2,"enemies":"Blue Slaver","floor":15,"turns":4},{"damage":23,"enemies":"WA_ARCHETYPE_RETAIN","floor":16,"turns":4}],"seed_played":"-4885551632218397403","potions_obtained":[{"floor":6,"key":"Strength Potion"},{"floor":6,"key":"EssenceOfSteel"},{"floor":9,"key":"Guardian:BlockOnCardUsePotion"},{"floor":9,"key":"champ:CounterPotion"},{"floor":10,"key":"Languid Potion"},{"floor":12,"key":"LiquidMemories"},{"floor":15,"key":"hexamod:SoulburnPotion"}],"is_trial":false,"path_per_floor":["R","M","?","M","?","E","T","R","?","M","E","M","T","E","M","B"],"character_chosen":"THE_SNECKO","items_purchased":[],"campfire_rested":1,"item_purchase_floors":[],"current_hp_per_floor":[90,90,90,89,89,29,29,58,58,56,50,36,36,17,15,0,0,0],"gold":466,"neow_bonus":"TEN_PERCENT_HP_BONUS","is_daily":false,"chose_seed":false,"campfire_upgraded":0,"win_rate":0.0,"timestamp":1613413931,"path_taken":["R","M","?","M","?","E","T","R","?","M","E","?","?","E","M","BOSS"],"items_purchased_type":[],"build_version":"2020-12-22","purchased_purges":0,"victory":false,"max_hp_per_floor":[99,99,99,99,99,99,99,99,99,99,109,109,109,109,109,109,109,109],"relic_stats":{"counters":[9,42],"obtain_stats":[{"CaptainsWheel":14,"Pear":11,"reliquary:Firecrackers":7,"Omamori":6,"sneckomod:SneckoSoul":0},{"CaptainsWheel":7,"Pear":5,"reliquary:Firecrackers":3,"Omamori":3,"sneckomod:SneckoSoul":0},{"CaptainsWheel":34,"Pear":23,"reliquary:Firecrackers":16,"Omamori":16,"sneckomod:SneckoSoul":0}]},"card_choices":[{"not_picked":["sneckomod:UnknownClassTHE_BRONZE_AUTOMATON","sneckomod:UnknownVulnerable"],"picked":"sneckomod:Unknown1Cost","floor":2},{"not_picked":["sneckomod:DiceCrush","sneckomod:WideSting"],"picked":"sneckomod:Unknown1Cost","floor":4},{"not_picked":["sneckomod:UnknownClassRED","sneckomod:DiceBlock"],"picked":"sneckomod:Memorize","floor":6},{"not_picked":["sneckomod:UnknownClassBLUE","sneckomod:TrashToTreasure"],"picked":"sneckomod:DiceBlock","floor":10},{"not_picked":["sneckomod:UnknownStrike","sneckomod:UnknownUncommonPower"],"picked":"sneckomod:UnknownClassGREEN","floor":11},{"not_picked":["sneckomod:SoulDraw","sneckomod:UnknownClassTHE_CHAMP_GRAY"],"picked":"sneckomod:WideSting","floor":12},{"not_picked":["sneckomod:MixItUp","sneckomod:UnknownClassRED"],"picked":"sneckomod:UnknownDexterity","floor":14},{"not_picked":["sneckomod:UnknownClassBLUE","sneckomod:UnknownWeak"],"picked":"sneckomod:Unknown0Cost","floor":15}],"player_experience":2171302,"relics_obtained":[{"floor":6,"key":"Omamori"},{"floor":7,"key":"reliquary:Firecrackers"},{"floor":11,"key":"Pear"},{"floor":14,"key":"CaptainsWheel"}],"event_choices":[{"damage_healed":0,"gold_gain":0,"player_choice":"Got Potions","damage_taken":0,"max_hp_gain":0,"max_hp_loss":0,"event_name":"Lab","floor":9,"gold_loss":0}],"is_beta":false,"boss_relics":[],"items_purged_floors":[],"is_endless":false,"potions_floor_spawned":[6,10,12,15],"killed_by":"WA_ARCHETYPE_RETAIN","ascension_level":10}}