{"host":"uhvd1ejkkpomttgz","time":1613388397,"event":{"mods":["BaseMod","Downfall","Duelist Mod","Friendly Minions","Googly Eyes","Gremlin Mod","Hero for Fun","LagranYue(???·?)","Marisa????????","Minty Spire (QoL Compilation)","Quick Restart","Remilia??????","Shop Mod","StSLib","Td1madao Mod","The Cursed","[IsaacMod]????","slay the spire mod where everything is the same but ironclad has a cowboy hat","thorton"],"gold_per_floor":[16,28,103,103,116,148,166,184,184,81,95,120,120,134,134,235,235,246,262,273,351,363,363,462,495,519,519,519,534,569,585,585,686,686,702,502,522,571,571,571,896,896,922,922,922,932,951,966,966,966,966,966,598,628,628],"floor_reached":56,"language":"ENG","playtime":1884,"items_purged":["Defend_Y","Yawn","Yawn","Do_Nothing"],"score":1706,"play_id":"82958546-77ae-440f-9898-4d38229fee13","local_time":"20210215032637","is_ascension_mode":false,"campfire_choices":[{"floor":13.0,"key":"RECALL"},{"data":"Consecutive_Normal_Punch","floor":15.0,"key":"SMITH"},{"data":"1","floor":23.0,"key":"LIFT"},{"data":"Terrifying_Presence","floor":27.0,"key":"SMITH"},{"data":"Terrifying_Presence","floor":32.0,"key":"SMITH"},{"data":"Side_Hop","floor":40,"key":"SMITH"},{"data":"Terrifying_Presence","floor":42,"key":"SMITH"},{"data":"Terrifying_Presence","floor":44,"key":"SMITH"},{"data":"Serious_Punch","floor":49,"key":"SMITH"},{"data":"2","floor":52,"key":"LIFT"}],"circlet_count":0,"master_deck":["Slap","Consecutive_Normal_Punch+1","Slap","Slap","Slap","Terrifying_Presence+1","Terrifying_Presence+1","Terrifying_Presence+1","Hip_Strike","Terrifying_Presence+1","Slap","Toss_Stone","Toss_Stone","Hip_Strike","Slap","Slap+1","Side_Hop+1","Slap","Slap","Slap","Serious_Punch+1","Slap","Slap","Serious_Punch"],"relics":["Cape","HushsDoor","LagranYue:RandomDrawCardRelic","SteamSale","MerchantsRug","Girya","Ancient Tea Set","Coffee Dripper","MomsKnife","Frozen Eye","Ice Cream","Pantograph","ForgetMeNow","BlankCard","Old Coin","SalivaCoin","Blue Candle","Sundial","TheBean","LagranYue:NewUniverseRelic","Art of War"],"acts_visited":["TheCity","TheBeyond","TheEnding"],"potions_floor_usage":[],"damage_taken":[{"damage":0.0,"enemies":"Jaw Worm","floor":1.0,"turns":1.0},{"damage":0.0,"enemies":"2 Louse","floor":2.0,"turns":2.0},{"damage":0.0,"enemies":"Cultist","floor":5.0,"turns":1.0},{"damage":0.0,"enemies":"3 Sentries","floor":6.0,"turns":2.0},{"damage":0.0,"enemies":"2 Fungi Beasts","floor":7.0,"turns":1.0},{"damage":0.0,"enemies":"Lots of Slimes","floor":8.0,"turns":2.0},{"damage":0.0,"enemies":"Large Slime","floor":11.0,"turns":1.0},{"damage":0.0,"enemies":"Gremlin Nob","floor":12.0,"turns":1.0},{"damage":0.0,"enemies":"Gremlin Gang","floor":14.0,"turns":1.0},{"damage":0.0,"enemies":"Slime Boss","floor":16.0,"turns":1.0},{"damage":0.0,"enemies":"Shell Parasite","floor":18.0,"turns":1.0},{"damage":0.0,"enemies":"Spheric Guardian","floor":19.0,"turns":1.0},{"damage":0.0,"enemies":"Snake Plant","floor":20.0,"turns":1.0},{"damage":0.0,"enemies":"Snecko","floor":22.0,"turns":1.0},{"damage":0.0,"enemies":"theDuelist:KaibaA2","floor":25.0,"turns":1.0},{"damage":0.0,"enemies":"Shelled Parasite and Fungi","floor":29.0,"turns":2.0},{"damage":0.0,"enemies":"Book of Stabbing","floor":30.0,"turns":2.0},{"damage":0.0,"enemies":"Cultist and Chosen","floor":31.0,"turns":2.0},{"damage":0.0,"enemies":"Collector","floor":33.0,"turns":1.0},{"damage":0.0,"enemies":"3 Shapes","floor":35.0,"turns":2.0},{"damage":0.0,"enemies":"Orb Walker","floor":37.0,"turns":1.0},{"damage":0.0,"enemies":"2 Orb Walkers","floor":38.0,"turns":1.0},{"damage":0,"enemies":"Reptomancer","floor":41,"turns":1},{"damage":0,"enemies":"Sphere and 2 Shapes","floor":46,"turns":1},{"damage":0,"enemies":"Transient","floor":47,"turns":1},{"damage":0,"enemies":"Jaw Worm Horde","floor":48,"turns":2},{"damage":0,"enemies":"Time Eater","floor":50,"turns":2},{"damage":0,"enemies":"Shield and Spear","floor":54,"turns":1},{"damage":0,"enemies":"LittleHush","floor":55,"turns":2}],"seed_played":"71216583159166821","potions_obtained":[{"floor":1.0,"key":"EssenceOfSteel"},{"floor":5.0,"key":"SteroidPotion"},{"floor":11.0,"key":"SneckoOil"},{"floor":12.0,"key":"Fire Potion"},{"floor":14.0,"key":"Explosive Potion"},{"floor":16.0,"key":"Explosive Potion"},{"floor":18.0,"key":"Swift Potion"}],"is_trial":false,"path_per_floor":["M","M","?","?","M","E","M","M","T","$","M","E","R","M","R","B",null,"M","M","M","?","M","R","?","E","T","R","?","M","E","M","R","B",null,"M","$","M","?","T","R","E","R","T","R","?","M","M","M","R","B",null,"R","$","E","B",null],"character_chosen":"OPM","items_purchased":["Slap","MerchantsRug","MomsKnife","Slap","Serious_Punch","Frozen Eye","Ice Cream","Pantograph","Slap","Sundial","TheBean","LagranYue:NewUniverseRelic","Slap"],"campfire_rested":0,"item_purchase_floors":[10,10,34,34,34,36,36,36,36,53,53,53,53],"current_hp_per_floor":[1098,1098,1098,1103,1103,1103,1103,1103,1103,1103,1103,1103,1103,1103,1103,1103,1103,1103,1103,1103,1103,1103,1103,1103,1103,1103,1103,1103,1103,1103,1103,1103,1103,1061,1061,1061,1061,1061,1061,1061,1061,1061,1061,1061,1061,1061,1061,1061,1061,1061,1061,1061,1061,1061,1061],"gold":628,"neow_bonus":"TEN_PERCENT_HP_BONUS","is_daily":false,"chose_seed":false,"campfire_upgraded":7,"win_rate":0.0,"timestamp":1613388397,"path_taken":["M","M","?","?","M","E","M","M","T","$","M","E","R","M","R","BOSS","M","?","M","?","?","R","?","E","T","R","?","M","E","M","R","BOSS","M","$","M","?","?","R","E","R","T","R","?","?","M","M","R","BOSS","R","$","E","BOSS"],"items_purchased_type":["Card","Relic","Relic","Card","Card","Relic","Relic","Relic","Card","Relic","Relic","Relic","Card"],"build_version":"2020-12-22","purchased_purges":4,"victory":true,"max_hp_per_floor":[1098,1098,1098,1103,1103,1103,1103,1103,1103,1103,1103,1103,1103,1103,1103,1103,1103,1103,1103,1103,1103,1103,1103,1103,1103,1103,1103,1103,1103,1103,1103,1103,1103,1061,1061,1061,1061,1061,1061,1061,1061,1061,1061,1061,1061,1061,1061,1061,1061,1061,1061,1061,1061,1061,1061],"card_choices":[{"not_picked":["Side_Hop","Consecutive_Normal_Punch"],"picked":"Yawn","floor":1.0},{"not_picked":["Normal_Punch","Hop"],"picked":"Slap","floor":2.0},{"not_picked":["Consecutive_Normal_Punch","Wear_Disguise"],"picked":"Bomb","floor":5.0},{"not_picked":["Yawn","Ignore"],"picked":"Consecutive_Normal_Punch","floor":6.0},{"not_picked":["Normal_Punch","Ignore"],"picked":"Yawn","floor":7.0},{"not_picked":["Consecutive_Normal_Punch","Get_Hopes_Up"],"picked":"Slap","floor":8.0},{"not_picked":["Wear_Disguise","Hop","Normal_Punch"],"picked":"SKIP","floor":11.0},{"not_picked":["Ignore","Consecutive_Normal_Punch"],"picked":"Slap","floor":12.0},{"not_picked":["Do_Nothing","Ignore","Toss_Stone"],"picked":"SKIP","floor":14.0},{"not_picked":["Get_Hopes_Up","Oh"],"picked":"Terrifying_Presence","floor":16.0},{"not_picked":["Hop","Normal_Punch","Do_Nothing+1"],"picked":"SKIP","floor":18.0},{"not_picked":["Side_Hop","Ignore+1"],"picked":"Slap","floor":19.0},{"not_picked":["Yawn","Hop"],"picked":"Slap+1","floor":20.0},{"not_picked":["Do_Nothing","Hop"],"picked":"Side_Hop","floor":22.0},{"not_picked":["Consecutive_Normal_Punch","Wear_Disguise","Do_Nothing+1"],"picked":"SKIP","floor":25.0},{"not_picked":["Normal_Punch","Yawn"],"picked":"Slap","floor":29.0},{"not_picked":["Side_Hop","Serious_Side_Hops","Consecutive_Normal_Punch"],"picked":"SKIP","floor":30.0},{"not_picked":["Ignore","Hop"],"picked":"Slap","floor":31.0},{"not_picked":["Side_Hop+1","Toss_Stone+1","Normal_Punch+1"],"picked":"SKIP","floor":35.0},{"not_picked":["Normal_Punch+1","Consecutive_Normal_Punch","Wear_Disguise+1"],"picked":"SKIP","floor":37.0},{"not_picked":["Toss_Stone+1","Hop+1","Wear_Disguise"],"picked":"SKIP","floor":41},{"not_picked":["Hop","Side_Hop+1","Ignore+1"],"picked":"SKIP","floor":46},{"not_picked":["Yawn+1","Ignore+1","Hop+1"],"picked":"SKIP","floor":47},{"not_picked":["Normal_Punch+1","Ignore+1","Yawn"],"picked":"SKIP","floor":48},{"not_picked":["Hop+1","Normal_Punch"],"picked":"Serious_Punch","floor":54}],"player_experience":299445,"relics_obtained":[{"floor":6.0,"key":"Blood Vial"},{"floor":12.0,"key":"Girya"},{"floor":25.0,"key":"Ancient Tea Set"},{"floor":26.0,"key":"Centennial Puzzle"},{"floor":30.0,"key":"Bottled Lightning"},{"floor":38.0,"key":"ForgetMeNow"},{"floor":39,"key":"BlankCard"},{"floor":41,"key":"Old Coin"},{"floor":43,"key":"SalivaCoin"},{"floor":54,"key":"Art of War"}],"event_choices":[{"damage_healed":0.0,"max_hp_gain":0.0,"max_hp_loss":0.0,"gold_gain":75.0,"event_name":"World of Goop","player_choice":"Gather Gold","floor":3.0,"gold_loss":0.0,"damage_taken":11.0},{"damage_healed":0.0,"max_hp_gain":5.0,"max_hp_loss":0.0,"gold_gain":0.0,"event_name":"Big Fish","player_choice":"Donut","floor":4.0,"gold_loss":0.0,"damage_taken":0.0},{"damage_healed":0.0,"max_hp_gain":0.0,"max_hp_loss":0.0,"gold_gain":99.0,"event_name":"Nest","player_choice":"Stole From Cult","floor":24.0,"gold_loss":0.0,"damage_taken":0.0},{"damage_healed":0.0,"max_hp_gain":0.0,"max_hp_loss":0.0,"gold_gain":0.0,"event_name":"Mysterious Sphere","player_choice":"Fight","floor":38.0,"gold_loss":0.0,"damage_taken":0.0}],"is_beta":false,"boss_relics":[{"not_picked":["Fusion Hammer","LagranYue:ContractPerformanceRelic"],"picked":"Pandora\u0027s Box"},{"not_picked":[]},{"not_picked":["Sozu","Eternal Feather"],"picked":"Coffee Dripper"},{"not_picked":[]}],"items_purged_floors":[10,34,36,53],"is_endless":false,"potions_floor_spawned":[1,5,11,12,14,16,18,19,30,31,38,41,46],"ascension_level":0}}