{"host":"5jzx1090woovszu4","time":1613354302,"event":{"mods":["BaseMod","Gremlin Mod","Minty Spire (QoL Compilation)","Spicy Shops","StSLib","TheSurvivalist"],"gold_per_floor":[119,134,134,147,160,190,190,190,241,255,281,292,292,322,322,322,322],"floor_reached":16,"language":"ENG","playtime":1846,"items_purged":[],"score":128,"play_id":"864bd577-be42-4488-ae51-e900e6639648","local_time":"20210215025822","is_ascension_mode":true,"campfire_choices":[{"data":"survmod:HailOfArrows","floor":8,"key":"SMITH"},{"floor":13,"key":"REST"},{"floor":15,"key":"REST"}],"circlet_count":0,"master_deck":["survmod:Strike","survmod:Strike","survmod:Strike","survmod:Defend","survmod:Defend","survmod:Defend","survmod:Defend","survmod:VersatileOffense","survmod:Sprint","CurseOfTheBell","survmod:HailOfArrows+1","survmod:Decoy","survmod:BearTrap","survmod:PiercingShot","survmod:DeadlyAim","survmod:VersatileDefense"],"relics":["Calling Bell","MealTicket","Mummified Hand","Girya","The Courier","survmod:TrapManual","Art of War","Mercury Hourglass"],"acts_visited":["Exordium"],"potions_floor_usage":[6,6,11,12,14,16],"damage_taken":[{"damage":1,"enemies":"Cultist","floor":1,"turns":5},{"damage":1,"enemies":"2 Louse","floor":2,"turns":3},{"damage":0,"enemies":"Small Slimes","floor":4,"turns":3},{"damage":3,"enemies":"Red Slaver","floor":5,"turns":3},{"damage":18,"enemies":"Gremlin Nob","floor":6,"turns":5},{"damage":6,"enemies":"Looter","floor":10,"turns":2},{"damage":43,"enemies":"Lagavulin","floor":11,"turns":13},{"damage":8,"enemies":"Large Slime","floor":12,"turns":5},{"damage":7,"enemies":"3 Sentries","floor":14,"turns":7},{"damage":34,"enemies":"Hexaghost","floor":16,"turns":12}],"seed_played":"20656587494324681","potions_obtained":[{"floor":1,"key":"Block Potion"},{"floor":4,"key":"Fire Potion"},{"floor":5,"key":"LiquidMemories"},{"floor":10,"key":"BlessingOfTheForge"},{"floor":11,"key":"EssenceOfSteel"},{"floor":14,"key":"Block Potion"}],"is_trial":false,"path_per_floor":["M","M","?","M","M","E","?","R","T","M","E","M","R","E","R","B"],"character_chosen":"THE_SURVIVOR","items_purchased":[],"campfire_rested":2,"item_purchase_floors":[],"current_hp_per_floor":[49,48,41,41,38,20,60,60,60,54,11,3,21,14,32,0,0],"gold":322,"neow_bonus":"BOSS_RELIC","is_daily":false,"chose_seed":false,"campfire_upgraded":1,"win_rate":0.0,"timestamp":1613354302,"path_taken":["M","M","?","M","M","E","?","R","T","M","E","?","R","E","R","BOSS"],"items_purchased_type":[],"build_version":"2020-12-22","purchased_purges":0,"victory":false,"max_hp_per_floor":[50,50,50,50,50,50,60,60,60,60,60,60,60,60,60,60,60],"card_choices":[{"not_picked":["survmod:QuickThinking","survmod:Hawkeye"],"picked":"survmod:HailOfArrows","floor":1},{"not_picked":["survmod:BendAndBow","survmod:NockAnArrow","survmod:AimForTheLiver"],"picked":"SKIP","floor":2},{"not_picked":["survmod:QuickDash","survmod:NockAnArrow"],"picked":"survmod:Decoy","floor":4},{"not_picked":["survmod:AcidTrap","survmod:Hawkeye"],"picked":"survmod:BearTrap","floor":5},{"not_picked":["survmod:MutantEnergy","survmod:TrapTrap"],"picked":"survmod:MutantForm","floor":6},{"not_picked":["survmod:BearTrap","survmod:GoForFace"],"picked":"survmod:PiercingShot","floor":10},{"not_picked":["survmod:RejectWeakness","survmod:BearTrap"],"picked":"survmod:DeadlyAim","floor":11},{"not_picked":["survmod:SwiftKick","survmod:FindCover","survmod:BearTrap"],"picked":"SKIP","floor":12},{"not_picked":["survmod:QuickThinking","survmod:Hawkeye"],"picked":"survmod:VersatileDefense","floor":14}],"player_experience":614228,"relics_obtained":[{"floor":0,"key":"MealTicket"},{"floor":0,"key":"Mummified Hand"},{"floor":0,"key":"Girya"},{"floor":6,"key":"The Courier"},{"floor":9,"key":"survmod:TrapManual"},{"floor":11,"key":"Art of War"},{"floor":14,"key":"Mercury Hourglass"}],"event_choices":[{"cards_removed":["survmod:Strike"],"damage_healed":0,"gold_gain":0,"player_choice":"Card Removal","damage_taken":7,"max_hp_gain":0,"max_hp_loss":0,"event_name":"Golden Wing","floor":3,"gold_loss":0},{"cards_removed":["survmod:MutantForm"],"damage_healed":30,"gold_gain":0,"player_choice":"Offered Rare","damage_taken":0,"max_hp_gain":10,"max_hp_loss":0,"event_name":"Bonfire Elementals","floor":7,"gold_loss":0}],"is_beta":false,"boss_relics":[],"items_purged_floors":[],"is_endless":false,"potions_floor_spawned":[1,4,5,10,11,14],"killed_by":"Hexaghost","ascension_level":1}}