{"host":"922zt4fjsmmy4kg9","time":1613426902,"event":{"mods":["A Magickal Journey","Act Like it!","BaseMod","Better Third Choice","Downfall","Friendly Minions","Hermit","HololiveMod","Hubris","Jorbs\u0027s Wanderer Trilogy","Kiyohime????","Koishi","Marisa????????","Minty Spire (QoL Compilation)","Quick Restart","Reimu??????","Shop Mod","Spicy Shops","StSLib","SuperFastMode","The Animator","The Disciple","The Runesmith"],"gold_per_floor":[116,116,116,116,133,165,165,195,195,222,234,278,290,316,328,442,454,481,493,520,492,522,561,21,54,54,86,86,101,130,143,143,248,248,264,264,282,282,302,302,302,302],"floor_reached":40,"language":"ENG","playtime":1857,"items_purged":[],"score":621,"play_id":"8683a6f1-4ad2-4948-9207-99c2d75e9d15","local_time":"20210216090822","is_ascension_mode":true,"campfire_choices":[{"data":"Guardian:VentSteam","floor":7.0,"key":"SMITH"},{"data":"Guardian:SpikerProtocol","floor":11.0,"key":"SMITH"},{"data":"Guardian:Orbwalk","floor":13.0,"key":"SMITH"},{"data":"Guardian:CurlUp","floor":15.0,"key":"SMITH"}],"circlet_count":0,"master_deck":["Guardian:Strike_Guardian","Guardian:Strike_Guardian","Guardian:Strike_Guardian","Guardian:Strike_Guardian","Guardian:Defend_Guardian","Guardian:Defend_Guardian","Guardian:CurlUp+1","Guardian:TwinSlam","Guardian:VentSteam+1","Guardian:SpikerProtocol+1","Guardian:CrystalBeam","Guardian:Gem_Cyan","Guardian:ExploitGems","Guardian:Orbwalk+1","Guardian:MultiBeam+1","Guardian:StasisField+1","Guardian:WalkerClaw","Guardian:SpikerProtocol","Guardian:PolyBeam","Guardian:BodySlam+1","Guardian:FloatingOrbs","Guardian:SentryBeam","Guardian:TimeSifter","Guardian:SpikerProtocol+1","Guardian:Gem_Lightblue","Guardian:Gem_Orange","Guardian:Gem_Blue","Guardian:ShieldCharger","Guardian:VentSteam+1","Guardian:Gem_Purple","Guardian:Gem_Yellow","Guardian:GemFire+1","Guardian:Gem_Blue","Madness","Madness","Guardian:ExploitGems","Bandage Up","Sadistic Nature","Apotheosis","Guardian:TimeCapacitor+1"],"relics":["Guardian:ModeShifter","NeowsBlessing","hubris:Towel","Torii","Runesmith:AutoHammer","Guardian:SackOfGems","MawBank","Omamori","Guardian:StasisSlotReductionRelic","Incense Burner","Bag of Marbles","Bronze Scales","Guardian:PickAxe","hubris:Metronome","Pantograph","White Beast Statue","Molten Egg 2","hubris:Backtick","Membership Card"],"acts_visited":["Exordium","TheCity","TheBeyond"],"potions_floor_usage":[40,40],"damage_taken":[{"damage":0.0,"enemies":"Cultist","floor":1.0,"turns":1.0},{"damage":0.0,"enemies":"2 Louse","floor":5.0,"turns":1.0},{"damage":0.0,"enemies":"Gremlin Nob","floor":6.0,"turns":1.0},{"damage":31.0,"enemies":"Lagavulin","floor":8.0,"turns":9.0},{"damage":13.0,"enemies":"3 Sentries","floor":10.0,"turns":11.0},{"damage":2.0,"enemies":"Lagavulin","floor":12.0,"turns":5.0},{"damage":1.0,"enemies":"Small Slimes","floor":14.0,"turns":3.0},{"damage":24.0,"enemies":"Hexaghost","floor":16.0,"turns":9.0},{"damage":7.0,"enemies":"3 Byrds","floor":18.0,"turns":5.0},{"damage":3.0,"enemies":"Shell Parasite","floor":20.0,"turns":6.0},{"damage":8.0,"enemies":"Shelled Parasite and Fungi","floor":22.0,"turns":5.0},{"damage":8.0,"enemies":"Book of Stabbing","floor":23.0,"turns":6.0},{"damage":21.0,"enemies":"Slavers","floor":25.0,"turns":3.0},{"damage":1.0,"enemies":"Book of Stabbing","floor":27.0,"turns":4.0},{"damage":10.0,"enemies":"Snecko","floor":29.0,"turns":2.0},{"damage":0.0,"enemies":"Gremlin Leader","floor":30.0,"turns":5.0},{"damage":2.0,"enemies":"Chosen and Byrds","floor":31.0,"turns":4.0},{"damage":17.0,"enemies":"Automaton","floor":33.0,"turns":7.0},{"damage":10.0,"enemies":"3 Shapes","floor":35.0,"turns":2.0},{"damage":16.0,"enemies":"Orb Walker","floor":37.0,"turns":3.0},{"damage":27.0,"enemies":"Transient","floor":39.0,"turns":5.0},{"damage":11,"enemies":"Reptomancer","floor":40,"turns":2}],"seed_played":"5807285142730205773","potions_obtained":[{"floor":5.0,"key":"EssenceOfSteel"},{"floor":12.0,"key":"BlessingOfTheForge"},{"floor":14.0,"key":"champ:CounterPotion"},{"floor":16.0,"key":"bronze:BurnAndBuffPotion"},{"floor":23.0,"key":"Swift Potion"},{"floor":27.0,"key":"Fire Potion"},{"floor":29.0,"key":"Swift Potion"},{"floor":30.0,"key":"Weak Potion"},{"floor":31.0,"key":"Explosive Potion"},{"floor":33.0,"key":"Guardian:AcceleratePotion"},{"floor":35.0,"key":"champ:CounterPotion"},{"floor":37.0,"key":"Dexterity Potion"},{"floor":39.0,"key":"ColorlessPotion"}],"is_trial":false,"path_per_floor":["M","?","?","?","M","E","R","E","T","E","R","E","R","M","R","B",null,"M","?","M","?","M","E","$","E","T","E","?","M","E","M","R","B",null,"M","?","M","?","M","E"],"character_chosen":"GUARDIAN","items_purchased":["Bag of Marbles","Bronze Scales","Guardian:PickAxe","Guardian:FloatingOrbs","Guardian:SentryBeam"],"campfire_rested":0,"item_purchase_floors":[24,24,24,24,24],"current_hp_per_floor":[80,80,80,73,73,73,73,42,42,29,29,27,27,26,26,2,80,73,73,70,70,62,54,54,33,33,32,32,22,22,20,20,28,80,70,60,44,34,11,0,0,0],"gold":302,"neow_bonus":"THREE_ENEMY_KILL","is_daily":false,"chose_seed":false,"campfire_upgraded":4,"win_rate":0.0,"timestamp":1613426902,"path_taken":["M","?","?","?","M","E","R","E","T","E","R","E","R","M","R","BOSS","M","?","?","?","?","E","$","E","T","E","?","M","E","M","R","BOSS","M","?","M","?","M","E"],"items_purchased_type":["Relic","Relic","Relic","Card","Card"],"build_version":"2020-12-22","purchased_purges":0,"victory":false,"max_hp_per_floor":[80,80,80,80,80,80,80,80,80,80,80,80,80,80,80,80,80,80,80,80,80,80,80,80,80,80,80,80,80,80,80,80,80,80,80,80,80,80,80,80,80,80],"card_choices":[{"not_picked":["Guardian:TemporalStrike","Guardian:TemporalShield"],"picked":"Guardian:VentSteam","floor":1.0},{"not_picked":["Guardian:CrystalBeam","Guardian:Recover"],"picked":"Guardian:Gem_Crimson","floor":5.0},{"not_picked":["Guardian:Gem_Cyan","Guardian:PrimingBeam"],"picked":"Guardian:Gem_Blue","floor":6.0},{"not_picked":["Guardian:BronzeArmor","Guardian:ShieldCharger"],"picked":"Guardian:CrystalBeam","floor":8.0},{"not_picked":["Guardian:Incinerate","Guardian:WalkerClaw"],"picked":"Guardian:ExploitGems","floor":10.0},{"not_picked":["Guardian:ShieldCharger","Guardian:RollAttack"],"picked":"Guardian:Orbwalk","floor":12.0},{"not_picked":["Guardian:ChargeCore","Guardian:TemporalStrike"],"picked":"Guardian:MultiBeam","floor":14.0},{"not_picked":["Guardian:FastForward","Guardian:SphericShield"],"picked":"Guardian:StasisField","floor":16.0},{"not_picked":["Guardian:PiercingHide","Guardian:ChargeCore"],"picked":"Guardian:WalkerClaw","floor":18.0},{"not_picked":["Guardian:ShieldCharger","Guardian:ArmoredProtocol"],"picked":"Guardian:SpikerProtocol","floor":20.0},{"not_picked":["Guardian:CrystalBeam","Guardian:Incinerate"],"picked":"Guardian:PolyBeam","floor":22.0},{"not_picked":["Guardian:Harden","Guardian:PrimingBeam"],"picked":"Guardian:BodySlam+1","floor":23.0},{"not_picked":["Guardian:SpikerProtocol","Guardian:PrismaticBarrier"],"picked":"Guardian:TimeSifter","floor":25.0},{"not_picked":["Guardian:RollAttack","Guardian:PiercingHide"],"picked":"Guardian:SpikerProtocol+1","floor":27.0},{"not_picked":["Guardian:TemporalShield","Guardian:Gem_Red"],"picked":"Guardian:Gem_Blue","floor":29.0},{"not_picked":["Guardian:Gem_Blue","Guardian:Preprogram"],"picked":"Guardian:ShieldCharger","floor":30.0},{"not_picked":["Guardian:Suspension","Guardian:Gem_Red"],"picked":"Guardian:VentSteam+1","floor":31.0},{"not_picked":["Guardian:GemFinder","Guardian:ConstructionForm"],"picked":"Guardian:GemFire+1","floor":33.0},{"not_picked":["Guardian:Incinerate+1","Guardian:WalkerClaw+1"],"picked":"Guardian:Gem_Blue","floor":35.0},{"not_picked":["Guardian:PiercingHide","Guardian:CrystalBeam+1"],"picked":"Guardian:ExploitGems","floor":37.0},{"not_picked":["Trip","Impatience"],"picked":"Bandage Up","floor":38.0},{"not_picked":["Blind","Trip"],"picked":"Sadistic Nature","floor":38.0},{"not_picked":["Flash of Steel+1","hubris:Insight"],"picked":"Apotheosis","floor":38.0},{"not_picked":["Guardian:Gem_Crimson","Guardian:Gem_Red"],"picked":"Guardian:TimeCapacitor+1","floor":39.0}],"player_experience":1354126,"relics_obtained":[{"floor":6.0,"key":"Torii"},{"floor":8.0,"key":"Runesmith:AutoHammer"},{"floor":9.0,"key":"Guardian:SackOfGems"},{"floor":10.0,"key":"MawBank"},{"floor":12.0,"key":"Omamori"},{"floor":23.0,"key":"Incense Burner"},{"floor":25.0,"key":"hubris:Metronome"},{"floor":26.0,"key":"Pantograph"},{"floor":27.0,"key":"White Beast Statue"},{"floor":30.0,"key":"Molten Egg 2"}],"event_choices":[{"cards_removed":["Guardian:Defend_Guardian"],"damage_healed":0.0,"max_hp_gain":0.0,"max_hp_loss":0.0,"gold_gain":0.0,"event_name":"Golden Wing","player_choice":"Card Removal","floor":4.0,"gold_loss":0.0,"damage_taken":7.0},{"cards_removed":["Guardian:Defend_Guardian"],"damage_healed":0.0,"max_hp_gain":0.0,"max_hp_loss":0.0,"gold_gain":0.0,"event_name":"Bonfire Elementals","player_choice":"Offered Basic","floor":19.0,"gold_loss":0.0,"damage_taken":0.0},{"damage_healed":0.0,"max_hp_gain":0.0,"max_hp_loss":0.0,"gold_gain":0.0,"event_name":"Designer","player_choice":"Upgraded Two","floor":21.0,"gold_loss":40.0,"damage_taken":0.0,"cards_upgraded":["Guardian:MultiBeam","Guardian:StasisField"]},{"damage_healed":0.0,"max_hp_gain":0.0,"max_hp_loss":0.0,"gold_gain":0.0,"event_name":"Winding Halls","player_choice":"Embrace Madness","floor":36.0,"gold_loss":0.0,"damage_taken":10.0,"cards_obtained":["Madness","Madness"]},{"damage_healed":0.0,"max_hp_gain":0.0,"max_hp_loss":0.0,"gold_gain":0.0,"event_name":"betterThird:BetterPortal","player_choice":"Random: Blue","floor":38.0,"gold_loss":0.0,"damage_taken":0.0},{"damage_healed":0.0,"max_hp_gain":0.0,"max_hp_loss":0.0,"gold_gain":0.0,"event_name":"SensoryStone","player_choice":"Memory 3","floor":38.0,"gold_loss":0.0,"damage_taken":10.0}],"is_beta":false,"boss_relics":[{"not_picked":["hubris:HollowSoul","SacredBark"],"picked":"Guardian:StasisSlotReductionRelic"},{"not_picked":["Coffee Dripper","Pandora\u0027s Box"],"picked":"hubris:Backtick"}],"items_purged_floors":[],"is_endless":false,"potions_floor_spawned":[5,12,14,16,23,27,29,30,31,33,35,37,39],"killed_by":"Reptomancer","ascension_level":2}}