{"host":"xm0tf1maiknh0fp9","time":1613399541,"event":{"mods":["BaseMod","Colored Map","Colored Powertips","Googly Eyes","Minty Spire (QoL Compilation)","Replay The Spire","StSLib"],"gold_per_floor":[115,133,153,163,88,88,121,121,148,176,176,207,207,254,254,254,254],"floor_reached":16,"language":"ENG","playtime":347,"items_purged":["Strike_P"],"score":159,"play_id":"e339db36-b970-4b5d-8b2f-14ee708eaaa5","local_time":"20210215093221","is_ascension_mode":true,"campfire_choices":[{"floor":6.0,"key":"REST"},{"floor":8,"key":"REST"},{"floor":13,"key":"REST"},{"data":"SignatureMove","floor":15,"key":"SMITH"}],"circlet_count":0,"master_deck":["Strike_P+1","Defend_P","Defend_P","Defend_P","Defend_P","Eruption+1","Vigilance","Replay:BluntJabs","SignatureMove+1","Adaptation"],"relics":["PureWater","Whetstone","Vajra","Replay:Wax Seal","Tiny Chest","Frozen Egg 2","Replay:Bottled Steam"],"acts_visited":["Exordium"],"potions_floor_usage":[7,16],"damage_taken":[{"damage":0.0,"enemies":"Cultist","floor":1.0,"turns":2.0},{"damage":3.0,"enemies":"Jaw Worm","floor":2.0,"turns":5.0},{"damage":2.0,"enemies":"2 Louse","floor":3.0,"turns":2.0},{"damage":6.0,"enemies":"Looter","floor":4.0,"turns":2.0},{"damage":18,"enemies":"3 Sentries","floor":7,"turns":5},{"damage":12,"enemies":"Lagavulin","floor":10,"turns":3},{"damage":20,"enemies":"3 Sentries","floor":12,"turns":3},{"damage":55,"enemies":"Hexaghost","floor":16,"turns":2}],"seed_played":"7454241187984994774","potions_obtained":[{"floor":4.0,"key":"Energy Potion"},{"floor":12,"key":"Explosive Potion"}],"is_trial":false,"path_per_floor":["M","M","M","M","$","R","E","R","T","E","T","E","R","?","R","B"],"character_chosen":"WATCHER","items_purchased":[],"campfire_rested":3,"item_purchase_floors":[],"current_hp_per_floor":[47,44,42,36,36,57,39,60,60,48,48,28,49,49,49,0,0],"gold":254,"neow_bonus":"REMOVE_TWO","is_daily":false,"chose_seed":false,"campfire_upgraded":1,"win_rate":0.0,"timestamp":1613399541,"path_taken":["M","M","M","M","?","R","E","R","T","E","?","E","R","?","R","BOSS"],"items_purchased_type":[],"build_version":"2020-12-22","purchased_purges":1,"victory":false,"max_hp_per_floor":[72,72,72,72,72,72,72,72,72,72,72,72,72,72,72,72,72],"card_choices":[{"not_picked":["Consecrate","TalkToTheHand"],"picked":"Replay:BluntJabs","floor":1.0},{"not_picked":["SashWhip","ThirdEye"],"picked":"SignatureMove","floor":2.0},{"not_picked":["ThirdEye","Replay:Cycle","Wireheading"],"picked":"SKIP","floor":3.0},{"not_picked":["Replay:ManipulateFuture","FollowUp"],"picked":"Adaptation","floor":4.0},{"not_picked":["Prostrate","ForeignInfluence","ClearTheMind"],"picked":"SKIP","floor":7},{"not_picked":["DevaForm","Replay:Battleflow","WaveOfTheHand"],"picked":"SKIP","floor":10},{"not_picked":["FlurryOfBlows","Crescendo","Protect"],"picked":"SKIP","floor":12}],"player_experience":181351,"relics_obtained":[{"floor":7,"key":"Whetstone"},{"floor":9,"key":"Vajra"},{"floor":10,"key":"Replay:Wax Seal"},{"floor":11,"key":"Tiny Chest"},{"floor":12,"key":"Frozen Egg 2"},{"floor":14,"key":"Replay:Bottled Steam"}],"event_choices":[],"is_beta":false,"boss_relics":[],"items_purged_floors":[5],"is_endless":false,"potions_floor_spawned":[4,12],"killed_by":"Hexaghost","ascension_level":7}}