{"host":"2okas1s8lto464g9","time":1613381297,"event":{"mods":["BaseMod","Minty Spire (QoL Compilation)","StSLib"],"gold_per_floor":[117,68,87,87,101,101,132,132,155,155,180,196,211,225,225,225,225],"floor_reached":16,"language":"ZHS","playtime":2570,"items_purged":[],"score":123,"play_id":"87c393aa-5e37-4613-b6c8-0e0679f5b92d","local_time":"20210215172817","is_ascension_mode":true,"campfire_choices":[{"data":"Entrench","floor":6,"key":"SMITH"},{"data":"Burning Pact","floor":8,"key":"SMITH"},{"floor":10,"key":"REST"},{"floor":15,"key":"REST"}],"circlet_count":0,"master_deck":["Strike_R","Strike_R","Strike_R","Strike_R","Strike_R","Defend_R","Defend_R","Defend_R","Defend_R","Bash","Sword Boomerang","Entrench+1","Shrug It Off","Burning Pact+1","Dark Embrace","Battle Trance"],"relics":["Burning Blood","Blood Vial","Bronze Scales","White Beast Statue"],"acts_visited":["Exordium"],"potions_floor_usage":[],"damage_taken":[{"damage":7.0,"enemies":"2 Louse","floor":1.0,"turns":4.0},{"damage":0.0,"enemies":"Cultist","floor":3.0,"turns":4.0},{"damage":18,"enemies":"Jaw Worm","floor":5,"turns":4},{"damage":37,"enemies":"3 Sentries","floor":7,"turns":15},{"damage":15,"enemies":"Gremlin Nob","floor":11,"turns":4},{"damage":5,"enemies":"2 Fungi Beasts","floor":12,"turns":4},{"damage":31,"enemies":"Large Slime","floor":13,"turns":9},{"damage":16,"enemies":"Blue Slaver","floor":14,"turns":5},{"damage":0,"enemies":"Slime Boss","floor":16,"turns":3}],"seed_played":"2706183233727841843","potions_obtained":[{"floor":4,"key":"LiquidMemories"},{"floor":4,"key":"SpeedPotion"},{"floor":4,"key":"DistilledChaos"},{"floor":5,"key":"PowerPotion"}],"is_trial":false,"path_per_floor":["M","$","M","?","M","R","E","R","T","R","E","M","M","M","R","B"],"character_chosen":"IRONCLAD","items_purchased":["Shrug It Off"],"campfire_rested":2,"item_purchase_floors":[2],"current_hp_per_floor":[79,79,80,80,68,68,37,37,37,61,54,57,34,26,50,52,52],"gold":225,"neow_bonus":"THREE_CARDS","is_daily":false,"chose_seed":false,"campfire_upgraded":2,"win_rate":0.0,"timestamp":1613381297,"path_taken":["M","$","M","?","?","R","E","R","T","R","E","M","M","M","R","BOSS"],"items_purchased_type":["Card"],"build_version":"2020-12-22","purchased_purges":0,"victory":false,"max_hp_per_floor":[80,80,80,80,80,80,80,80,80,80,80,80,80,80,80,80,80],"card_choices":[{"not_picked":["True Grit","Twin Strike"],"picked":"Sword Boomerang","floor":0.0},{"not_picked":["Heavy Blade","Cleave"],"picked":"Entrench","floor":1.0},{"not_picked":["Entrench","Carnage","Sword Boomerang"],"picked":"SKIP","floor":3},{"not_picked":["Shrug It Off","Anger","Perfected Strike"],"picked":"SKIP","floor":5},{"not_picked":["Rupture","Blood for Blood"],"picked":"Burning Pact","floor":7},{"not_picked":["Burning Pact","Sword Boomerang","Cleave"],"picked":"SKIP","floor":11},{"not_picked":["Sentinel","True Grit"],"picked":"Dark Embrace","floor":12},{"not_picked":["Dark Embrace","True Grit","Sword Boomerang"],"picked":"SKIP","floor":13},{"not_picked":["Entrench","Seeing Red"],"picked":"Battle Trance","floor":14}],"player_experience":479260,"relics_obtained":[{"floor":7,"key":"Blood Vial"},{"floor":9,"key":"Bronze Scales"},{"floor":11,"key":"White Beast Statue"}],"event_choices":[{"damage_healed":0,"gold_gain":0,"player_choice":"Got Potions","damage_taken":0,"max_hp_gain":0,"max_hp_loss":0,"event_name":"Lab","floor":4,"gold_loss":0}],"is_beta":false,"boss_relics":[],"items_purged_floors":[],"is_endless":false,"potions_floor_spawned":[5,7,12,13,14],"killed_by":"Slime Boss","ascension_level":2}}