{"host":"6406jj8da6015sxr","time":1613417165,"event":{"mods":["AchievementEnabler","BaseMod","Colored Map","DeckTracker","Keyboard Shortcuts","Minty Spire (QoL Compilation)","Permanent Neow","SuperFastMode","everything is the same but u backflip on backflip"],"gold_per_floor":[111,124,124,140,28,56,56,68,68,102,102,102,102,131,131,236,236,250,20,20,36,46,75,75,94,147,171,215,243,255,280,292,409,421,445,457,517,499,114,140,140,157,157,2,2,30,48,74,74,74],"floor_reached":51,"language":"KOR","playtime":2831,"items_purged":["Strike_G","Dash+1"],"score":966,"play_id":"942a3997-900f-429f-929c-494c0442670d","local_time":"20210216042605","is_ascension_mode":true,"campfire_choices":[{"data":"Sucker Punch","floor":7.0,"key":"SMITH"},{"data":"Noxious Fumes","floor":11.0,"key":"SMITH"},{"data":"Corpse Explosion","floor":15.0,"key":"SMITH"},{"data":"After Image","floor":24.0,"key":"SMITH"},{"data":"After Image","floor":30.0,"key":"SMITH"},{"data":"Prepared","floor":32.0,"key":"SMITH"},{"data":"Footwork","floor":41.0,"key":"SMITH"},{"data":"Deflect","floor":45.0,"key":"SMITH"},{"data":"Adrenaline","floor":49,"key":"SMITH"}],"circlet_count":0,"master_deck":["Defend_G","Defend_G","Defend_G+1","Defend_G+1","Defend_G","Survivor+1","Neutralize+1","Endless Agony","Noxious Fumes+1","Corpse Explosion+1","Backstab","Sucker Punch+1","Cloak And Dagger+1","Noxious Fumes+1","Cloak And Dagger+1","After Image+1","Footwork+1","After Image+1","Prepared+1","Dodge and Roll+1","Catalyst+1","PiercingWail","After Image+1","Corpse Explosion+1","Dagger Throw+1","PiercingWail","Backstab","Deflect+1","Setup+1","Adrenaline+1"],"relics":["Ring of the Snake","Meat on the Bone","Darkstone Periapt","Potion Belt","Eternal Feather","Runic Pyramid","DollysMirror","Frozen Egg 2","MawBank","InkBottle","Astrolabe","Gambling Chip","Gremlin Horn","Omamori","The Courier","War Paint","Dream Catcher","Smiling Mask"],"acts_visited":["Exordium","TheCity","TheBeyond"],"potions_floor_usage":[50,50,50],"damage_taken":[{"damage":7.0,"enemies":"Jaw Worm","floor":1.0,"turns":6.0},{"damage":0.0,"enemies":"2 Louse","floor":2.0,"turns":3.0},{"damage":0.0,"enemies":"Cultist","floor":4.0,"turns":4.0},{"damage":20.0,"enemies":"Lagavulin","floor":6.0,"turns":5.0},{"damage":2.0,"enemies":"Red Slaver","floor":8.0,"turns":3.0},{"damage":18.0,"enemies":"Gremlin Nob","floor":10.0,"turns":4.0},{"damage":11.0,"enemies":"Lagavulin","floor":14.0,"turns":6.0},{"damage":1.0,"enemies":"The Guardian","floor":16.0,"turns":8.0},{"damage":13.0,"enemies":"2 Thieves","floor":18.0,"turns":2.0},{"damage":0.0,"enemies":"Shell Parasite","floor":21.0,"turns":8.0},{"damage":0.0,"enemies":"Cultist and Chosen","floor":22.0,"turns":7.0},{"damage":0.0,"enemies":"Book of Stabbing","floor":23.0,"turns":10.0},{"damage":3.0,"enemies":"3 Cultists","floor":25.0,"turns":3.0},{"damage":11.0,"enemies":"Centurion and Healer","floor":27.0,"turns":5.0},{"damage":44.0,"enemies":"Slavers","floor":28.0,"turns":4.0},{"damage":5.0,"enemies":"Snecko","floor":29.0,"turns":6.0},{"damage":17.0,"enemies":"Cultist and Chosen","floor":31.0,"turns":6.0},{"damage":5.0,"enemies":"Champ","floor":33.0,"turns":11.0},{"damage":0.0,"enemies":"Orb Walker","floor":35.0,"turns":5.0},{"damage":26.0,"enemies":"2 Orb Walkers","floor":37.0,"turns":5.0},{"damage":45.0,"enemies":"Nemesis","floor":40.0,"turns":9.0},{"damage":0.0,"enemies":"3 Shapes","floor":42.0,"turns":3.0},{"damage":0.0,"enemies":"Giant Head","floor":46.0,"turns":10.0},{"damage":0.0,"enemies":"Maw","floor":47.0,"turns":7.0},{"damage":10,"enemies":"Reptomancer","floor":48,"turns":8},{"damage":12,"enemies":"Awakened One","floor":50,"turns":16}],"seed_played":"8489002666238856646","potions_obtained":[{"floor":2.0,"key":"SkillPotion"},{"floor":6.0,"key":"Explosive Potion"},{"floor":8.0,"key":"BlessingOfTheForge"},{"floor":10.0,"key":"Regen Potion"},{"floor":18.0,"key":"SpeedPotion"},{"floor":22.0,"key":"Dexterity Potion"},{"floor":27.0,"key":"EssenceOfSteel"},{"floor":31.0,"key":"Poison Potion"},{"floor":33.0,"key":"SteroidPotion"},{"floor":37.0,"key":"Dexterity Potion"},{"floor":38.0,"key":"EssenceOfSteel"},{"floor":38.0,"key":"Fruit Juice"},{"floor":46.0,"key":"Regen Potion"},{"floor":48,"key":"CunningPotion"}],"is_trial":false,"path_per_floor":["M","M","?","M","$","E","R","M","T","E","R","?","?","E","R","B",null,"M","$","?","M","M","E","R","M","T","M","E","M","R","M","R","B",null,"M","?","?","?","$","E","R","M","T","$","R","E","M","E","R","B",null],"character_chosen":"THE_SILENT","items_purchased":["Backstab","DollysMirror","DuplicationPotion","Gremlin Horn","Poison Potion","Deflect","War Paint"],"campfire_rested":0,"item_purchase_floors":[5,19,19,39,39,44,44],"current_hp_per_floor":[63,63,63,63,63,43,43,41,41,35,35,21,21,37,46,45,70,57,57,57,57,57,57,69,66,66,55,23,30,42,37,52,47,70,70,70,44,49,49,16,31,43,43,43,58,58,58,48,66,69],"gold":74,"neow_bonus":"UPGRADE_CARD","is_daily":false,"chose_seed":false,"campfire_upgraded":9,"win_rate":0.0,"timestamp":1613417165,"path_taken":["M","M","?","M","$","E","R","M","T","E","R","?","?","E","R","BOSS","M","$","?","?","M","E","R","M","T","M","E","M","R","M","R","BOSS","M","?","?","?","$","E","R","M","T","$","R","E","M","E","R","BOSS"],"items_purchased_type":["Card","Relic","Potion","Relic","Potion","Card","Relic"],"build_version":"2020-12-22","purchased_purges":2,"victory":true,"max_hp_per_floor":[70,70,70,70,70,70,70,70,70,70,70,70,70,70,70,70,70,70,70,70,70,70,70,70,70,70,70,70,70,70,70,70,70,70,70,70,70,75,75,75,75,75,75,75,75,75,75,75,75,75],"card_choices":[{"not_picked":["Outmaneuver","Concentrate"],"picked":"Endless Agony","floor":1.0},{"not_picked":["Acrobatics","Flechettes"],"picked":"Noxious Fumes","floor":2.0},{"not_picked":["Cloak And Dagger","Noxious Fumes"],"picked":"Corpse Explosion","floor":4.0},{"not_picked":["Leg Sweep","Cloak And Dagger"],"picked":"Sucker Punch","floor":6.0},{"not_picked":["Quick Slash","Calculated Gamble"],"picked":"Cloak And Dagger","floor":8.0},{"not_picked":["Doppelganger","Underhanded Strike"],"picked":"Noxious Fumes","floor":10.0},{"not_picked":["Deadly Poison","Reflex"],"picked":"Cloak And Dagger","floor":14.0},{"not_picked":["Envenom","Night Terror"],"picked":"After Image","floor":16.0},{"not_picked":["Sucker Punch","Deadly Poison+1"],"picked":"Footwork","floor":18.0},{"not_picked":["Skewer","Slice"],"picked":"Prepared","floor":21.0},{"not_picked":["Acrobatics","Well Laid Plans"],"picked":"Dodge and Roll+1","floor":22.0},{"not_picked":["Accuracy+1","Choke","Poisoned Stab"],"picked":"SKIP","floor":23.0},{"not_picked":["Well Laid Plans+1","Distraction+1","Backflip+1"],"picked":"SKIP","floor":25.0},{"not_picked":["Deadly Poison","Dagger Throw","Quick Slash+1"],"picked":"SKIP","floor":27.0},{"not_picked":["Dagger Spray","Masterful Stab","Terror"],"picked":"SKIP","floor":28.0},{"not_picked":["Masterful Stab","Underhanded Strike"],"picked":"Catalyst+1","floor":29.0},{"not_picked":["Dagger Spray+1","Crippling Poison"],"picked":"PiercingWail","floor":31.0},{"not_picked":["Tools of the Trade+1","Venomology"],"picked":"After Image+1","floor":33.0},{"not_picked":["Dagger Throw+1","Deadly Poison"],"picked":"PiercingWail","floor":35.0},{"not_picked":["Prepared","Outmaneuver"],"picked":"Backstab","floor":40.0},{"not_picked":["Bane","Expertise","Backflip"],"picked":"SKIP","floor":42.0},{"not_picked":["Glass Knife","PiercingWail"],"picked":"Setup+1","floor":46.0},{"not_picked":["Reflex","Dagger Throw+1","Underhanded Strike"],"picked":"SKIP","floor":47.0},{"not_picked":["All Out Attack+1","Dagger Spray+1"],"picked":"Adrenaline","floor":48}],"player_experience":9510,"relics_obtained":[{"floor":6.0,"key":"Meat on the Bone"},{"floor":9.0,"key":"Darkstone Periapt"},{"floor":10.0,"key":"Potion Belt"},{"floor":14.0,"key":"Eternal Feather"},{"floor":23.0,"key":"Frozen Egg 2"},{"floor":26.0,"key":"MawBank"},{"floor":28.0,"key":"InkBottle"},{"floor":37.0,"key":"Gambling Chip"},{"floor":40.0,"key":"Omamori"},{"floor":43.0,"key":"The Courier"},{"floor":46.0,"key":"Dream Catcher"},{"floor":48,"key":"Smiling Mask"}],"event_choices":[{"damage_healed":0.0,"max_hp_gain":0.0,"max_hp_loss":0.0,"gold_gain":0.0,"event_name":"Living Wall","player_choice":"Grow","floor":3.0,"gold_loss":0.0,"damage_taken":0.0,"cards_upgraded":["Noxious Fumes"]},{"damage_healed":0.0,"max_hp_gain":0.0,"max_hp_loss":0.0,"gold_gain":0.0,"event_name":"Shining Light","player_choice":"Entered Light","floor":12.0,"gold_loss":0.0,"damage_taken":14.0,"cards_upgraded":["Defend_G","Defend_G"]},{"damage_healed":0.0,"max_hp_gain":0.0,"max_hp_loss":0.0,"gold_gain":0.0,"event_name":"Upgrade Shrine","player_choice":"Upgraded","floor":13.0,"gold_loss":0.0,"damage_taken":0.0,"cards_upgraded":["Survivor"]},{"cards_removed":["Strike_G"],"damage_healed":0.0,"max_hp_gain":0.0,"max_hp_loss":0.0,"gold_gain":0.0,"event_name":"Bonfire Elementals","player_choice":"Offered Basic","floor":20.0,"gold_loss":0.0,"damage_taken":0.0},{"damage_healed":0.0,"max_hp_gain":0.0,"max_hp_loss":0.0,"gold_gain":0.0,"event_name":"Tomb of Lord Red Mask","player_choice":"Ignored","floor":36.0,"gold_loss":0.0,"damage_taken":0.0},{"damage_healed":0.0,"max_hp_gain":0.0,"max_hp_loss":0.0,"gold_gain":0.0,"event_name":"Mysterious Sphere","player_choice":"Fight","floor":37.0,"gold_loss":0.0,"damage_taken":0.0},{"damage_healed":0.0,"max_hp_gain":0.0,"max_hp_loss":0.0,"gold_gain":0.0,"event_name":"The Woman in Blue","player_choice":"Bought 2 Potions","floor":38.0,"gold_loss":0.0,"damage_taken":0.0}],"is_beta":false,"boss_relics":[{"not_picked":["SlaversCollar","Calling Bell"],"picked":"Runic Pyramid"},{"not_picked":["Snecko Eye","Cursed Key"],"picked":"Astrolabe"}],"items_purged_floors":[5,39],"is_endless":false,"potions_floor_spawned":[2,6,8,10,18,22,27,31,33,37,46,48],"ascension_level":3}}