{"host":"czzthkrvfe6r7fjf","time":1613365493,"event":{"mods":["ATMod(∞¢Ë™Mod)","Act Like it!","BaseMod","Downfall","GungeonMod","Marisa£®ÏF”Í°°ƒß¿Ì…≥£©","Minty Spire (QoL Compilation)","Quick Restart","StSLib","The Servant 0.9.4","Waifu the Spire","°æπ¶ƒ‹Mod°øªÏ„Á÷Æª∑–ﬁ∏¥≤π∂°"],"gold_per_floor":[115,115,1,76,251,278,278,305,351,368,401,419,431,486,486,604,604,623,656,162,162,181,221,221,221,276,309,309,309],"floor_reached":28,"language":"ZHS","playtime":661,"items_purged":["Regret","Doubt"],"score":493,"play_id":"a60aba70-f126-4007-9f93-cba192be31c6","local_time":"20210215130453","is_ascension_mode":true,"campfire_choices":[{"data":"AT_Desolate","floor":7.0,"key":"SMITH"},{"data":"MagicChant","floor":15.0,"key":"SMITH"},{"floor":24,"key":"REST"}],"circlet_count":0,"master_deck":["AscendersBane","Strike_MRS","Strike_MRS","Strike_MRS+1","Strike_MRS","Defend_MRS","Defend_MRS","Defend_MRS","Defend_MRS","MasterSpark","UpSweep","AT_Desolate+1","WitchOfGreed","MagicChant+1","DC+1","StarBarrage","GrandCross","SporeBomb","MysteriousBeam","GrandCross","GrandCross+1","MeteoricShower","Metamorphosis","Acceleration","EventHorizon+1"],"relics":["MiniHakkero","AT_ATBox","NeowsBlessing","AT_BellDemon","Frozen Egg 2","Lantern","Nunchaku","Tiny Chest","Mercury Hourglass","AT_ChloranthyRing","Kunai","InkBottle","HandmadeGrimoire","bronze:MakeshiftBattery","Art of War","Eternal Feather","DemoMod:PoisonVial","Whetstone","DemoMod:GlassGuonStoneRelic"],"acts_visited":["Exordium","TheCity"],"potions_floor_usage":[],"damage_taken":[{"damage":0.0,"enemies":"2 Louse","floor":1.0,"turns":1.0},{"damage":0.0,"enemies":"Lagavulin","floor":6.0,"turns":1.0},{"damage":0.0,"enemies":"3 Sentries","floor":8.0,"turns":2.0},{"damage":0.0,"enemies":"Jaw Worm","floor":10.0,"turns":1.0},{"damage":9.0,"enemies":"Small Slimes","floor":11.0,"turns":2.0},{"damage":0.0,"enemies":"Blue Slaver","floor":12.0,"turns":1.0},{"damage":12.0,"enemies":"3 Louse","floor":13.0,"turns":2.0},{"damage":9.0,"enemies":"Gremlin Nob","floor":14.0,"turns":3.0},{"damage":24.0,"enemies":"Hexaghost","floor":16.0,"turns":4.0},{"damage":6.0,"enemies":"Shell Parasite","floor":18.0,"turns":2.0},{"damage":10.0,"enemies":"3 Byrds","floor":19.0,"turns":4.0},{"damage":0,"enemies":"Centurion and Healer","floor":22,"turns":2},{"damage":47,"enemies":"Slavers","floor":23,"turns":4},{"damage":19,"enemies":"Snake Plant","floor":27,"turns":3},{"damage":0,"enemies":"Book of Stabbing","floor":28,"turns":1}],"seed_played":"149054205680167231","potions_obtained":[{"floor":1.0,"key":"Strength Potion"},{"floor":6.0,"key":"Swift Potion"},{"floor":10.0,"key":"Strength Potion"},{"floor":11.0,"key":"BlessingOfTheForge"},{"floor":14.0,"key":"Strength Potion"},{"floor":16.0,"key":"FairyPotion"},{"floor":23,"key":"Fire Potion"}],"is_trial":false,"path_per_floor":["M","?","$","?","?","E","R","E","T","M","M","M","M","E","R","B",null,"M","M","$","?","M","E","R","?","T","M","E"],"character_chosen":"MARISA","items_purchased":["MagicChant","MeteoricShower","Art of War","Metamorphosis"],"campfire_rested":1,"item_purchase_floors":[3,20,20,20],"current_hp_per_floor":[68,68,68,57,57,57,57,57,57,57,48,48,36,27,27,3,57,51,41,41,41,41,22,59,45,45,26,26,26],"gold":309,"neow_bonus":"THREE_ENEMY_KILL","is_daily":false,"chose_seed":false,"campfire_upgraded":2,"win_rate":0.0,"timestamp":1613365493,"path_taken":["M","?","$","?","?","E","R","E","T","M","M","M","?","E","R","BOSS","M","M","$","?","M","E","R","?","T","M","E"],"items_purchased_type":["Card","Card","Relic","Card"],"build_version":"2020-12-22","purchased_purges":2,"victory":false,"max_hp_per_floor":[75,75,75,75,75,75,75,75,75,75,75,75,75,75,75,75,75,75,75,75,75,75,75,75,80,80,80,80,80],"card_choices":[{"not_picked":["UnstableBomb","NonDirectionalLaser"],"picked":"WitchOfGreed","floor":1.0},{"not_picked":["BinaryStars","OpenUniverse"],"picked":"DC","floor":6.0},{"not_picked":["IllusionStar","GasGiant"],"picked":"StarBarrage","floor":8.0},{"not_picked":["PropBag","WitchLeyline"],"picked":"GrandCross","floor":10.0},{"not_picked":["FairyDestructionRay","DeepEcoloBomb"],"picked":"SporeBomb","floor":11.0},{"not_picked":["NonDirectionalLaser","WitchOfGreed+1"],"picked":"MysteriousBeam","floor":12.0},{"not_picked":["GravityBeat","GasGiant","FairyDestructionRay"],"picked":"SKIP","floor":13.0},{"not_picked":["DarkSpark","AbsoluteMagnitude","DoubleSpark"],"picked":"SKIP","floor":14.0},{"not_picked":["GalacticHalo","StarlightTyphoon+1"],"picked":"GrandCross","floor":18.0},{"not_picked":["ChargingUp","SporeBomb"],"picked":"GrandCross+1","floor":19.0},{"not_picked":["MysteriousBeam","TreasureHunter"],"picked":"Acceleration","floor":22},{"not_picked":["DragonMeteor","GalacticHalo"],"picked":"EventHorizon+1","floor":23},{"not_picked":["NonDirectionalLaser","WitchOfGreed+1","OpenUniverse"],"picked":"SKIP","floor":27}],"player_experience":227419,"relics_obtained":[{"floor":6.0,"key":"Frozen Egg 2"},{"floor":6.0,"key":"Lantern"},{"floor":8.0,"key":"Nunchaku"},{"floor":9.0,"key":"Tiny Chest"},{"floor":10.0,"key":"Mercury Hourglass"},{"floor":11.0,"key":"AT_ChloranthyRing"},{"floor":12.0,"key":"Kunai"},{"floor":13.0,"key":"InkBottle"},{"floor":14.0,"key":"HandmadeGrimoire"},{"floor":23,"key":"DemoMod:PoisonVial"},{"floor":26,"key":"Whetstone"}],"event_choices":[{"damage_healed":0.0,"max_hp_gain":0.0,"max_hp_loss":0.0,"gold_gain":0.0,"event_name":"Big Fish","player_choice":"Box","floor":2.0,"gold_loss":0.0,"damage_taken":0.0,"relics_obtained":["AT_BellDemon"],"cards_obtained":["Regret"]},{"damage_healed":0.0,"max_hp_gain":0.0,"max_hp_loss":0.0,"gold_gain":75.0,"event_name":"World of Goop","player_choice":"Gather Gold","floor":4.0,"gold_loss":0.0,"damage_taken":11.0},{"damage_healed":0.0,"max_hp_gain":0.0,"max_hp_loss":0.0,"gold_gain":175.0,"event_name":"Liars Game","player_choice":"AGREE","floor":5.0,"gold_loss":0.0,"damage_taken":0.0,"cards_obtained":["Doubt"]},{"damage_healed":0.0,"max_hp_gain":0.0,"max_hp_loss":0.0,"gold_gain":0.0,"event_name":"The Mausoleum","player_choice":"Opened","floor":21.0,"gold_loss":0.0,"damage_taken":0.0,"relics_obtained":["Eternal Feather"]},{"damage_healed":0,"gold_gain":0,"player_choice":"Shed Blood","damage_taken":19,"max_hp_gain":5,"max_hp_loss":0,"event_name":"Forgotten Altar","floor":25,"gold_loss":0}],"is_beta":false,"boss_relics":[{"not_picked":["Sozu","Ectoplasm"],"picked":"bronze:MakeshiftBattery"}],"items_purged_floors":[3,20],"is_endless":false,"potions_floor_spawned":[1,6,10,11,13,19,23,27],"killed_by":"Book of Stabbing","ascension_level":12}}