{"host":"zq15pup7vna0uxo1","time":1613415457,"event":{"mods":["BaseMod","Bestiary","Colored Map","Downfall","Minty Spire (QoL Compilation)","Replay The Spire","StSLib"],"gold_per_floor":[368,380,330,342,362,394,118,8,8,8,24,44,54,54,54,153,153,93,113,44,44,62,62,23,42,67,80,80,80,107,107,107,217,217,237,261,261,46,46,46],"floor_reached":39,"language":"ENG","playtime":1862,"items_purged":["Strike_B","Strike_B"],"score":419,"play_id":"8246fcf3-2a5b-4fa6-93a6-8c18a37990d6","local_time":"20210215195737","is_ascension_mode":true,"campfire_choices":[{"data":"Capacitor","floor":10,"key":"SMITH"},{"floor":15,"key":"REST"},{"floor":23,"key":"REST"},{"floor":28,"key":"REST"},{"data":"Defragment","floor":32,"key":"SMITH"}],"circlet_count":0,"master_deck":["Strike_B","Defend_B","Defend_B","Defend_B","Defend_B","Zap","Dualcast","Redo","Ball Lightning","Self Repair","Thunder Strike","Capacitor+1","Chaos","Leap","Cold Snap","Thunder Strike","Zap","Echo Form","CurseOfTheBell","Defragment+1","Hello World","Ball Lightning+1","Genetic Algorithm","Storm+1","Machine Learning","Auto Shields+1","Coolheaded+1","Loop+1"],"relics":["Cracked Core","Blue Candle","BargainBundle","Replay:WaspNest","Eternal Feather","Odd Mushroom","Calling Bell","Omamori","HornCleat","Replay:PocketPolymizer","CeramicFish","Honey Jar","Membership Card"],"acts_visited":["Exordium","TheCity","TheBeyond"],"potions_floor_usage":[6,16,16,16],"damage_taken":[{"damage":1,"enemies":"2 Louse","floor":1,"turns":2},{"damage":11,"enemies":"Small Slimes","floor":2,"turns":4},{"damage":1,"enemies":"Cultist","floor":4,"turns":3},{"damage":1,"enemies":"2 Fungi Beasts","floor":5,"turns":3},{"damage":16,"enemies":"Lagavulin","floor":6,"turns":5},{"damage":8,"enemies":"Looter","floor":11,"turns":3},{"damage":18,"enemies":"The Mushroom Lair","floor":12,"turns":5},{"damage":15,"enemies":"Lots of Slimes","floor":13,"turns":4},{"damage":19,"enemies":"Slime Boss","floor":16,"turns":10},{"damage":15,"enemies":"2 Thieves","floor":18,"turns":4},{"damage":30,"enemies":"3 Byrds","floor":19,"turns":5},{"damage":17,"enemies":"Snecko","floor":22,"turns":6},{"damage":42,"enemies":"Shelled Parasite and Fungi","floor":25,"turns":6},{"damage":14,"enemies":"Centurion and Healer","floor":27,"turns":8},{"damage":30,"enemies":"Chosen and Byrds","floor":30,"turns":4},{"damage":52,"enemies":"Automaton","floor":33,"turns":8},{"damage":65,"enemies":"3 Darklings","floor":35,"turns":6},{"damage":9,"enemies":"Orb Walker","floor":36,"turns":4},{"damage":14,"enemies":"Spire Growth","floor":39,"turns":3}],"seed_played":"-7425406353170399475","potions_obtained":[{"floor":1,"key":"EssenceOfSteel"},{"floor":2,"key":"Fire Potion"},{"floor":6,"key":"FocusPotion"},{"floor":12,"key":"Explosive Potion"},{"floor":30,"key":"FearPotion"},{"floor":36,"key":"sneckomod:MuddlingPotion"}],"is_trial":false,"path_per_floor":["M","M","?","M","M","E","$","?","T","R","M","?","M","?","R","B",null,"M","M","$","$","M","R","$","M","T","M","R","?","M","?","R_BF","B",null,"M","M","?","$","M"],"character_chosen":"DEFECT","items_purchased":["Capacitor","BargainBundle","Chaos","Leap","Defragment","Ball Lightning+1","Membership Card","Loop+1"],"campfire_rested":3,"item_purchase_floors":[7,7,7,7,20,24,38,38],"current_hp_per_floor":[67,56,56,55,54,45,45,45,45,54,53,42,34,34,63,51,68,60,37,37,37,27,59,59,24,24,24,56,68,52,52,67,22,68,10,8,8,8,0,0],"gold":46,"neow_bonus":"TWO_FIFTY_GOLD","is_daily":false,"chose_seed":false,"campfire_upgraded":2,"win_rate":0.0,"timestamp":1613415457,"path_taken":["M","M","?","M","M","E","$","?","T","R","?","?","M","?","R","BOSS","M","M","?","$","M","R","$","M","T","M","R","?","?","?","R_BF","BOSS","M","M","?","$","M"],"items_purchased_type":["Card","Relic","Card","Card","Card","Card","Relic","Card"],"build_version":"2020-12-22","purchased_purges":2,"victory":false,"max_hp_per_floor":[68,68,68,68,68,68,68,68,68,68,68,68,68,68,68,68,68,68,68,68,68,68,68,68,68,68,68,68,68,68,68,68,68,68,68,68,68,68,68,68],"card_choices":[{"not_picked":["Reinforced Body","Compile Driver"],"picked":"Redo","floor":1},{"not_picked":["Rip and Tear","Barrage"],"picked":"Ball Lightning","floor":2},{"not_picked":["BootSequence","Stack","Turbo"],"picked":"SKIP","floor":4},{"not_picked":["Conserve Battery","Loop"],"picked":"Self Repair","floor":5},{"not_picked":["Self Repair","Reinforced Body"],"picked":"Thunder Strike","floor":6},{"not_picked":["Turbo","Hologram","BasicCrystalCard"],"picked":"SKIP","floor":11},{"not_picked":["Go for the Eyes","Conserve Battery"],"picked":"Cold Snap","floor":12},{"not_picked":["Turbo","Scrape","Go for the Eyes"],"picked":"SKIP","floor":13},{"not_picked":["Hyperbeam","Thunder Strike"],"picked":"Echo Form","floor":16},{"not_picked":["Streamline","Compile Driver+1","ReplayTheSpireMod:System Scan"],"picked":"SKIP","floor":18},{"not_picked":["Compile Driver+1","Beam Cell","Doom and Gloom"],"picked":"SKIP","floor":19},{"not_picked":["Sweeping Beam","Conserve Battery"],"picked":"Hello World","floor":22},{"not_picked":["Time Bomb+1","Auto Shields"],"picked":"Genetic Algorithm","floor":25},{"not_picked":["ReplayTheSpireMod:Repulse","ReplayTheSpireMod:GoodbyeWorld","Go for the Eyes"],"picked":"SKIP","floor":27},{"not_picked":["Leap","Aggregate"],"picked":"Storm+1","floor":30},{"not_picked":["Multi-Cast","Echo Form"],"picked":"Machine Learning","floor":33},{"not_picked":["Leap","FTL","Steam Power"],"picked":"Auto Shields+1","floor":35},{"not_picked":["Rip and Tear","Leap+1","Ball Lightning+1"],"picked":"Coolheaded+1","floor":36}],"player_experience":1192257,"relics_obtained":[{"floor":6,"key":"Blue Candle"},{"floor":9,"key":"Eternal Feather"},{"floor":12,"key":"Odd Mushroom"},{"floor":17,"key":"Omamori"},{"floor":17,"key":"HornCleat"},{"floor":17,"key":"Replay:PocketPolymizer"},{"floor":26,"key":"CeramicFish"}],"event_choices":[{"cards_removed":["Strike_B"],"damage_healed":0,"gold_gain":0,"player_choice":"Card Removal","damage_taken":0,"max_hp_gain":0,"max_hp_loss":0,"event_name":"The Cleric","floor":3,"gold_loss":50},{"damage_healed":0,"gold_gain":0,"player_choice":"Paid Gold","damage_taken":0,"relics_obtained":["Replay:WaspNest"],"max_hp_gain":0,"max_hp_loss":0,"event_name":"WeMeetAgain","floor":8,"gold_loss":110},{"damage_healed":0,"gold_gain":0,"player_choice":"Fought Mushrooms","damage_taken":0,"max_hp_gain":0,"max_hp_loss":0,"event_name":"Mushrooms","floor":12,"gold_loss":0},{"damage_healed":0,"gold_gain":0,"player_choice":"2 cards matched","damage_taken":0,"max_hp_gain":0,"max_hp_loss":0,"event_name":"Match and Keep!","floor":14,"gold_loss":0,"cards_obtained":["Thunder Strike","Zap"]},{"damage_healed":12,"gold_gain":0,"player_choice":"Full Heal","damage_taken":0,"max_hp_gain":0,"max_hp_loss":0,"event_name":"Wheel of Change","floor":29,"gold_loss":0},{"damage_healed":0,"gold_gain":0,"player_choice":"Ignored","damage_taken":0,"max_hp_gain":0,"max_hp_loss":0,"event_name":"Cursed Tome","floor":31,"gold_loss":0},{"damage_healed":0,"gold_gain":0,"player_choice":"Ignored","damage_taken":0,"max_hp_gain":0,"max_hp_loss":0,"event_name":"SecretPortal","floor":37,"gold_loss":0}],"is_beta":false,"boss_relics":[{"not_picked":["Velvet Choker","Pandora\u0027s Box"],"picked":"Calling Bell"},{"not_picked":["Fusion Hammer","Replay:Bronze Core"],"picked":"Honey Jar"}],"items_purged_floors":[7,38],"is_endless":false,"potions_floor_spawned":[1,2,6,12,13,30,36],"killed_by":"Spire Growth","ascension_level":2}}