{"host":"3498uni0c31c9bdm","time":1613384778,"event":{"mods":["BaseMod","Better Match","Better Note","Better Sensory Stone","Better Skull","Better Third Choice","Colored Map","Minty Spire (QoL Compilation)","Quick Restart","RNG Fix","Random Character Button","Replay The Spire","Shop Mod","Smile Girya","StSLib","Unceasing Turn Reminder"],"gold_per_floor":[129,129,129,164,20,20,51,51,51,151,151,198,210,240,240,342,342,379,76,61,61,261,261,261],"floor_reached":23,"language":"ENG","playtime":863,"items_purged":[],"score":293,"play_id":"af928da9-7e32-4b83-9bb2-20623ded3433","local_time":"20210215212618","is_ascension_mode":true,"campfire_choices":[{"data":"Clothesline","floor":6,"key":"SMITH"},{"floor":8,"key":"RECALL"},{"data":"Defend_R","floor":11,"key":"SMITH"},{"floor":15,"key":"REST"}],"circlet_count":0,"master_deck":["AscendersBane","Strike_R","Strike_R","Strike_R","Strike_R","Strike_R","Defend_R","Defend_R","Defend_R","Defend_R+1","Bash+1","CommonCold","HandOfGreed","Sword Boomerang","Clothesline+1","Carnage","Iron Wave","Shockwave","Uppercut","Armaments","Juggernaut","ReplayTheSpireMod:Stacked+1","Combust"],"relics":["Burning Blood","GremlinMask","Orichalcum","Kunai","Dream Catcher","Runic Cube","Calipers","The Courier"],"acts_visited":["Exordium","TheCity"],"potions_floor_usage":[16],"damage_taken":[{"damage":9,"enemies":"Jaw Worm","floor":1,"turns":4},{"damage":4,"enemies":"2 Louse","floor":4,"turns":6},{"damage":2,"enemies":"Small Slimes","floor":7,"turns":3},{"damage":68,"enemies":"Lagavulin","floor":12,"turns":9},{"damage":4,"enemies":"Blue Slaver","floor":13,"turns":4},{"damage":2,"enemies":"3 Louse","floor":14,"turns":3},{"damage":45,"enemies":"Hexaghost","floor":16,"turns":15},{"damage":12,"enemies":"Chosen","floor":18,"turns":5},{"damage":28,"enemies":"2 Thieves","floor":20,"turns":5},{"damage":68,"enemies":"Gremlin Leader","floor":23,"turns":7}],"seed_played":"2969116691121554162","potions_obtained":[{"floor":7,"key":"FairyPotion"},{"floor":12,"key":"Regen Potion"},{"floor":20,"key":"Elixir"}],"is_trial":false,"path_per_floor":["M","?","?","M","$","R","M","R","T","?","R","E","M","M","R","B",null,"M","$","M","?","?","E"],"character_chosen":"IRONCLAD","items_purchased":["Orichalcum","Calipers"],"campfire_rested":1,"item_purchase_floors":[5,19],"current_hp_per_floor":[69,69,69,71,71,71,75,75,75,75,75,13,15,19,43,19,65,59,59,37,37,37,0,0],"gold":261,"neow_bonus":"RANDOM_COLORLESS_2","is_daily":false,"chose_seed":false,"campfire_upgraded":2,"win_rate":0.0,"timestamp":1613384778,"path_taken":["M","?","?","M","$","R","M","R","T","?","R","E","M","M","R","BOSS","M","$","?","?","?","E"],"items_purchased_type":["Relic","Relic"],"build_version":"2020-12-22","purchased_purges":0,"victory":false,"max_hp_per_floor":[80,80,80,80,80,80,80,80,80,80,80,80,80,80,80,80,80,80,80,80,80,80,80,80],"card_choices":[{"not_picked":["Violence","Midas Touch"],"picked":"HandOfGreed","floor":0},{"not_picked":["True Grit","Reckless Charge"],"picked":"Sword Boomerang","floor":1},{"not_picked":["Heavy Blade","Headbutt"],"picked":"Clothesline","floor":4},{"not_picked":["Corruption","Sword Boomerang"],"picked":"Carnage","floor":7},{"not_picked":["Seeing Red","Pummel"],"picked":"Iron Wave","floor":12},{"not_picked":["Entrench","Warcry"],"picked":"Shockwave","floor":13},{"not_picked":["Iron Wave","Flex"],"picked":"Uppercut","floor":14},{"not_picked":["Sword Boomerang","Thunderclap"],"picked":"Armaments","floor":15},{"not_picked":["Replay:Many Hands","Offering"],"picked":"Juggernaut","floor":16},{"not_picked":["True Grit","Flex"],"picked":"ReplayTheSpireMod:Stacked+1","floor":18},{"not_picked":["Warcry","Havoc"],"picked":"Combust","floor":20}],"player_experience":911838,"relics_obtained":[{"floor":9,"key":"Kunai"},{"floor":12,"key":"Dream Catcher"}],"event_choices":[{"damage_healed":0,"gold_gain":0,"player_choice":"Grow","damage_taken":0,"max_hp_gain":0,"max_hp_loss":0,"event_name":"Living Wall","floor":2,"gold_loss":0,"cards_upgraded":["Bash"]},{"damage_healed":0,"gold_gain":0,"player_choice":"Trade","damage_taken":0,"relics_obtained":["GremlinMask"],"max_hp_gain":0,"max_hp_loss":0,"event_name":"FaceTrader","floor":3,"gold_loss":0},{"damage_healed":0,"gold_gain":100,"player_choice":"Gold","damage_taken":0,"max_hp_gain":0,"max_hp_loss":0,"event_name":"Wheel of Change","floor":10,"gold_loss":0},{"damage_healed":0,"gold_gain":0,"player_choice":"Gave Potion","damage_taken":0,"relics_obtained":["The Courier"],"max_hp_gain":0,"max_hp_loss":0,"event_name":"WeMeetAgain","floor":21,"gold_loss":0},{"damage_healed":0,"gold_gain":200,"player_choice":"Gold","damage_taken":0,"max_hp_gain":0,"max_hp_loss":0,"event_name":"Wheel of Change","floor":22,"gold_loss":0}],"is_beta":false,"boss_relics":[{"not_picked":["Coffee Dripper","Runic Dome"],"picked":"Runic Cube"}],"items_purged_floors":[],"is_endless":false,"potions_floor_spawned":[7,12,13,14,20],"killed_by":"Gremlin Leader","ascension_level":11}}