{"host":"1wqvkeuqk47laf9u","time":1613347866,"event":{"mods":["100% Spire Juice","ATMod(∞¢Ë™Mod)","Act Like it!","Arknights","BaseMod","Colored Map","Colored Powertips","Decade(Õı–°√˜)","Gensokyo","GifTheSpireLib","Hallownest","Koishi","KomeijiMod","Marisa£®ÏF”Í°°ƒß¿Ì…≥£©","Minty Spire (QoL Compilation)","Reimu£®≤©¿ˆ¡È√Œ£©","Reliquary","Remilia£®¿Ÿ√◊¿Ú—«£©","Replay The Spire","Robot Space Explorer","SOS£®Àπ∞Õ¥Ô÷Æ◊”£©","StSLib","The Administrix","The Animator","The Cursed","The Dragon Tamer","The Poker Player","The Servant 0.9.4","UnlockEverythingMod","Yakumo Yukari mod","Youmu£®ªÍ∆«—˝√Œ£©","Yuyuko","[GremlinLeader]The Maniac","°æ“≈ŒÔø®≈∆°øREMEMod"],"gold_per_floor":[19,37,37,57,57,57,83,83,110,110,121,134,57,86,86,190,190,205,205,115,115,134,134,186,186,186,186,30,46,46,46,46,143,143,157,11,11,11,64,392,406,406,483,46,147,3,3,42,42,247],"floor_reached":51,"language":"ZHS","playtime":2935,"items_purged":["Strike_Lin:ReiMu","Strike_Lin:ReiMu"],"score":772,"play_id":"f933e37f-1f90-418b-adee-21948cf015fb","local_time":"20210215081106","is_ascension_mode":false,"campfire_choices":[{"data":"GluttonyofRealm_purpleEX","floor":6,"key":"SMITH"},{"data":"SpreadBorder2:ReiMu","floor":8,"key":"SMITH"},{"data":"NB:ReiMu","floor":10,"key":"SMITH"},{"data":"MikOfLucky:ReiMu","floor":15,"key":"SMITH"},{"data":"DependentForm:ReiMu","floor":25,"key":"SMITH"},{"data":"Authority:ReiMu","floor":27,"key":"SMITH"},{"data":"FantasyMoon:ReiMu","floor":32,"key":"SMITH"},{"data":"BlastKick2:ReiMu","floor":42,"key":"SMITH"},{"data":"REME_WheelOfFate","floor":49,"key":"SMITH"}],"circlet_count":0,"master_deck":["Strike_Lin:ReiMu","Defend_Lin:ReiMu","Defend_Lin:ReiMu","NB:ReiMu+1","Stagnation:ReiMu","GluttonyofRealm_purpleEX+1","Authority:ReiMu+1","UpKicking:ReiMu","Amulet:ReiMu","SpreadBorder2:ReiMu+1","SafetyPray:ReiMu","Shading:ReiMu","FantasyMoon:ReiMu+1","MikOfLucky:ReiMu+1","OrbThrow:ReiMu","SpreadBorder2:ReiMu","Conquer:ReiMu","UniversalSpiritual:ReiMu","NineCharacters:ReiMu+1","Authority:ReiMu","Dreaming2:ReiMu+1","Pot Of Greed","Pot Of Greed","LearningPray:ReiMu+1","Pot Of Greed","WonderfulDomain:ReiMu","PhosphorusFlame:ReiMu","BlastKick2:ReiMu+1","REME_WheelOfFate+1","Revelation:ReiMu+1","TightArray:ReiMu"],"relics":["FlyPower:ReiMu","REME_ComplimentaryCards","AT_ATBox","Bow_fan:ReiMu","Blue Candle","Bronze Scales","Odd Mushroom","Coffee Dripper","Hallownest:StagBellRelic1","AT_SunfireAegis","reliquary:SharkskinSheath","RedLine:ReiMu","Grinning Jar","Gensokyo:EmptyGrave","MealTicket","Old Coin","AT_TimeSand","AT_MibuBalloonWealth","Replay:Kaleidoscope","REME_CardOfGreed","Simple Rune"],"acts_visited":["Exordium","Hallownest:CityofTears","Gensokyo:Gensokyoest"],"potions_floor_usage":[11,18,45,50,50],"damage_taken":[{"damage":0,"enemies":"2 Louse","floor":1,"turns":3},{"damage":0,"enemies":"Cultist","floor":2,"turns":4},{"damage":0,"enemies":"Jaw Worm","floor":4,"turns":5},{"damage":1,"enemies":"Lagavulin","floor":7,"turns":12},{"damage":0,"enemies":"2 Fungi Beasts","floor":11,"turns":4},{"damage":0,"enemies":"3 Louse","floor":12,"turns":3},{"damage":8,"enemies":"The Mushroom Lair","floor":14,"turns":6},{"damage":4,"enemies":"Hexaghost","floor":16,"turns":13},{"damage":13,"enemies":"Hallownest:3_Youths","floor":18,"turns":6},{"damage":27,"enemies":"Hallownest:2_Mistakes","floor":22,"turns":13},{"damage":23,"enemies":"Hallownest:2_Mistakes","floor":23,"turns":9},{"damage":0,"enemies":"Hallownest:monsterShrumalOgre","floor":29,"turns":5},{"damage":1,"enemies":"Hallownest:BossGrimm","floor":33,"turns":9},{"damage":0,"enemies":"Gensokyo:3_Boulders","floor":35,"turns":5},{"damage":0,"enemies":"Gensokyo:Doremy","floor":40,"turns":6},{"damage":7,"enemies":"Gensokyo:3_Bats","floor":41,"turns":4},{"damage":25,"enemies":"Gensokyo:Kasen","floor":45,"turns":6},{"damage":0,"enemies":"Gensokyo:Sharpion","floor":48,"turns":4},{"damage":9,"enemies":"Gensokyo:Yuyuko","floor":50,"turns":5}],"seed_played":"1693719586567197911","potions_obtained":[{"floor":1,"key":"FairyPotion"},{"floor":11,"key":"Fruit Juice"},{"floor":14,"key":"DistilledChaos"},{"floor":18,"key":"CalmPotion"},{"floor":22,"key":"ZuzhouPotion:ReiMu"},{"floor":39,"key":"PanachePotion"},{"floor":40,"key":"AttackPotion"},{"floor":48,"key":"LiquidBronze"}],"is_trial":false,"path_per_floor":["M","M","?","M","$","R","E","R","T","R","M","M","$","?","R_BF","B",null,"M","?","?","?","M","?","T","R","T","R","$","M","?","$","R","B",null,"M","$","?","?","?","E","M","R","T","$","E","COS","?","M","R_BF","B",null],"character_chosen":"REIMU","items_purchased":["MikOfLucky:ReiMu","UniversalSpiritual:ReiMu","Grinning Jar","AT_MibuBalloonWealth","REME_WheelOfFate"],"campfire_rested":0,"item_purchase_floors":[13,28,36,44,44],"current_hp_per_floor":[68,71,59,62,62,62,65,65,65,65,74,78,78,74,74,70,95,86,99,99,95,72,49,49,49,49,49,49,49,49,49,49,48,103,107,107,99,99,75,99,96,96,96,103,78,78,78,78,78,78],"gold":247,"neow_bonus":"TRANSFORM_TWO_CARDS","is_daily":false,"chose_seed":false,"campfire_upgraded":9,"win_rate":0.0,"timestamp":1613347866,"path_taken":["M","M","?","M","?","R","E","R","T","R","M","M","$","?","R_BF","BOSS","M","?","?","?","M","?","?","R","T","R","$","M","?","$","R","BOSS","M","$","?","?","?","E","M","R","T","$","E","COS","?","M","R_BF","BOSS"],"items_purchased_type":["Card","Card","Relic","Relic","Card"],"build_version":"2020-12-22","purchased_purges":2,"victory":true,"max_hp_per_floor":[68,71,71,74,74,74,78,78,78,78,87,91,91,95,95,95,95,99,99,99,99,103,103,103,103,103,103,103,103,103,103,103,103,103,107,107,99,99,99,99,103,103,103,103,103,103,103,103,103,103],"card_choices":[{"not_picked":["Dreaming2:ReiMu","YinYangSign:ReiMu"],"picked":"Amulet:ReiMu","floor":1},{"not_picked":["Amulet:ReiMu","ForcedLanding:ReiMu","AlertArray:ReiMu"],"picked":"SKIP","floor":2},{"not_picked":["AlertArray:ReiMu","EmergencyTakeOff:ReiMu"],"picked":"SpreadBorder2:ReiMu","floor":4},{"not_picked":["AlertArray:ReiMu","SpringWay:ReiMu"],"picked":"SafetyPray:ReiMu","floor":7},{"not_picked":["SpreadBorder2:ReiMu","Enchanting:ReiMu"],"picked":"Shading:ReiMu","floor":11},{"not_picked":["Enchanting:ReiMu","Amulet:ReiMu"],"picked":"FantasyMoon:ReiMu","floor":12},{"not_picked":["AirStrike:ReiMu","EmergencyTakeOff:ReiMu"],"picked":"OrbThrow:ReiMu","floor":14},{"not_picked":["SubcavityFantasy:ReiMu","CeremonyResonance:ReiMu"],"picked":"DependentForm:ReiMu","floor":16},{"not_picked":["EmergencyTakeOff:ReiMu","UniversalSpiritual:ReiMu"],"picked":"SpreadBorder2:ReiMu","floor":18},{"not_picked":["SpreadBorder2:ReiMu","Intuition:ReiMu"],"picked":"Conquer:ReiMu","floor":22},{"not_picked":["PhosphorusFlame:ReiMu","AirStrike:ReiMu"],"picked":"NineCharacters:ReiMu+1","floor":29},{"not_picked":["HakureiPhantom:ReiMu","SubcavityFantasy:ReiMu"],"picked":"Authority:ReiMu","floor":33},{"not_picked":["Enchanting:ReiMu+1","YinYangSign:ReiMu"],"picked":"Dreaming2:ReiMu+1","floor":35},{"not_picked":["WonderfulDomain:ReiMu","TakeOff:ReiMu"],"picked":"LearningPray:ReiMu+1","floor":39},{"not_picked":["Intuition:ReiMu","LearningPray:ReiMu+1"],"picked":"WonderfulDomain:ReiMu","floor":39},{"not_picked":["PayForSelf:ReiMu","FoulBorder2:ReiMu+1"],"picked":"PhosphorusFlame:ReiMu","floor":40},{"not_picked":["Intuition:ReiMu+1","WonderfulDomain:ReiMu+1"],"picked":"BlastKick2:ReiMu","floor":41},{"not_picked":["SubAcupoint:ReiMu","Dreaming2:ReiMu"],"picked":"Revelation:ReiMu+1","floor":45},{"not_picked":["AlertArray:ReiMu+1","SubAcupoint:ReiMu+1"],"picked":"TightArray:ReiMu","floor":48}],"player_experience":94273,"relics_obtained":[{"floor":7,"key":"Blue Candle"},{"floor":9,"key":"Bronze Scales"},{"floor":14,"key":"Odd Mushroom"},{"floor":24,"key":"AT_SunfireAegis"},{"floor":26,"key":"reliquary:SharkskinSheath"},{"floor":39,"key":"MealTicket"},{"floor":40,"key":"Old Coin"},{"floor":43,"key":"AT_TimeSand"},{"floor":45,"key":"Replay:Kaleidoscope"}],"event_choices":[{"damage_healed":0,"gold_gain":0,"player_choice":"Success","damage_taken":12,"relics_obtained":["Bow_fan:ReiMu"],"max_hp_gain":0,"max_hp_loss":0,"event_name":"Scrap Ooze","floor":3,"gold_loss":0},{"damage_healed":0,"gold_gain":0,"player_choice":"Fought Mushrooms","damage_taken":0,"max_hp_gain":0,"max_hp_loss":0,"event_name":"Mushrooms","floor":14,"gold_loss":0}],"is_beta":false,"boss_relics":[{"not_picked":["reliquary:KinkedSpring","Abe\u0027s Treasure"],"picked":"Coffee Dripper"},{"not_picked":["Painkiller Herb","reliquary:Craggleroot"],"picked":"RedLine:ReiMu"}],"items_purged_floors":[28,44],"is_endless":false,"potions_floor_spawned":[1,11,14,18,22,40,48],"ascension_level":0}}