{"host":"m6e09adb7fik7oct","time":1613425371,"event":{"mods":["AchievementEnabler","BaseMod","Better Altar","Better Note","Better Sensory Stone","Better Third Choice","BetterRewards","Block Reminder","Colored Map","Displayed Cursed Tome","Energized Spire","Evolution","Infinite Spire","Ironclad Rager","Key Reminder","Mad Scientist","Minty Spire (QoL Compilation)","Quick Restart","RNG Fix","Relic Stats","Reorder Act Four","Replay The Spire","StSLib","The Construct","The Jungle","The Marked","Trackpad","Transform Curses","Unceasing Turn Reminder","Wandering Minibosses","everything is the same but u backflip on backflip"],"gold_per_floor":[114,129,129,129,144,174,24,24,24,54,54,69,113,143,143,243,243,258,273,273,288,303,303,333,348,348,42,72,72,72,87,87,187,187,211,220,220,235,94,124,124,163,172,202,202,232,41,65,65,65],"floor_reached":51,"language":"ENG","playtime":7572,"items_purged":["Shame","Replay:Undeath\u0027s Touch"],"score":1096,"play_id":"9a195362-7d1c-46f6-9110-1a90733d7c4b","local_time":"20210215164251","daily_mods":["SealedDeck","Diverse","Elite Swarm"],"is_ascension_mode":false,"campfire_choices":[{"data":"theMarked:EmpowerWeapon","floor":8.0,"key":"SMITH"},{"data":"construct:OneWayMirror","floor":11.0,"key":"SMITH"},{"floor":15.0,"key":"REST"},{"data":"White Noise","floor":23.0,"key":"SMITH"},{"data":"construct:Accumulate","floor":29.0,"key":"SMITH"},{"floor":32.0,"key":"DIG"},{"data":"infinitespire:Punishment","floor":41.0,"key":"SMITH"},{"floor":49,"key":"DIG"}],"circlet_count":0,"master_deck":["construct:Reinforce+1","theMarked:Parkour","theMarked:EmpowerWeapon+1","MadScienceMod:Inflate","theMarked:ContemptForTheProud","theMarked:SwordAndMagic","ReplayTheSpireMod:Stacked","construct:HardReboot+1","construct:OneWayMirror+1","White Noise+1","Draining Mist","Die Die Die+1","construct:Accumulate+1","Overencumbered","Feel No Pain+1","construct:Versatility","construct:HyperBeam+1","Dramatic Entrance+1","Ragnarok+1","Carnage+1","infinitespire:Punishment+1","Reaper+1","Storm of Steel+1","Shame","theMarked:OneWithTheBlade+1","theMarked:Polarize"],"relics":["Ring of the Snake","EVO:Axolotl","infinitespire:Cubic Diamond","Potion Belt","Orichalcum","Golden Egg","infinitespire:Golems Mask","Lantern","Omamori","Replay:Ancient Bell","trackpad:PetRock","Kunai","Ice Cream","theJungle:PaperFaux","Replay:Rubber Ducky","infinitespire:CheckeredPen","trackpad:BiPhaseBiplane","Centennial Puzzle","CeramicFish","Cursed Key","HornCleat","TungstenRod","Replay:Multitool","infinitespire:CursedDice","Durian","War Paint","BargainBundle","trackpad:ToughGloves"],"acts_visited":["Exordium","Exordium","TheBeyond"],"potions_floor_usage":[45,50],"damage_taken":[{"damage":0.0,"enemies":"2 Louse","floor":1.0,"turns":1.0},{"damage":0.0,"enemies":"Jaw Worm","floor":2.0,"turns":2.0},{"damage":0.0,"enemies":"Small Slimes","floor":5.0,"turns":3.0},{"damage":0.0,"enemies":"Replay:BlueRogue","floor":6.0,"turns":4.0},{"damage":24.0,"enemies":"Lagavulin","floor":10.0,"turns":6.0},{"damage":0.0,"enemies":"3 Louse","floor":12.0,"turns":2.0},{"damage":6.0,"enemies":"3 Sentries","floor":13.0,"turns":4.0},{"damage":3.0,"enemies":"3 Sentries","floor":14.0,"turns":4.0},{"damage":37.0,"enemies":"Slime Boss","floor":16.0,"turns":9.0},{"damage":2.0,"enemies":"theJungle:MUSHROOMGANG","floor":18.0,"turns":2.0},{"damage":10.0,"enemies":"theJungle:GiantWrat","floor":19.0,"turns":3.0},{"damage":0.0,"enemies":"theJungle:2_Snecko_Cultists","floor":21.0,"turns":2.0},{"damage":9.0,"enemies":"theJungle:SlimyTreeVines","floor":22.0,"turns":6.0},{"damage":0.0,"enemies":"theJungle:2_Phrogs","floor":24.0,"turns":6.0},{"damage":0.0,"enemies":"Snake Plant","floor":25.0,"turns":2.0},{"damage":0.0,"enemies":"theJungle:MamaSnecko","floor":28.0,"turns":3.0},{"damage":0.0,"enemies":"theJungle:2_Snecko_Cultists","floor":31.0,"turns":2.0},{"damage":58.0,"enemies":"theJungle:TotemBoss","floor":33.0,"turns":7.0},{"damage":1.0,"enemies":"3 Darklings","floor":35.0,"turns":4.0},{"damage":1.0,"enemies":"Orb Walker","floor":38.0,"turns":2.0},{"damage":0.0,"enemies":"R_Hoarder","floor":40.0,"turns":3.0},{"damage":11.0,"enemies":"Reptomancer","floor":42.0,"turns":4.0},{"damage":0,"enemies":"R_Hoarder","floor":44,"turns":4},{"damage":4,"enemies":"Giant Head","floor":46,"turns":5},{"damage":8,"enemies":"Sphere and 2 Shapes","floor":48,"turns":2},{"damage":25,"enemies":"infinitespire:MassOfShapes","floor":50,"turns":8}],"seed_played":"6099103822572544471","potions_obtained":[{"floor":1.0,"key":"Weak Potion"},{"floor":6.0,"key":"Fire Potion"},{"floor":13.0,"key":"Dexterity Potion"},{"floor":16.0,"key":"FearPotion"},{"floor":21.0,"key":"Cursed Concoction"},{"floor":24.0,"key":"Milkshake"},{"floor":25.0,"key":"Milkshake"},{"floor":35.0,"key":"EssenceOfSteel"},{"floor":40.0,"key":"Flashbang"},{"floor":42.0,"key":"GamblersBrew"},{"floor":45,"key":"FairyPotion"},{"floor":45,"key":"Fruit Juice"},{"floor":45,"key":"ColorlessPotion"}],"is_trial":false,"path_per_floor":["M","M","?","$","M","E","$","R","T","E","R","M","?","E","R","B",null,"M","M","?","M","M","R","E","M","T","$","E","R","?","M","R_BF","B",null,"M","AVR","?","M","$","E","R","E","T","E","?","E","$","M","R","B",null],"character_chosen":"THE_DEFAULT","items_purchased":["Orichalcum","trackpad:BiPhaseBiplane","Dramatic Entrance","Reaper","BargainBundle","theMarked:OneWithTheBlade"],"campfire_rested":1,"item_purchase_floors":[7,27,27,39,47,47],"current_hp_per_floor":[71,71,71,71,71,71,71,71,71,47,47,47,41,38,59,22,71,69,59,59,59,55,55,55,55,55,55,55,55,81,81,81,23,81,80,80,80,79,79,79,79,80,80,85,90,91,91,83,83,79],"gold":65,"neow_bonus":"","is_daily":true,"chose_seed":false,"campfire_upgraded":5,"win_rate":0.0,"timestamp":1613425371,"path_taken":["M","M","?","?","M","E","$","R","T","E","R","?","?","E","R","BOSS","M","M","?","M","M","R","E","M","T","$","E","R","?","M","R_BF","BOSS","M","AVR","?","?","?","E","R","E","T","E","?","E","$","?","R","BOSS"],"items_purchased_type":["Relic","Relic","Card","Card","Relic","Card"],"build_version":"2020-12-22","purchased_purges":2,"victory":true,"max_hp_per_floor":[71,71,71,71,71,71,71,71,71,71,71,71,71,71,71,71,71,71,71,71,71,71,71,71,71,71,71,71,71,81,81,81,81,81,81,81,81,81,81,81,81,81,81,86,91,91,91,91,91,91],"relic_stats":{"Centennial Puzzle":[21],"counters":[26,100],"CeramicFish":63,"Kunai":[26],"Orichalcum":[174],"War Paint":["construct:Reinforce","construct:HardReboot"],"Cursed Key":1,"obtain_stats":[{"Ice Cream":17,"Golden Egg":9,"Lantern":13,"CeramicFish":32,"trackpad:PetRock":17,"infinitespire:Cubic Diamond":3,"Replay:Multitool":42,"EVO:Axolotl":0,"theJungle:PaperFaux":20,"Cursed Key":34,"Replay:Rubber Ducky":24,"trackpad:ToughGloves":49,"Centennial Puzzle":28,"HornCleat":37,"infinitespire:Golems Mask":10,"Kunai":17,"trackpad:BiPhaseBiplane":27,"Ring of the Snake":3,"Potion Belt":6,"BargainBundle":47,"infinitespire:CursedDice":43,"Omamori":14,"Replay:Ancient Bell":17,"infinitespire:CheckeredPen":26,"Orichalcum":7,"War Paint":46,"theMarked:ArtifactOfAir":0,"Durian":44,"TungstenRod":40},{"Ice Cream":9,"Golden Egg":4,"Lantern":7,"CeramicFish":17,"trackpad:PetRock":9,"infinitespire:Cubic Diamond":2,"Replay:Multitool":22,"EVO:Axolotl":0,"theJungle:PaperFaux":11,"Cursed Key":18,"Replay:Rubber Ducky":14,"trackpad:ToughGloves":25,"Centennial Puzzle":16,"HornCleat":19,"infinitespire:Golems Mask":5,"Kunai":9,"trackpad:BiPhaseBiplane":15,"Ring of the Snake":2,"Potion Belt":4,"BargainBundle":24,"infinitespire:CursedDice":22,"Omamori":8,"Replay:Ancient Bell":9,"infinitespire:CheckeredPen":15,"Orichalcum":4,"War Paint":24,"theMarked:ArtifactOfAir":0,"Durian":23,"TungstenRod":21},{"Ice Cream":35,"Golden Egg":10,"Lantern":22,"CeramicFish":61,"trackpad:PetRock":35,"infinitespire:Cubic Diamond":3,"Replay:Multitool":81,"EVO:Axolotl":0,"theJungle:PaperFaux":40,"Cursed Key":68,"Replay:Rubber Ducky":54,"trackpad:ToughGloves":92,"Centennial Puzzle":59,"HornCleat":72,"infinitespire:Golems Mask":16,"Kunai":35,"trackpad:BiPhaseBiplane":56,"Ring of the Snake":3,"Potion Belt":10,"BargainBundle":90,"infinitespire:CursedDice":81,"Omamori":26,"Replay:Ancient Bell":35,"infinitespire:CheckeredPen":56,"Orichalcum":10,"War Paint":90,"theMarked:ArtifactOfAir":0,"Durian":85,"TungstenRod":77}],"TungstenRod":12,"Ring of the Snake":[51]},"card_choices":[{"not_picked":["Panic Button","Poisoned Stab"],"picked":"White Noise","floor":1.0},{"not_picked":["Hologram","Panic Button"],"picked":"Draining Mist","floor":2.0},{"not_picked":["Deadly Poison","theMarked:ElectricStrings","Leap"],"picked":"SKIP","floor":5.0},{"not_picked":["Venomology","MadScienceMod:Generator","A Thousand Cuts"],"picked":"SKIP","floor":6.0},{"not_picked":["Glass Knife","Unload"],"picked":"Die Die Die","floor":10.0},{"not_picked":["Backflip","ReplayTheSpireMod:Tripwire","construct:Missile"],"picked":"SKIP","floor":12.0},{"not_picked":["theMarked:Overthink","Prepared"],"picked":"construct:Accumulate","floor":13.0},{"not_picked":["Impervious","MadScienceMod:Refine","Wraith Form v2"],"picked":"SKIP","floor":14.0},{"not_picked":["MadScienceMod:CloneVats","Poison Darts"],"picked":"Judgement","floor":16.0},{"not_picked":["infinitespire:Pacifist","ReplayTheSpireMod:Splinters"],"picked":"Injury","floor":17.0},{"not_picked":["Pain","Doubt"],"picked":"Overencumbered","floor":17.0},{"not_picked":["Languid","Decay"],"picked":"Overencumbered","floor":17.0},{"not_picked":["Steam","Battle Trance","Chill"],"picked":"SKIP","floor":18.0},{"not_picked":["construct:Anticipate+1","construct:ScrapCannon","WreathOfFlame+1"],"picked":"SKIP","floor":19.0},{"not_picked":["MadScienceMod:FumeBlast","Flying Knee"],"picked":"Feel No Pain+1","floor":21.0},{"not_picked":["MadScienceMod:AutoStrike+1","Blade Dance"],"picked":"construct:Versatility","floor":22.0},{"not_picked":["Replay:LoomingThreat","theMarked:Challenge"],"picked":"construct:HyperBeam","floor":24.0},{"not_picked":["Blade Dance","PathToVictory","theMarked:Friction"],"picked":"SKIP","floor":25.0},{"not_picked":["ReplayTheSpireMod:Omega Cannon","Phantasmal Killer"],"picked":"Ragnarok","floor":28.0},{"not_picked":["MadScienceMod:ExploreOptions","MadScienceMod:LightOnFire","Redo"],"picked":"SKIP","floor":31.0},{"not_picked":["theMarked:RepellingDischarge","construct:Isolate+1"],"picked":"Carnage+1","floor":35.0},{"not_picked":["construct:Versatility","construct:ScrapCannon","Flex+1"],"picked":"SKIP","floor":38.0},{"not_picked":["ReplayTheSpireMod:Necrosis","Rainbow","Buffer"],"picked":"SKIP","floor":40.0},{"not_picked":["Hemogenesis","Brilliance"],"picked":"Storm of Steel","floor":42.0},{"not_picked":["ConjureBlade","MadScienceMod:Assemble","Doppelganger"],"picked":"SKIP","floor":44},{"not_picked":["MadScienceMod:Jetpack","Glass Knife","MadScienceMod:Refine"],"picked":"SKIP","floor":46},{"not_picked":["Rebound+1","WindmillStrike+1"],"picked":"theMarked:Polarize","floor":48}],"player_experience":412565,"relics_obtained":[{"floor":6.0,"key":"Potion Belt"},{"floor":9.0,"key":"Golden Egg"},{"floor":10.0,"key":"infinitespire:Golems Mask"},{"floor":13.0,"key":"Lantern"},{"floor":14.0,"key":"Omamori"},{"floor":24.0,"key":"Replay:Rubber Ducky"},{"floor":26.0,"key":"infinitespire:CheckeredPen"},{"floor":28.0,"key":"Centennial Puzzle"},{"floor":32.0,"key":"CeramicFish"},{"floor":40.0,"key":"TungstenRod"},{"floor":42.0,"key":"Replay:Multitool"},{"floor":43.0,"key":"infinitespire:CursedDice"},{"floor":44,"key":"Durian"},{"floor":46,"key":"War Paint"},{"floor":49,"key":"trackpad:ToughGloves"}],"event_choices":[{"damage_healed":0.0,"max_hp_gain":0.0,"max_hp_loss":0.0,"gold_gain":0.0,"event_name":"Dead Adventurer","player_choice":"Searched \u00271\u0027 times","floor":13.0,"gold_loss":0.0,"damage_taken":0.0},{"cards_removed":["Judgement"],"damage_healed":16.0,"max_hp_gain":10.0,"max_hp_loss":0.0,"gold_gain":0.0,"event_name":"Bonfire Elementals","player_choice":"Offered Rare","floor":30.0,"gold_loss":0.0,"damage_taken":0.0},{"damage_healed":0.0,"max_hp_gain":0.0,"max_hp_loss":0.0,"gold_gain":0.0,"event_name":"WeMeetAgain","player_choice":"Gave Potion","floor":37.0,"gold_loss":0.0,"damage_taken":0.0,"relics_obtained":["HornCleat"]},{"damage_healed":0,"gold_gain":0,"player_choice":"Got Potions","damage_taken":0,"max_hp_gain":0,"max_hp_loss":0,"event_name":"Lab","floor":45,"gold_loss":0}],"is_beta":false,"boss_relics":[{"not_picked":["Ring of Chaos","Calling Bell"],"picked":"Replay:Ancient Bell"},{"not_picked":["Bag of Marbles","ReplayFunnel"],"picked":"trackpad:PetRock"},{"not_picked":["trackpad:ByrdBGone","Chameleon Ring"],"picked":"Kunai"},{"not_picked":["Peace Pipe","Replay:Towering Pillar of Hats"],"picked":"Ice Cream"},{"not_picked":["Coffee Dripper","construct:ClawGrip"],"picked":"Cursed Key"}],"items_purged_floors":[27,47],"is_endless":false,"potions_floor_spawned":[1,6,13,16,21,24,25,35,40,42,46],"ascension_level":0}}