{"host":"qp7xs8nuzfsyommi","time":1613425597,"event":{"mods":["2.2 Compatiblity","BaseMod","Colored Powertips","DeckTracker","Highlight Path","Minty Spire (QoL Compilation)","Permanent Neow","Quick Restart","StSLib"],"gold_per_floor":[119,136,136,154,168,168,202,202,277,310,54,82,82,109,109,186,186,206,226,243,77,96,96,114,141,141,158,158,177,177,177],"floor_reached":30,"language":"ENG","playtime":2086,"items_purged":[],"score":664,"play_id":"4e1ab4b9-e975-4566-8a2a-690552dfe739","local_time":"20210215164637","is_ascension_mode":true,"campfire_choices":[{"data":"Zap","floor":6.0,"key":"SMITH"},{"data":"Redo","floor":13.0,"key":"SMITH"},{"floor":15.0,"key":"RECALL"},{"floor":23.0,"key":"REST"},{"floor":28.0,"key":"REST"}],"circlet_count":0,"master_deck":["AscendersBane","Zap+1","Dualcast","Force Field","BootSequence","Rip and Tear","Hologram","Redo+1","All For One","Static Discharge","Leap","Self Repair","Sweeping Beam","Beam Cell","Go for the Eyes","Gash","Gash+1","Bandage Up","Steam","Heatsinks","Doom and Gloom+1","Streamline+1","Reinforced Body","Streamline+1","Multi-Cast","BootSequence","Defragment","Leap","All For One+1","Melter+1","Gash+1","Hologram","Recycle"],"relics":["Pandora\u0027s Box","Turnip","Molten Egg 2","Regal Pillow","Orrery","Orichalcum","Letter Opener","SacredBark","Bottled Tornado"],"acts_visited":["Exordium","TheCity"],"potions_floor_usage":[],"damage_taken":[{"damage":0.0,"enemies":"2 Louse","floor":1.0,"turns":2.0},{"damage":2.0,"enemies":"Jaw Worm","floor":2.0,"turns":3.0},{"damage":6.0,"enemies":"Cultist","floor":4.0,"turns":5.0},{"damage":11.0,"enemies":"Looter","floor":5.0,"turns":3.0},{"damage":17.0,"enemies":"3 Sentries","floor":7.0,"turns":5.0},{"damage":10.0,"enemies":"Lagavulin","floor":10.0,"turns":5.0},{"damage":8.0,"enemies":"Gremlin Nob","floor":12.0,"turns":3.0},{"damage":1.0,"enemies":"3 Sentries","floor":14.0,"turns":5.0},{"damage":0.0,"enemies":"The Guardian","floor":16.0,"turns":6.0},{"damage":16.0,"enemies":"Shell Parasite","floor":18.0,"turns":5.0},{"damage":19.0,"enemies":"3 Byrds","floor":19.0,"turns":4.0},{"damage":37.0,"enemies":"3 Cultists","floor":20.0,"turns":5.0},{"damage":9.0,"enemies":"Centurion and Healer","floor":22.0,"turns":8.0},{"damage":0.0,"enemies":"Shelled Parasite and Fungi","floor":24.0,"turns":3.0},{"damage":56.0,"enemies":"Gremlin Leader","floor":25.0,"turns":8.0},{"damage":32.0,"enemies":"Chosen and Byrds","floor":27.0,"turns":6.0},{"damage":1.0,"enemies":"Centurion and Healer","floor":29.0,"turns":7.0},{"damage":70,"enemies":"Masked Bandits","floor":30,"turns":3}],"seed_played":"3267657497899516500","potions_obtained":[{"floor":4.0,"key":"AttackPotion"},{"floor":5.0,"key":"Block Potion"},{"floor":8.0,"key":"EntropicBrew"},{"floor":8.0,"key":"EntropicBrew"},{"floor":14.0,"key":"PowerPotion"},{"floor":16.0,"key":"Energy Potion"},{"floor":19.0,"key":"SpeedPotion"},{"floor":22.0,"key":"SneckoOil"},{"floor":24.0,"key":"Fruit Juice"},{"floor":25.0,"key":"PotionOfCapacity"}],"is_trial":false,"path_per_floor":["M","M","?","M","M","R","E","?","T","E","$","E","R","E","R","B",null,"M","M","M","$","M","R","M","E","T","M","R","M","?"],"character_chosen":"DEFECT","items_purchased":["Bandage Up","Orrery","All For One+1"],"campfire_rested":2,"item_purchase_floors":[11,11,21],"current_hp_per_floor":[64,69,74,75,71,71,61,61,61,72,72,68,68,71,71,76,76,71,63,37,37,39,76,86,37,37,16,56,66,0,0],"gold":177,"neow_bonus":"BOSS_RELIC","is_daily":false,"chose_seed":false,"campfire_upgraded":2,"win_rate":0.0,"timestamp":1613425597,"path_taken":["M","M","?","M","M","R","E","?","T","E","$","E","R","E","R","BOSS","M","M","M","$","M","R","M","E","T","?","R","M","?"],"items_purchased_type":["Card","Relic","Card"],"build_version":"2020-12-22","purchased_purges":0,"victory":false,"max_hp_per_floor":[71,71,76,76,76,76,76,76,76,76,76,76,76,76,76,76,76,76,76,76,76,76,76,86,86,86,86,86,86,86,86],"card_choices":[{"not_picked":["Conserve Battery","Leap"],"picked":"Self Repair","floor":1.0},{"not_picked":["Cold Snap","Scrape"],"picked":"Sweeping Beam","floor":2.0},{"not_picked":["Coolheaded","Redo"],"picked":"Beam Cell","floor":4.0},{"not_picked":["Leap","Hologram"],"picked":"Go for the Eyes","floor":5.0},{"not_picked":["Rebound","Static Discharge"],"picked":"Gash","floor":7.0},{"not_picked":["Meteor Strike+1","Leap"],"picked":"Gash+1","floor":10.0},{"not_picked":["Coolheaded","Genetic Algorithm"],"picked":"Steam","floor":11.0},{"not_picked":["Barrage+1","Stack"],"picked":"Heatsinks","floor":11.0},{"not_picked":["Leap","Rainbow"],"picked":"Doom and Gloom+1","floor":11.0},{"not_picked":["Sweeping Beam+1","Doom and Gloom+1"],"picked":"Streamline+1","floor":11.0},{"not_picked":["Cold Snap+1","Chaos"],"picked":"Reinforced Body","floor":12.0},{"not_picked":["Redo","Compile Driver+1"],"picked":"Streamline+1","floor":14.0},{"not_picked":["Electrodynamics","Rainbow"],"picked":"Multi-Cast","floor":16.0},{"not_picked":["Tempest","Coolheaded+1"],"picked":"BootSequence","floor":18.0},{"not_picked":["Sunder+1","Tempest"],"picked":"Defragment","floor":19.0},{"not_picked":["Streamline+1","Beam Cell+1"],"picked":"Leap","floor":20.0},{"not_picked":["Static Discharge","Barrage+1"],"picked":"Melter+1","floor":22.0},{"not_picked":["Streamline+1","Redo","Darkness"],"picked":"SKIP","floor":24.0},{"not_picked":["Streamline+1","Redo","Darkness"],"picked":"SKIP","floor":24.0},{"not_picked":["Chill","Ball Lightning+1"],"picked":"Gash+1","floor":25.0},{"not_picked":["Skim","Steam Power+1"],"picked":"Hologram","floor":27.0},{"not_picked":["Hologram","Barrage+1"],"picked":"Recycle","floor":29.0}],"player_experience":1922060,"relics_obtained":[{"floor":7.0,"key":"Turnip"},{"floor":9.0,"key":"Molten Egg 2"},{"floor":10.0,"key":"Regal Pillow"},{"floor":12.0,"key":"Orichalcum"},{"floor":14.0,"key":"Letter Opener"},{"floor":25.0,"key":"Bottled Tornado"}],"event_choices":[{"damage_healed":0.0,"max_hp_gain":5.0,"max_hp_loss":0.0,"gold_gain":0.0,"event_name":"Big Fish","player_choice":"Donut","floor":3.0,"gold_loss":0.0,"damage_taken":0.0},{"damage_healed":0.0,"max_hp_gain":0.0,"max_hp_loss":0.0,"gold_gain":0.0,"event_name":"Lab","player_choice":"Got Potions","floor":8.0,"gold_loss":0.0,"damage_taken":0.0},{"damage_healed":0,"gold_gain":0,"player_choice":"Fought Bandits","damage_taken":0,"max_hp_gain":0,"max_hp_loss":0,"event_name":"Masked Bandits","floor":30,"gold_loss":0}],"is_beta":false,"boss_relics":[{"not_picked":["Black Star","Runic Dome"],"picked":"SacredBark"}],"items_purged_floors":[],"is_endless":false,"potions_floor_spawned":[4,5,14,16,19,22,24,25],"killed_by":"Masked Bandits","ascension_level":20}}