{"host":"z0i2956snhkzdzmn","time":1613411218,"event":{"mods":["2.2 Compatiblity","Act Like it!","Arknights","BaseMod","Better Skull","Better Vampires","BetterRewards","Block Reminder","CatGirl Mod","Colored Powertips","Conspire","Curses Come First","Dota2Spire","GifTheSpireLib","GungeonMod","Highlight Path","Minty Spire (QoL Compilation)","Pale of the Ancients","Permanent Neow","Quick Restart","Rare Cards Sparkle","Relic Stats","Reliquary","StSLib","The Judge","The Marked","The Showman","TheBandit","Unceasing Turn Reminder","thorton"],"gold_per_floor":[119,119,129,142,157,157,157,157],"floor_reached":7,"language":"ENG","playtime":456,"items_purged":[],"score":43,"play_id":"cf0929cb-6925-4c9c-88de-a7a1471c97e9","local_time":"20210215094658","is_ascension_mode":false,"campfire_choices":[{"floor":6,"key":"REST"}],"circlet_count":0,"master_deck":["theCatGirl:Strike","theCatGirl:Strike","theCatGirl:Strike","theCatGirl:Strike","theCatGirl:Defend","theCatGirl:Defend","theCatGirl:Defend","theCatGirl:Defend","theCatGirl:ClawStrike","theCatGirl:Evasion","theCatGirl:PoisedStrike","theCatGirl:Prepared","theCatGirl:SmellFear","theCatGirl:TrainWreck"],"relics":["theCatGirl:TrainedRelic","Oddly Smooth Stone","conspire:DeflatedDodgeball"],"acts_visited":["Exordium"],"potions_floor_usage":[5],"damage_taken":[{"damage":3,"enemies":"Jaw Worm","floor":1,"turns":4},{"damage":0,"enemies":"Cultist","floor":3,"turns":4},{"damage":0,"enemies":"conspire:RoseBush","floor":4,"turns":4},{"damage":11,"enemies":"conspire:2 RoseBushes","floor":5,"turns":7},{"damage":80,"enemies":"Gremlin Nob","floor":7,"turns":6}],"seed_played":"4369662324172353142","potions_obtained":[{"floor":3,"key":"Block Potion"}],"is_trial":false,"path_per_floor":["M","T","M","M","M","R","E"],"character_chosen":"THE_CATGIRL","items_purchased":[],"campfire_rested":1,"item_purchase_floors":[],"current_hp_per_floor":[67,67,67,67,56,70,0,0],"gold":157,"neow_bonus":"RANDOM_COMMON_RELIC","is_daily":false,"chose_seed":false,"campfire_upgraded":0,"win_rate":0.0,"timestamp":1613411218,"path_taken":["M","?","M","M","M","R","E"],"items_purchased_type":[],"build_version":"2020-12-22","purchased_purges":0,"victory":false,"max_hp_per_floor":[70,70,70,70,70,70,70,70],"relic_stats":{"counters":[5,25],"obtain_stats":[{"theCatGirl:TrainedRelic":0,"Oddly Smooth Stone":0,"conspire:DeflatedDodgeball":2},{"theCatGirl:TrainedRelic":0,"Oddly Smooth Stone":0,"conspire:DeflatedDodgeball":1},{"theCatGirl:TrainedRelic":0,"Oddly Smooth Stone":0,"conspire:DeflatedDodgeball":4}]},"card_choices":[{"not_picked":["theCatGirl:Growl","theCatGirl:DecliningDefenses"],"picked":"theCatGirl:PoisedStrike","floor":1},{"not_picked":["theCatGirl:LostTrinket","theCatGirl:FumblingBlow"],"picked":"theCatGirl:Prepared","floor":3},{"not_picked":["theCatGirl:GoddessOfMisfortune","theCatGirl:BloodScent"],"picked":"theCatGirl:SmellFear","floor":4},{"not_picked":["theCatGirl:AccidentalSlap","theCatGirl:LostTrinket"],"picked":"theCatGirl:TrainWreck","floor":5}],"player_experience":159389,"relics_obtained":[{"floor":2,"key":"conspire:DeflatedDodgeball"}],"event_choices":[],"is_beta":false,"boss_relics":[],"items_purged_floors":[],"is_endless":false,"potions_floor_spawned":[3],"killed_by":"Gremlin Nob","ascension_level":0}}