{"host":"qxeepl7ydvsgmfdb","time":1613376633,"event":{"mods":["AchievementEnabler","BaseMod","Colored Powertips","Minty Spire (QoL Compilation)","Quick Restart","slay the spire mod where everything is the same but ironclad has a cowboy hat"],"gold_per_floor":[112,60,76,76,89,118,118,136,136,56,91,102,102,102],"floor_reached":13,"language":"ENG","playtime":4387,"items_purged":[],"score":176,"play_id":"6907b868-ef1c-4325-a454-e274e8306ba1","local_time":"20210215031033","is_ascension_mode":true,"campfire_choices":[{"data":"Distraction","floor":7,"key":"SMITH"}],"circlet_count":0,"master_deck":["AscendersBane","Strike_G","Strike_G","Strike_G","Strike_G","Strike_G","Defend_G","Defend_G","Defend_G","Defend_G","Defend_G","Survivor","Neutralize","Slice+1","Distraction+1","Die Die Die","Blade Dance","Slice","Blade Dance"],"relics":["WristBlade","Nunchaku","Mummified Hand","Shovel"],"acts_visited":["Exordium"],"potions_floor_usage":[6,8,11,12],"damage_taken":[{"damage":2.0,"enemies":"2 Louse","floor":1.0,"turns":3.0},{"damage":2.0,"enemies":"Cultist","floor":3.0,"turns":4.0},{"damage":11.0,"enemies":"Jaw Worm","floor":5.0,"turns":4.0},{"damage":10,"enemies":"Gremlin Nob","floor":6,"turns":4},{"damage":21,"enemies":"Exordium Wildlife","floor":8,"turns":6},{"damage":10,"enemies":"3 Sentries","floor":11,"turns":4},{"damage":0,"enemies":"Large Slime","floor":12,"turns":4},{"damage":20,"enemies":"Lagavulin","floor":13,"turns":2}],"seed_played":"6555431914591621991","potions_obtained":[{"floor":3.0,"key":"SteroidPotion"},{"floor":6,"key":"ColorlessPotion"},{"floor":8,"key":"Strength Potion"},{"floor":12,"key":"Fruit Juice"}],"is_trial":false,"path_per_floor":["M","$","M","?","M","E","R","M","T","$","E","M","E"],"character_chosen":"THE_SILENT","items_purchased":["Slice","Blade Dance","Slice"],"campfire_rested":0,"item_purchase_floors":[2,10,10],"current_hp_per_floor":[57,57,55,55,44,34,34,13,13,13,3,8,0,0],"gold":102,"neow_bonus":"BOSS_RELIC","is_daily":false,"chose_seed":false,"campfire_upgraded":1,"win_rate":0.0,"timestamp":1613376633,"path_taken":["M","$","M","?","M","E","R","M","T","$","E","M","E"],"items_purchased_type":["Card","Card","Card"],"build_version":"2020-12-22","purchased_purges":0,"victory":false,"max_hp_per_floor":[66,66,66,66,66,66,66,66,66,66,66,71,71,71],"card_choices":[{"not_picked":["PiercingWail","Bane","Deadly Poison"],"picked":"SKIP","floor":1.0},{"not_picked":["Eviscerate","Caltrops","Predator"],"picked":"SKIP","floor":3.0},{"not_picked":["Tactician","Deadly Poison"],"picked":"Distraction","floor":5.0},{"not_picked":["Deadly Poison","Noxious Fumes"],"picked":"Die Die Die","floor":6},{"not_picked":["Underhanded Strike","Crippling Poison","Infinite Blades"],"picked":"SKIP","floor":8},{"not_picked":["Poisoned Stab","Tactician"],"picked":"Blade Dance","floor":11},{"not_picked":["Acrobatics","Expertise","Dagger Throw"],"picked":"SKIP","floor":12}],"player_experience":144376,"relics_obtained":[{"floor":6,"key":"Nunchaku"},{"floor":9,"key":"Mummified Hand"},{"floor":11,"key":"Shovel"}],"event_choices":[{"damage_healed":0.0,"max_hp_gain":0.0,"max_hp_loss":0.0,"gold_gain":0.0,"event_name":"Upgrade Shrine","player_choice":"Upgraded","floor":4.0,"gold_loss":0.0,"damage_taken":0.0,"cards_upgraded":["Slice"]}],"is_beta":false,"boss_relics":[],"items_purged_floors":[],"is_endless":false,"potions_floor_spawned":[3,6,8,12],"killed_by":"Lagavulin","ascension_level":17}}