{"host":"dtz8fhk52srfoofc","time":1613370549,"event":{"mods":["2.2 Compatiblity","AchievementEnabler","Aspiration","BaseMod","Beaked The Cultist","Better Altar","Better Match","Better Note","Better Sensory Stone","Better Third Choice","BetterRewards","Colored Map","Colored Powertips","Energized Spire","Gold Saver","Gremlin Skip","Highlight Path","Infinite Spire","JesterMod","Kratos Character Expansion","Minty Spire (QoL Compilation)","Permanent Neow","QueenMod","Quick Restart","Rare Cards Sparkle","Remove Card Discount Mod","Shop Mod","Somnambulant","Spicy Shops","StSLib","Steal the Spire","The Blackbeard","The Mystic","The Senshi","The Wild Card","TheHero","Transform Curses","Unceasing Turn Reminder","everything is the same but u backflip on backflip"],"gold_per_floor":[1406,1013,1025,1044,1057,1085,1085,291,291,291,291,303,64,75,75,172,172,172,172,172,172,172,172,172,172,172,172,172,18,18,18,18,18,18,18,18,18,18,18,18,16,16,16,0,0,0,0,0,0,0],"floor_reached":51,"language":"ENG","playtime":4052,"items_purged":["Pain"],"score":674,"play_id":"ec048ec6-b36e-4131-9c58-ce3e00d8267b","local_time":"20210215002909","is_ascension_mode":false,"campfire_choices":[{"data":"theSenshi:MoonPrismPowerMakeUp","floor":7,"key":"SMITH"},{"data":"theSenshi:SailorJupiterAssists","floor":11,"key":"SMITH"},{"data":"theSenshi:MoonPrincessHalation","floor":15,"key":"SMITH"},{"data":"theSenshi:MoonGorgeousMeditation","floor":23,"key":"SMITH"},{"data":"theSenshi:NeptunesGrace","floor":27,"key":"SMITH"},{"data":"theSenshi:RoseThrow","floor":32,"key":"SMITH"},{"floor":40,"key":"REST"},{"floor":42,"key":"REST"},{"floor":46,"key":"REST"},{"floor":49,"key":"REST"}],"circlet_count":0,"master_deck":["theSenshi:SailorKick","theSenshi:SailorKick","theSenshi:SailorKick","theSenshi:SailorBlock","theSenshi:SailorBlock","theSenshi:SailorBlock","theSenshi:SailorBlock","theSenshi:RoseThrow+1","theSenshi:MoonPrismPowerMakeUp+1","theSenshi:MoonTiaraMagic","theSenshi:SailorChibiMoonAssists","theSenshi:MoonCosmicPowerMakeUp","theSenshi:SailorChibiMoonAssists","theSenshi:SupersonicWaves","theSenshi:MoonPunch","theSenshi:TuxedoMaskAssists","theSenshi:TallSilhouette","theSenshi:SailorJupiterAssists+1","theSenshi:Sidestep","theSenshi:SailorMarsAssists","theSenshi:MoonSpiralHeartAttack","theSenshi:MoonPrincessHalation+1","theSenshi:MoonGorgeousMeditation+1","theSenshi:SailorMarsAssists+1","theSenshi:MoonCrisisMakeUp","theSenshi:SailorJupiterAssists+1","theSenshi:MoonKick","theSenshi:NeptunesGrace+1","theSenshi:SailorUranusAssists+1","theSenshi:MoonPunch","infinitespire:Gouge","theSenshi:WarriorOfTheMoon","theSenshi:MoonCosmicPowerMakeUp+1","theSenshi:JupitersPower","theSenshi:SailorPlanetAttack+1","theSenshi:CrisisMakeUp+1"],"relics":["theSenshi:TransformationBroochRelic","aspiration:Nostalgia","animeID:HeroCostume","Kunai","theSenshi:TiaraRelic","aspiration:AnachronicSnailShell","jesterMod:MirrorMask","theSenshi:CrisisMoonCompactRelic","theSenshi:HolyGrailRelic","Ectoplasm","Enchiridion","WarpedTongs","Pear","theSenshi:RedHairPiecesRelic","infinitespire:WardingShard","aspiration:SecretTechniqueScroll","Fusion Hammer","Omamori","Red Mask"],"acts_visited":["Exordium","TheCity","TheBeyond"],"potions_floor_usage":[5,8,16,28,50,50,50],"damage_taken":[{"damage":0,"enemies":"Jaw Worm","floor":1,"turns":5},{"damage":0,"enemies":"Cultist","floor":3,"turns":3},{"damage":8,"enemies":"Small Slimes","floor":4,"turns":3},{"damage":0,"enemies":"Gremlin Gang","floor":5,"turns":1},{"damage":14,"enemies":"Gremlin Nob","floor":6,"turns":4},{"damage":5,"enemies":"Lots of Slimes","floor":12,"turns":3},{"damage":0,"enemies":"Large Slime","floor":14,"turns":5},{"damage":21,"enemies":"Slime Boss","floor":16,"turns":11},{"damage":6,"enemies":"Spheric Guardian","floor":18,"turns":4},{"damage":0,"enemies":"3 Byrds","floor":19,"turns":3},{"damage":9,"enemies":"Centurion and Healer","floor":22,"turns":4},{"damage":0,"enemies":"Cultist and Chosen","floor":24,"turns":3},{"damage":0,"enemies":"Chosen and Byrds","floor":25,"turns":4},{"damage":0,"enemies":"Centurion and Healer","floor":28,"turns":3},{"damage":3,"enemies":"Snecko","floor":30,"turns":3},{"damage":14,"enemies":"Automaton","floor":33,"turns":7},{"damage":2,"enemies":"3 Darklings","floor":35,"turns":5},{"damage":0,"enemies":"Orb Walker","floor":36,"turns":2},{"damage":3,"enemies":"Jaw Worm Horde","floor":38,"turns":3},{"damage":0,"enemies":"Transient","floor":39,"turns":5},{"damage":16,"enemies":"Time Eater","floor":50,"turns":8}],"seed_played":"-8922320654512543930","potions_obtained":[{"floor":3,"key":"SneckoOil"},{"floor":4,"key":"Energy Potion"},{"floor":5,"key":"Energy Potion"},{"floor":14,"key":"ColorlessPotion"},{"floor":18,"key":"BlessingOfTheForge"},{"floor":22,"key":"Block Potion"},{"floor":35,"key":"CultistPotion"},{"floor":38,"key":"DuplicationPotion"}],"is_trial":false,"path_per_floor":["M","$","M","M","M","E","R","$","T","?","R","M","$","M","R","B",null,"M","M","?","?","M","R","M","M","T","R","M","$","M","AVR","R","B",null,"M","M","?","M","M","R","$","R","T","?","?","R","?","$","R","B",null],"character_chosen":"THE_SENSHI","items_purchased":["theSenshi:SailorChibiMoonAssists","theSenshi:MoonCosmicPowerMakeUp","EssenceOfSteel","Explosive Potion","theSenshi:TiaraRelic","aspiration:AnachronicSnailShell","theSenshi:TallSilhouette","theSenshi:SailorJupiterAssists","jesterMod:MirrorMask","Fruit Juice","theSenshi:HolyGrailRelic","theSenshi:SailorMarsAssists","theSenshi:MoonSpiralHeartAttack","theSenshi:RedHairPiecesRelic"],"campfire_rested":4,"item_purchase_floors":[2,2,2,2,8,8,8,8,8,8,13,13,13,29],"current_hp_per_floor":[75,75,75,69,69,59,59,64,64,64,64,61,61,63,63,50,80,74,76,60,60,55,55,57,59,69,69,73,73,72,72,72,64,90,89,90,90,90,90,90,90,90,90,90,90,90,90,90,90,78],"gold":0,"neow_bonus":"NOSTALGIA","is_daily":false,"chose_seed":false,"campfire_upgraded":6,"win_rate":0.0,"timestamp":1613370549,"path_taken":["M","$","M","M","M","E","R","$","T","?","R","M","?","?","R","BOSS","M","M","?","?","?","R","M","M","T","R","M","$","?","AVR","R","BOSS","M","M","?","?","M","R","$","R","T","?","?","R","?","?","R","BOSS"],"items_purchased_type":["Card","Card","Potion","Potion","Relic","Relic","Card","Card","Relic","Potion","Relic","Card","Card","Relic"],"build_version":"2020-12-22","purchased_purges":1,"victory":true,"max_hp_per_floor":[75,75,75,75,75,75,75,80,80,80,80,80,80,80,80,80,80,80,80,80,80,80,80,80,80,90,90,90,90,90,90,90,90,90,90,90,90,90,90,90,90,90,90,90,90,90,90,90,90,90],"card_choices":[{"not_picked":["theSenshi:MoonPower","theSenshi:Sidestep"],"picked":"theSenshi:MoonTiaraMagic","floor":1},{"not_picked":["theSenshi:DramaticEntrance","theSenshi:LunasBite"],"picked":"theSenshi:SailorChibiMoonAssists","floor":3},{"not_picked":["theSenshi:LateForSchool","theSenshi:MoonlightKnight"],"picked":"theSenshi:SupersonicWaves","floor":4},{"not_picked":["theSenshi:MoonTiaraMagic","theSenshi:MoonsReflection"],"picked":"theSenshi:MoonPunch","floor":5},{"not_picked":["theSenshi:SailorPlutoAssists","theSenshi:LateForSchool"],"picked":"theSenshi:TuxedoMaskAssists","floor":6},{"not_picked":["theSenshi:MoonsReflection","theSenshi:SailorStarFighterAssists"],"picked":"theSenshi:Sidestep","floor":12},{"not_picked":["theSenshi:Sidestep","theSenshi:GatheringStrength"],"picked":"theSenshi:MoonPrincessHalation","floor":14},{"not_picked":["theSenshi:SailorStarHealerAssists","theSenshi:SilverMoonCrystalPowerKiss"],"picked":"theSenshi:MoonGorgeousMeditation","floor":16},{"not_picked":["theSenshi:TuxedoSmokingBomber","theSenshi:SailorMercuryAssists"],"picked":"theSenshi:SailorMarsAssists+1","floor":18},{"not_picked":["theSenshi:StudyParty","theSenshi:MoonsReflection"],"picked":"theSenshi:MoonCrisisMakeUp","floor":19},{"not_picked":["theSenshi:LateForSchool","theSenshi:SailorChibiMoonAssists"],"picked":"theSenshi:SailorJupiterAssists+1","floor":22},{"not_picked":["theSenshi:RainbowMoonHeartAche","theSenshi:NeptunesGrace"],"picked":"theSenshi:MoonKick","floor":24},{"not_picked":["theSenshi:LunasBite","theSenshi:SailorUranusAssists"],"picked":"theSenshi:NeptunesGrace","floor":25},{"not_picked":["theSenshi:YouCanTalk+1","theSenshi:MoonTiaraMagic"],"picked":"theSenshi:SailorUranusAssists+1","floor":28},{"not_picked":["theSenshi:EncouragingSpeech","theSenshi:LunasBite"],"picked":"theSenshi:MoonPunch","floor":30},{"not_picked":["theSenshi:SailorCosmosAssists","theSenshi:ChibiMoonsLove"],"picked":"theSenshi:WarriorOfTheMoon","floor":33},{"not_picked":["theSenshi:SailorJupiterAssists","theSenshi:SupersonicWaves"],"picked":"theSenshi:MoonCosmicPowerMakeUp+1","floor":35},{"not_picked":["theSenshi:MoonPunch+1","theSenshi:HesSoDreamy+1"],"picked":"theSenshi:UranusStrength","floor":36},{"not_picked":["theSenshi:MoonTiaraMagic+1","theSenshi:SailorChibiMoonAssists+1"],"picked":"theSenshi:SailorPlanetAttack+1","floor":38},{"not_picked":["theSenshi:MercurysCunning","theSenshi:MoonPunch"],"picked":"theSenshi:CrisisMakeUp+1","floor":39}],"player_experience":246001,"relics_obtained":[{"floor":6,"key":"Kunai"},{"floor":9,"key":"theSenshi:CrisisMoonCompactRelic"},{"floor":20,"key":"Enchiridion"},{"floor":26,"key":"Pear"},{"floor":43,"key":"Omamori"}],"event_choices":[{"cards_removed":["theSenshi:SailorJupiterAssists"],"damage_healed":0,"gold_gain":0,"player_choice":"Give","damage_taken":0,"max_hp_gain":0,"max_hp_loss":0,"event_name":"betterNote:BetterNote","floor":10,"gold_loss":0,"cards_obtained":["KratosMod:blades"]},{"damage_healed":0,"gold_gain":0,"player_choice":"Obtained Book","damage_taken":16,"max_hp_gain":0,"max_hp_loss":0,"event_name":"Cursed Tome","floor":20,"gold_loss":0},{"damage_healed":0,"gold_gain":0,"player_choice":"Rummage","damage_taken":0,"relics_obtained":["WarpedTongs"],"max_hp_gain":0,"max_hp_loss":0,"event_name":"Accursed Blacksmith","floor":21,"gold_loss":0,"cards_obtained":["Pain"]},{"damage_healed":0,"gold_gain":0,"cards_transformed":["theSenshi:SailorKick"],"player_choice":"Transformed","damage_taken":0,"max_hp_gain":0,"max_hp_loss":0,"event_name":"Transmorgrifier","floor":37,"gold_loss":0,"cards_obtained":["theSenshi:JupitersPower"]},{"damage_healed":0,"gold_gain":0,"player_choice":"Paid","damage_taken":0,"relics_obtained":["Red Mask"],"max_hp_gain":0,"max_hp_loss":0,"event_name":"Tomb of Lord Red Mask","floor":44,"gold_loss":16},{"cards_removed":["theSenshi:UranusStrength"],"damage_healed":0,"gold_gain":0,"player_choice":"Removed Skill","damage_taken":0,"max_hp_gain":0,"max_hp_loss":0,"event_name":"Falling","floor":47,"gold_loss":0}],"is_beta":false,"boss_relics":[{"not_picked":["aspiration:RitualDagger","aspiration:PoetsPen_weak"],"picked":"Ectoplasm"},{"not_picked":["Black Star","energizedSpire:NeverEndingSparkler"],"picked":"Fusion Hammer"}],"items_purged_floors":[41],"is_endless":false,"potions_floor_spawned":[3,4,5,14,18,22,24,35,38],"ascension_level":0}}