{"host":"chv1qanoipyt46jc","time":1613368416,"event":{"mods":["2.2 Compatiblity","AchievementEnabler","BaseMod","BetterRewards","CapriCore","Card Filter","Evolution","Gold Saver","Grow up Mod","Marisa????????","Minty Spire (QoL Compilation)","Rare Cards Sparkle","Relic Filter","Remove Card Discount Mod","Reorder Act Four","StSLib"],"gold_per_floor":[909,979,1047,1113,1140,1224,1276,1293,1293,1283,1283,1355,1380,1437,1437,1591,1591,1659,1643,1657,1673,1691,1691,1709,1709,1709,1709,1737,1753,1765,1799,1799,1897,1897,1913,1930,1942,1957,1977,1977,1987,1987,1987,1987,1998,1998,2025,2045,2045,2045,2045,2045,2045,2070,2070],"floor_reached":56,"language":"ENG","playtime":2557,"items_purged":["Strike_MRS","Strike_MRS","Defend_MRS","Defend_MRS","Strike_MRS","Strike_MRS","Defend_MRS","Defend_MRS","MasterSpark","DoubleSpark","DC","UpSweep","Acceleration","Acceleration","Acceleration+1","WitchOfGreed","WitchOfGreed","WitchOfGreed+1","EarthLightRay","EarthLightRay","MillisecondPulsars+1"],"score":1785,"play_id":"36aecf3d-4d42-4da3-a25d-563d38b0b292","local_time":"20210214235336","is_ascension_mode":false,"campfire_choices":[{"data":"PowerUp","floor":11,"key":"SMITH"},{"data":"PowerUp","floor":15,"key":"SMITH"},{"floor":23,"key":"RECALL"},{"data":"NonDirectionalLaser","floor":25,"key":"SMITH"},{"data":"6A","floor":27,"key":"SMITH"},{"data":"6A","floor":32,"key":"SMITH"},{"floor":40,"key":"REST"},{"floor":42,"key":"REST"},{"floor":44,"key":"REST"},{"floor":46,"key":"REST"},{"floor":49,"key":"REST"},{"floor":53,"key":"REST"}],"circlet_count":0,"master_deck":["PowerUp+1","PowerUp+1","NonDirectionalLaser+1","6A+1","6A+1"],"relics":["BewitchedHakkero","EVO:Axolotl","Medical Kit","Frozen Egg 2","Membership Card","Pen Nib","ExperimentalFamiliar","Matryoshka","Shuriken","Akabeko","Peace Pipe","War Paint","Ornamental Fan","Vajra"],"acts_visited":["Exordium","TheCity","TheBeyond","TheEnding"],"potions_floor_usage":[1,55,55],"damage_taken":[{"damage":6,"enemies":"Cultist","floor":1,"turns":3},{"damage":0,"enemies":"Small Slimes","floor":2,"turns":3},{"damage":11,"enemies":"Jaw Worm","floor":3,"turns":3},{"damage":21,"enemies":"Red Slaver","floor":4,"turns":3},{"damage":10,"enemies":"Looter","floor":5,"turns":2},{"damage":41,"enemies":"Gremlin Nob","floor":6,"turns":5},{"damage":15,"enemies":"Lots of Slimes","floor":7,"turns":2},{"damage":8,"enemies":"Large Slime","floor":8,"turns":3},{"damage":13,"enemies":"2 Fungi Beasts","floor":12,"turns":4},{"damage":11,"enemies":"Exordium Thugs","floor":13,"turns":3},{"damage":8,"enemies":"Large Slime","floor":14,"turns":4},{"damage":34,"enemies":"Hexaghost","floor":16,"turns":6},{"damage":10,"enemies":"Chosen","floor":18,"turns":3},{"damage":0,"enemies":"3 Byrds","floor":20,"turns":2},{"damage":0,"enemies":"3 Cultists","floor":21,"turns":2},{"damage":0,"enemies":"Snake Plant","floor":22,"turns":2},{"damage":0,"enemies":"Snecko","floor":24,"turns":2},{"damage":0,"enemies":"Slavers","floor":28,"turns":2},{"damage":0,"enemies":"Centurion and Healer","floor":29,"turns":2},{"damage":0,"enemies":"Cultist and Chosen","floor":30,"turns":2},{"damage":0,"enemies":"Gremlin Leader","floor":31,"turns":2},{"damage":0,"enemies":"Champ","floor":33,"turns":3},{"damage":0,"enemies":"3 Shapes","floor":35,"turns":2},{"damage":0,"enemies":"3 Darklings","floor":36,"turns":2},{"damage":0,"enemies":"Sphere and 2 Shapes","floor":37,"turns":2},{"damage":22,"enemies":"Writhing Mass","floor":38,"turns":3},{"damage":0,"enemies":"Jaw Worm Horde","floor":39,"turns":1},{"damage":8,"enemies":"4 Shapes","floor":41,"turns":2},{"damage":0,"enemies":"Sphere and 2 Shapes","floor":45,"turns":1},{"damage":0,"enemies":"Reptomancer","floor":47,"turns":3},{"damage":0,"enemies":"Transient","floor":48,"turns":5},{"damage":0,"enemies":"Awakened One","floor":50,"turns":6},{"damage":10,"enemies":"Shield and Spear","floor":54,"turns":3},{"damage":79,"enemies":"The Heart","floor":55,"turns":7}],"seed_played":"-2745674883274628777","potions_obtained":[{"floor":1,"key":"Fruit Juice"},{"floor":1,"key":"Weak Potion"},{"floor":1,"key":"Swift Potion"},{"floor":2,"key":"BottledSpark"},{"floor":3,"key":"FairyPotion"},{"floor":20,"key":"LiquidBronze"}],"is_trial":false,"path_per_floor":["M","M","M","M","M","E","M","M","T","$","R","M","M","M","R","B",null,"M","$","M","M","M","R","M","R","T","R","E","M","M","E","R","B",null,"M","M","M","M","M","R","M","R","T","R","M","R","E","M","R","B",null,"$","R","E","B",null],"character_chosen":"MARISA","items_purchased":["Medical Kit","WitchOfGreed","Acceleration","DC","PowerUp","WitchOfGreed","Frozen Egg 2","WitchOfGreed+1","PowerUp","DoubleSpark","Membership Card","Acceleration"],"campfire_rested":6,"item_purchase_floors":[0,0,0,0,0,0,0,0,0,0,0,0],"current_hp_per_floor":[46,56,55,44,44,13,12,18,28,38,48,49,56,66,76,60,260,264,274,284,294,304,314,324,334,344,354,364,374,384,394,404,414,430,440,450,460,448,458,490,492,510,520,530,540,550,560,570,580,590,600,610,620,620,551],"gold":2070,"neow_bonus":"","is_daily":false,"chose_seed":false,"campfire_upgraded":5,"win_rate":0.0,"timestamp":1613368416,"path_taken":["M","M","M","M","M","E","M","M","T","$","R","M","M","M","R","BOSS","M","$","M","M","M","R","?","R","T","R","E","M","M","E","R","BOSS","M","M","M","M","M","R","M","R","T","R","M","R","E","M","R","BOSS","$","R","E","BOSS"],"items_purchased_type":["Relic","Card","Card","Card","Card","Card","Relic","Card","Card","Card","Relic","Card"],"build_version":"2020-12-22","purchased_purges":21,"victory":true,"max_hp_per_floor":[100,110,120,130,140,150,160,170,180,190,200,210,220,230,240,250,260,270,280,290,300,310,320,330,340,350,360,370,380,390,400,410,420,430,440,450,460,470,480,490,500,510,520,530,540,550,560,570,580,590,600,610,620,630,640],"card_choices":[{"not_picked":["Orbital","MysteriousBeam","Singularity+1"],"picked":"SKIP","floor":1},{"not_picked":["MagicAbsorber","SporeBomb","UnstableBomb"],"picked":"SKIP","floor":2},{"not_picked":["SporeBomb","ChargingUp","UnstableBomb"],"picked":"SKIP","floor":3},{"not_picked":["PowerUp","DoubleSpark"],"picked":"NonDirectionalLaser","floor":4},{"not_picked":["GalacticHalo","Acceleration","ChargingUp"],"picked":"SKIP","floor":5},{"not_picked":["SatelliteIllusion+1","RefractionSpark"],"picked":"EarthLightRay","floor":6},{"not_picked":["GrandCross","OrrerysSun+1"],"picked":"6A","floor":7},{"not_picked":["DC","GalacticHalo"],"picked":"6A","floor":8},{"not_picked":["Robbery","LuminesStrike"],"picked":"EarthLightRay","floor":12},{"not_picked":["Acceleration","SporeBomb","GrandCross"],"picked":"SKIP","floor":13},{"not_picked":["IllusionStar","DragonMeteor","WitchLeyline"],"picked":"SKIP","floor":14},{"not_picked":["SatelliteIllusion+1","TreasureHunter"],"picked":"MillisecondPulsars+1","floor":16},{"not_picked":["MagicChant","SporeBomb"],"picked":"Acceleration+1","floor":18},{"not_picked":["NonDirectionalLaser","GravityBeat","OortCloud+1"],"picked":"SKIP","floor":20},{"not_picked":["NonDirectionalLaser","GravityBeat","OortCloud+1"],"picked":"SKIP","floor":20},{"not_picked":["OneTimeOff","DeepEcoloBomb+1","AlicesGift"],"picked":"SKIP","floor":21},{"not_picked":["MachineGunSpark","DoubleSpark","UnstableBomb"],"picked":"SKIP","floor":22},{"not_picked":["MysteriousBeam","SporeBomb","DoubleSpark+1"],"picked":"SKIP","floor":24},{"not_picked":["SporeBomb+1","CollectingQuirk","DragonMeteor"],"picked":"SKIP","floor":28},{"not_picked":["NonDirectionalLaser","GrandCross","DC+1"],"picked":"SKIP","floor":29},{"not_picked":["MagicChant","ChargingUp","GasGiant"],"picked":"SKIP","floor":30},{"not_picked":["ManaConvection+1","ChargingUp","DC"],"picked":"SKIP","floor":31},{"not_picked":["EarthLightRay+1","Acceleration+1","MysteriousBeam"],"picked":"SKIP","floor":35},{"not_picked":["EarthLightRay+1","Acceleration+1","MysteriousBeam"],"picked":"SKIP","floor":35},{"not_picked":["IllusionStar+1","6A","MysteriousBeam+1"],"picked":"SKIP","floor":36},{"not_picked":["GrandCross","RefractionSpark+1","PropBag+1"],"picked":"SKIP","floor":37},{"not_picked":["BlazeAway+1","JA","MilkyWay+1"],"picked":"SKIP","floor":38},{"not_picked":["DoubleSpark+1","OortCloud+1","GrandCross+1"],"picked":"SKIP","floor":39},{"not_picked":["MysteriousBeam","GravityBeat","Singularity+1"],"picked":"SKIP","floor":41},{"not_picked":["WitchLeyline","Acceleration+1","MeteoricShower"],"picked":"SKIP","floor":45},{"not_picked":["PowerUp","OrrerysSun+1","MilkyWay"],"picked":"SKIP","floor":47},{"not_picked":["StarDustReverie","IllusionStar","MysteriousBeam+1"],"picked":"SKIP","floor":48},{"not_picked":["AlicesGift","MysteriousBeam","UnstableBomb+1"],"picked":"SKIP","floor":54}],"player_experience":342060,"relics_obtained":[{"floor":6,"key":"Pen Nib"},{"floor":26,"key":"Matryoshka"},{"floor":28,"key":"Shuriken"},{"floor":31,"key":"Akabeko"},{"floor":43,"key":"Peace Pipe"},{"floor":43,"key":"War Paint"},{"floor":47,"key":"Ornamental Fan"},{"floor":54,"key":"Vajra"}],"event_choices":[],"is_beta":false,"boss_relics":[{"not_picked":["Runic Dome","Cursed Key"],"picked":"ExperimentalFamiliar"},{"not_picked":["Sozu","SacredBark"],"picked":"BewitchedHakkero"}],"items_purged_floors":[0,0,0,0,0,0,0,0,10,10,10,10,10,19,19,19,19,19,19,19,19],"is_endless":false,"potions_floor_spawned":[1,4,7,8,14,20,24,28,30,33,37,38,39,41],"ascension_level":0}}