{"host":"tw3mxtnj9l5ilrkg","time":1613408841,"event":{"mods":["2.2 Compatiblity","BaseMod","Better Third Choice","Colored Map","Downfall","Hermit","Highlight Path","Jorbs\u0027s Wanderer Trilogy","Minty Spire (QoL Compilation)","Rare Cards Sparkle","StSLib"],"gold_per_floor":[110,130,130,130,52,85,85,98,98,173,187,32,66,80,80,176,176,196,196,44,59,59,59,11,29,29,29,49,49,66,66,66,165,165,182,195,212,237,237,237,257,257,257,257,273,353,366,384,384,384],"floor_reached":51,"language":"ENG","playtime":3851,"items_purged":[],"score":717,"play_id":"029a749f-c0f3-4b91-961a-1df0b8a5b6e2","local_time":"20210215110721","is_ascension_mode":true,"campfire_choices":[{"floor":7,"key":"REST"},{"floor":15,"key":"REST"},{"data":"Eruption","floor":23,"key":"SMITH"},{"data":"TalkToTheHand","floor":27,"key":"SMITH"},{"data":"Vigilance","floor":29,"key":"SMITH"},{"floor":32,"key":"REST"},{"floor":40,"key":"REST"},{"data":"Consecrate","floor":42,"key":"SMITH"},{"floor":49,"key":"REST"}],"circlet_count":0,"master_deck":["Strike_P","Strike_P","Defend_P","Defend_P","Defend_P","Eruption+1","Vigilance+1","ConjureBlade+1","CutThroughFate+1","EmptyFist","Impervious+1","TalkToTheHand+1","Consecrate+1","FollowUp","ThirdEye","FlyingSleeves+1","EmptyFist","Wireheading","Consecrate+1"],"relics":["Astrolabe","Darkstone Periapt","Damaru","Chemical X","Lizard Tail","Runic Pyramid","Blood Vial","GoldenEye","Sozu","Art of War","Pear","Blue Candle","Singing Bowl"],"acts_visited":["Exordium","TheCity","TheBeyond"],"potions_floor_usage":[13,16,28,28,33,41],"damage_taken":[{"damage":1,"enemies":"Jaw Worm","floor":1,"turns":3},{"damage":0,"enemies":"2 Louse","floor":2,"turns":4},{"damage":3,"enemies":"Lagavulin","floor":6,"turns":5},{"damage":0,"enemies":"Cultist","floor":8,"turns":3},{"damage":1,"enemies":"2 Fungi Beasts","floor":11,"turns":3},{"damage":18,"enemies":"Gremlin Nob","floor":13,"turns":5},{"damage":4,"enemies":"Gremlin Gang","floor":14,"turns":5},{"damage":0,"enemies":"Slime Boss","floor":16,"turns":3},{"damage":9,"enemies":"3 Byrds","floor":18,"turns":6},{"damage":0,"enemies":"Chosen","floor":21,"turns":3},{"damage":0,"enemies":"Snecko","floor":25,"turns":5},{"damage":1,"enemies":"Snake Plant","floor":28,"turns":6},{"damage":0,"enemies":"Cultist and Chosen","floor":30,"turns":5},{"damage":38,"enemies":"Automaton","floor":33,"turns":6},{"damage":14,"enemies":"3 Shapes","floor":35,"turns":3},{"damage":14,"enemies":"3 Darklings","floor":36,"turns":5},{"damage":2,"enemies":"Jaw Worm Horde","floor":37,"turns":3},{"damage":18,"enemies":"4 Shapes","floor":41,"turns":4},{"damage":0,"enemies":"Maw","floor":45,"turns":5},{"damage":17,"enemies":"Spire Growth","floor":47,"turns":5},{"damage":6,"enemies":"Writhing Mass","floor":48,"turns":5},{"damage":51,"enemies":"Awakened One","floor":50,"turns":10}],"seed_played":"2745244765968078492","potions_obtained":[{"floor":1,"key":"BlessingOfTheForge"},{"floor":8,"key":"PowerPotion"},{"floor":13,"key":"Fruit Juice"},{"floor":16,"key":"SkillPotion"},{"floor":25,"key":"sneckomod:MuddlingPotion"},{"floor":28,"key":"Fire Potion"}],"is_trial":false,"path_per_floor":["M","M","?","?","$","E","R","M","T","?","M","$","E","M","R","B",null,"M","?","$","M","$","R","$","M","T","R","M","R","M","?","R","B",null,"M","M","M","T","?","R","M","R","T","?","M","T","M","M","R","B",null],"character_chosen":"WATCHER","items_purchased":["TalkToTheHand","Chemical X","Blood Vial","EmptyFist"],"campfire_rested":5,"item_purchase_floors":[5,12,20,24],"current_hp_per_floor":[71,71,64,62,62,59,72,72,72,61,60,60,47,43,66,66,77,68,62,62,64,64,64,64,66,66,66,67,67,69,69,77,39,77,63,51,51,51,51,74,58,58,68,63,65,65,52,50,77,28],"gold":384,"neow_bonus":"BOSS_RELIC","is_daily":false,"chose_seed":false,"campfire_upgraded":4,"win_rate":0.0,"timestamp":1613408841,"path_taken":["M","M","?","?","$","E","R","M","T","?","M","$","E","M","R","BOSS","M","?","$","M","?","R","$","M","T","R","M","R","M","?","R","BOSS","M","M","?","?","?","R","M","R","T","?","M","?","M","M","R","BOSS"],"items_purchased_type":["Card","Relic","Relic","Card"],"build_version":"2020-12-22","purchased_purges":0,"victory":true,"max_hp_per_floor":[72,72,72,72,72,72,72,72,72,72,72,72,77,77,77,77,77,77,77,77,77,77,77,77,77,77,77,77,77,77,77,77,77,77,77,77,77,77,77,77,77,77,87,87,87,87,89,91,91,91],"card_choices":[{"not_picked":["Collect","LikeWater","Halt"],"picked":"SKIP","floor":1},{"not_picked":["LikeWater","Halt"],"picked":"EmptyFist","floor":2},{"not_picked":["Swivel","Protect"],"picked":"Consecrate","floor":6},{"not_picked":["FlurryOfBlows","Prostrate"],"picked":"FollowUp","floor":8},{"not_picked":["FlyingSleeves","CrushJoints"],"picked":"ThirdEye","floor":11},{"not_picked":["Protect","WheelKick","FollowUp"],"picked":"SKIP","floor":13},{"not_picked":["FlurryOfBlows","Crescendo","BowlingBash"],"picked":"SKIP","floor":14},{"not_picked":["Protect","WreathOfFlame","FlyingSleeves"],"picked":"SKIP","floor":18},{"not_picked":["ClearTheMind","Protect"],"picked":"FlyingSleeves+1","floor":21},{"not_picked":["ClearTheMind","SandsOfTime","CrushJoints+1"],"picked":"SKIP","floor":25},{"not_picked":["BattleHymn+1","PathToVictory"],"picked":"Wireheading","floor":28},{"not_picked":["FlurryOfBlows","EmptyBody+1","Evaluate"],"picked":"SKIP","floor":30},{"not_picked":["Indignation","Halt+1","PathToVictory"],"picked":"SKIP","floor":35},{"not_picked":["SignatureMove+1","WreathOfFlame","ThirdEye+1"],"picked":"SKIP","floor":36},{"not_picked":["SignatureMove","FlurryOfBlows+1","JustLucky+1"],"picked":"SKIP","floor":37},{"not_picked":["ClearTheMind+1","InnerPeace+1"],"picked":"Consecrate+1","floor":41},{"not_picked":["FollowUp+1","Collect+1","Consecrate+1"],"picked":"SKIP","floor":45},{"not_picked":["DeceiveReality","Devotion","FlurryOfBlows"],"picked":"Singing Bowl","floor":47},{"not_picked":["Protect","ClearTheMind","ThirdEye+1"],"picked":"Singing Bowl","floor":48}],"player_experience":312831,"relics_obtained":[{"floor":6,"key":"Darkstone Periapt"},{"floor":9,"key":"Damaru"},{"floor":13,"key":"Lizard Tail"},{"floor":26,"key":"GoldenEye"},{"floor":38,"key":"Art of War"},{"floor":43,"key":"Pear"},{"floor":46,"key":"Singing Bowl"}],"event_choices":[{"cards_removed":["Worship"],"damage_healed":0,"gold_gain":0,"player_choice":"Card Removal","damage_taken":7,"max_hp_gain":0,"max_hp_loss":0,"event_name":"Golden Wing","floor":3,"gold_loss":0},{"damage_healed":0,"gold_gain":0,"player_choice":"Card ","damage_taken":2,"max_hp_gain":0,"max_hp_loss":0,"event_name":"betterThird:BetterScrap","floor":4,"gold_loss":0,"cards_obtained":["Impervious"]},{"damage_healed":0,"gold_gain":75,"player_choice":"Gold","damage_taken":11,"max_hp_gain":0,"max_hp_loss":0,"event_name":"betterThird:BetterGoop","floor":10,"gold_loss":0},{"damage_healed":0,"gold_gain":0,"player_choice":"","damage_taken":6,"max_hp_gain":0,"max_hp_loss":0,"event_name":"Knowing Skull","floor":19,"potions_obtained":[],"gold_loss":0,"cards_obtained":[]},{"damage_healed":0,"gold_gain":0,"player_choice":"Ignored","damage_taken":0,"max_hp_gain":0,"max_hp_loss":0,"event_name":"NoteForYourself","floor":31,"gold_loss":0},{"damage_healed":0,"gold_gain":0,"player_choice":"Ignored","damage_taken":0,"max_hp_gain":0,"max_hp_loss":0,"event_name":"Mysterious Sphere","floor":39,"gold_loss":0}],"is_beta":false,"boss_relics":[{"not_picked":["Philosopher\u0027s Stone","Empty Cage"],"picked":"Runic Pyramid"},{"not_picked":["Tiny House","Fusion Hammer"],"picked":"Sozu"}],"items_purged_floors":[],"is_endless":false,"potions_floor_spawned":[1,8,13,16,25,28,35,37,47,48],"ascension_level":1}}