{"host":"bf5upntvbdompq33","time":1613408054,"event":{"mods":["BaseMod","Bestiary","Colored Map","Colored Powertips","Curses Come First","Minty Spire (QoL Compilation)","StSLib","ojb\u0027s Info Mod"],"gold_per_floor":[114,124,136,146,158,158,83,109,133,147,174,204,204,215,215,215,215],"floor_reached":16,"language":"ENG","playtime":659,"items_purged":["Strike_R"],"score":194,"play_id":"2bf1c626-e782-4277-8aa6-9bfa403bdff5","local_time":"20210215095414","is_ascension_mode":true,"campfire_choices":[{"data":"Body Slam","floor":6,"key":"SMITH"},{"floor":13,"key":"REST"},{"data":"Entrench","floor":15,"key":"SMITH"}],"circlet_count":0,"master_deck":["AscendersBane","Strike_R","Strike_R","Strike_R","Strike_R","Defend_R+1","Defend_R","Defend_R","Defend_R+1","Bash","Shrug It Off","Body Slam+1","Reaper","Carnage","Bloodletting","Headbutt","Armaments","Entrench+1","Entrench"],"relics":["Burning Blood","NeowsBlessing","War Paint","Boot","Bag of Marbles"],"acts_visited":["Exordium"],"potions_floor_usage":[5,11,16],"damage_taken":[{"damage":0,"enemies":"Cultist","floor":1,"turns":1},{"damage":0,"enemies":"2 Louse","floor":2,"turns":1},{"damage":0,"enemies":"Small Slimes","floor":3,"turns":2},{"damage":21,"enemies":"Blue Slaver","floor":4,"turns":5},{"damage":13,"enemies":"Red Slaver","floor":5,"turns":3},{"damage":34,"enemies":"3 Sentries","floor":8,"turns":9},{"damage":3,"enemies":"Looter","floor":10,"turns":2},{"damage":35,"enemies":"Lagavulin","floor":11,"turns":6},{"damage":2,"enemies":"Blue Slaver","floor":14,"turns":3},{"damage":48,"enemies":"Hexaghost","floor":16,"turns":11}],"seed_played":"3303855975884993674","potions_obtained":[{"floor":2,"key":"DuplicationPotion"},{"floor":3,"key":"SteroidPotion"},{"floor":10,"key":"SteroidPotion"},{"floor":14,"key":"BlessingOfTheForge"}],"is_trial":false,"path_per_floor":["M","M","M","M","M","R","$","E","T","M","E","?","R","M","R","B"],"character_chosen":"IRONCLAD","items_purchased":[],"campfire_rested":1,"item_purchase_floors":[],"current_hp_per_floor":[74,75,75,60,57,57,57,37,37,40,17,17,39,43,43,0,0],"gold":215,"neow_bonus":"THREE_ENEMY_KILL","is_daily":false,"chose_seed":false,"campfire_upgraded":2,"win_rate":0.0,"timestamp":1613408054,"path_taken":["M","M","?","M","M","R","?","E","T","M","E","?","R","M","R","BOSS"],"items_purchased_type":[],"build_version":"2020-12-22","purchased_purges":1,"victory":false,"max_hp_per_floor":[75,75,75,75,75,75,75,75,75,75,75,75,75,75,75,75,75],"card_choices":[{"not_picked":["True Grit","Headbutt"],"picked":"Shrug It Off","floor":1},{"not_picked":["Iron Wave","Heavy Blade"],"picked":"Body Slam","floor":2},{"not_picked":["Whirlwind","True Grit"],"picked":"Reaper","floor":3},{"not_picked":["Havoc","Pummel"],"picked":"Carnage","floor":4},{"not_picked":["Sword Boomerang","Pommel Strike"],"picked":"Bloodletting","floor":5},{"not_picked":["Pommel Strike","Inflame"],"picked":"Headbutt","floor":8},{"not_picked":["Perfected Strike","Seeing Red"],"picked":"Armaments","floor":10},{"not_picked":["Corruption","Cleave"],"picked":"Entrench","floor":11},{"not_picked":["Sword Boomerang","Flame Barrier"],"picked":"Entrench","floor":14}],"player_experience":1595348,"relics_obtained":[{"floor":8,"key":"War Paint"},{"floor":9,"key":"Boot"},{"floor":11,"key":"Bag of Marbles"}],"event_choices":[{"damage_healed":0,"gold_gain":30,"player_choice":"Searched \u00271\u0027 times","damage_taken":0,"max_hp_gain":0,"max_hp_loss":0,"event_name":"Dead Adventurer","floor":12,"gold_loss":0}],"is_beta":false,"boss_relics":[],"items_purged_floors":[7],"is_endless":false,"potions_floor_spawned":[2,3,10,14],"killed_by":"Hexaghost","ascension_level":14}}