{"host":"vk2xyavtylxbvrfq","time":1613426287,"event":{"mods":["Bard","BaseMod","Bestiary","Better Altar","Better Match","Better Note","Better Sensory Stone","Better Skull","Better Vampires","Block Reminder","Bossed Relics","Colored Map","Curses Come First","Displayed Cursed Tome","Downfall","Fox Events","Hermit","Ironclad Rager","Marked Mod","Minty Spire (QoL Compilation)","Quick Restart","Rare Cards Sparkle","Relic Sorter","Reliquary","Robot Space Explorer","StSLib","The Hayseed","The Runesmith","TheSurvivalist","Unceasing Turn Reminder"],"gold_per_floor":[112,112,0,75,100,100,36,58,85,112,121,174,201,223,223,353,353,376,376,660,660,11,55,55,88,88,88,27,27,60,69,69,203,203,236,236,270,42,64,64,64],"floor_reached":40,"language":"ENG","playtime":1341,"items_purged":["hermit:Strike_Hermit"],"score":427,"play_id":"aaa7ed8a-30b2-452b-9e26-1446144efc4c","local_time":"20210215165807","is_ascension_mode":false,"campfire_choices":[{"data":"hermit:Roulette","floor":6,"key":"SMITH"},{"floor":15,"key":"REST"},{"floor":24,"key":"REST"},{"data":"hermit:Manifest","floor":27,"key":"SMITH"},{"floor":29,"key":"REST"},{"floor":32,"key":"REST"}],"circlet_count":0,"master_deck":["hermit:Strike_Hermit","hermit:Strike_Hermit","hermit:Strike_Hermit","hermit:Defend_Hermit","hermit:Defend_Hermit","hermit:Defend_Hermit","hermit:Defend_Hermit","hermit:Snapshot","hermit:Covet+1","hermit:Determination","hermit:Grudge","hermit:Determination","hermit:SprayPray+1","hermit:Deadeye","hermit:Malice","hermit:GoldenBullet","hermit:SprayPray","hermit:Adapt","hermit:RoundhouseKick","hermit:Vantage+1","Regret","hermit:FinalCanter","hermit:Manifest+1","hermit:Malice+1","hermit:Manifest+1","hermit:Spite","hermit:Manifest+1","hermit:ShadowCloak","hermit:FromBeyond","hermit:GhostlyPresence","hermit:ShadowCloak+1","hermit:GhostlyPresence+1"],"relics":["hermit:Momento","NeowsBlessing","foxEvents:EldersFace","CeramicFish","reliquary:RoseTintedGlasses","Golden Idol","reliquary:WeakTea","reliquary:RedCape","HandDrill","reliquary:TuningFork","reliquary:PorcupineQuills","StrikeDummy","Cursed Key","reliquary:ExpiredCoupon"],"acts_visited":["Exordium","TheCity","TheBeyond"],"potions_floor_usage":[12,13,16,16,23,23,25,40,40],"damage_taken":[{"damage":0,"enemies":"2 Louse","floor":1,"turns":1},{"damage":0,"enemies":"Cultist","floor":8,"turns":1},{"damage":0,"enemies":"Jaw Worm","floor":10,"turns":1},{"damage":14,"enemies":"Gremlin Nob","floor":12,"turns":4},{"damage":0,"enemies":"Blue Slaver","floor":13,"turns":1},{"damage":7,"enemies":"Exordium Wildlife","floor":14,"turns":7},{"damage":50,"enemies":"Hexaghost","floor":16,"turns":11},{"damage":27,"enemies":"3 Byrds","floor":18,"turns":4},{"damage":31,"enemies":"Slavers","floor":23,"turns":5},{"damage":0,"enemies":"Shell Parasite","floor":25,"turns":3},{"damage":10,"enemies":"Centurion and Healer","floor":30,"turns":4},{"damage":39,"enemies":"Collector","floor":33,"turns":8},{"damage":0,"enemies":"3 Shapes","floor":35,"turns":2},{"damage":13,"enemies":"3 Darklings","floor":37,"turns":6},{"damage":0,"enemies":"Jaw Worm Horde","floor":39,"turns":3},{"damage":62,"enemies":"Giant Head","floor":40,"turns":10}],"seed_played":"-8873739113609480507","potions_obtained":[{"floor":1,"key":"hexamod:SoulburnPotion"},{"floor":10,"key":"BlessingOfTheForge"},{"floor":14,"key":"EntropicBrew"},{"floor":23,"key":"hermit:Tonic"},{"floor":37,"key":"Weak Potion"}],"is_trial":false,"path_per_floor":["M","?","$","?","T","R","$","M","T","M","?","E","M","M","R","B",null,"M","?","?","?","$","E","R","M","T","R","$","R","M","?","R","B",null,"M","?","M","$","M","E"],"character_chosen":"HERMIT","items_purchased":["hermit:Determination","hermit:Grudge","hermit:Determination","hermit:SprayPray","HandDrill","reliquary:TuningFork","hermit:FinalCanter","hermit:Manifest","Slimebound:ThreeZeroPotion","hermit:Spite","reliquary:ExpiredCoupon","Guardian:BlockOnCardUsePotion"],"campfire_rested":4,"item_purchase_floors":[3,3,7,7,22,22,22,22,22,28,38,38],"current_hp_per_floor":[75,75,75,64,64,64,64,64,64,64,64,50,50,43,65,15,75,48,53,53,53,53,22,44,44,44,44,44,66,56,56,75,36,75,75,75,62,62,62,0,0],"gold":64,"neow_bonus":"THREE_ENEMY_KILL","is_daily":false,"chose_seed":false,"campfire_upgraded":2,"win_rate":0.0,"timestamp":1613426287,"path_taken":["M","?","?","?","?","R","$","M","T","?","?","E","M","M","R","BOSS","M","?","?","?","$","E","R","?","T","R","?","R","M","?","R","BOSS","M","?","M","$","?","E"],"items_purchased_type":["Card","Card","Card","Card","Relic","Relic","Card","Card","Potion","Card","Relic","Potion"],"build_version":"2020-12-22","purchased_purges":1,"victory":false,"max_hp_per_floor":[75,75,75,75,75,75,75,75,75,75,75,75,75,75,75,75,75,75,75,75,75,75,75,75,75,75,75,75,75,75,75,75,75,75,75,75,75,75,75,75,75],"card_choices":[{"not_picked":["hermit:Midnight","hermit:Headshot"],"picked":"hermit:Roulette","floor":1},{"not_picked":["hermit:Coalescence","hermit:Feint"],"picked":"hermit:Deadeye","floor":8},{"not_picked":["hermit:HoleUp","hermit:ItchyTrigger"],"picked":"hermit:Malice","floor":10},{"not_picked":["hermit:Shortfuse","hermit:Brawl"],"picked":"hermit:GoldenBullet","floor":12},{"not_picked":["hermit:WideOpen","hermit:Coalescence"],"picked":"hermit:SprayPray","floor":13},{"not_picked":["hermit:Headshot","hermit:CursedWeapon"],"picked":"hermit:Adapt","floor":14},{"not_picked":["hermit:Purgatory","hermit:FinalCanter"],"picked":"hermit:RoundhouseKick","floor":16},{"not_picked":["hermit:Roulette+1","hermit:WideOpen+1"],"picked":"hermit:Vantage+1","floor":18},{"not_picked":["hermit:Feint","hermit:Headshot"],"picked":"hermit:Malice+1","floor":23},{"not_picked":["hermit:Misfire+1","hermit:BodyArmor"],"picked":"hermit:Manifest+1","floor":25},{"not_picked":["hermit:Shortfuse","hermit:Feint+1"],"picked":"hermit:Manifest+1","floor":30},{"not_picked":["hermit:Roughhouse","hermit:Adapt"],"picked":"hermit:FromBeyond","floor":33},{"not_picked":["hermit:Misfire","hermit:Showdown"],"picked":"hermit:GhostlyPresence","floor":35},{"not_picked":["hermit:Vantage+1","hermit:HighCaliber"],"picked":"hermit:ShadowCloak+1","floor":37},{"not_picked":["hermit:WideOpen+1","hermit:TrackingShot+1"],"picked":"hermit:GhostlyPresence+1","floor":39}],"player_experience":1384080,"relics_obtained":[{"floor":5,"key":"CeramicFish"},{"floor":9,"key":"reliquary:RoseTintedGlasses"},{"floor":12,"key":"reliquary:WeakTea"},{"floor":23,"key":"reliquary:PorcupineQuills"},{"floor":26,"key":"StrikeDummy"}],"event_choices":[{"damage_healed":0,"gold_gain":0,"player_choice":"Trade","damage_taken":0,"relics_obtained":["foxEvents:EldersFace"],"max_hp_gain":0,"max_hp_loss":0,"event_name":"FaceTrader","floor":2,"gold_loss":0},{"damage_healed":0,"gold_gain":75,"player_choice":"Gather Gold","damage_taken":11,"max_hp_gain":0,"max_hp_loss":0,"event_name":"World of Goop","floor":4,"gold_loss":0},{"damage_healed":0,"gold_gain":0,"player_choice":"Take Wound","damage_taken":0,"relics_obtained":["Golden Idol"],"max_hp_gain":0,"max_hp_loss":0,"event_name":"Golden Idol","floor":11,"gold_loss":0,"cards_obtained":["Injury"]},{"cards_removed":["hermit:Roulette"],"damage_healed":5,"gold_gain":0,"player_choice":"Offered Common","damage_taken":0,"max_hp_gain":0,"max_hp_loss":0,"event_name":"Bonfire Elementals","floor":19,"gold_loss":0},{"cards_removed":["hermit:Roulette"],"damage_healed":5,"gold_gain":0,"player_choice":"Offered Special","damage_taken":0,"max_hp_gain":0,"max_hp_loss":0,"event_name":"Bonfire Elementals","floor":19,"gold_loss":0},{"damage_healed":0,"gold_gain":275,"player_choice":"Desecrate","damage_taken":0,"max_hp_gain":0,"max_hp_loss":0,"event_name":"Golden Shrine","floor":20,"gold_loss":0,"cards_obtained":["Regret"]},{"cards_removed":["Injury"],"damage_healed":0,"gold_gain":0,"player_choice":"Purged","damage_taken":0,"max_hp_gain":0,"max_hp_loss":0,"event_name":"Purifier","floor":21,"gold_loss":0},{"damage_healed":0,"gold_gain":0,"player_choice":"Read","damage_taken":0,"max_hp_gain":0,"max_hp_loss":0,"event_name":"The Library","floor":31,"gold_loss":0,"cards_obtained":["hermit:ShadowCloak"]},{"damage_healed":0,"gold_gain":0,"player_choice":"Ignored","damage_taken":0,"max_hp_gain":0,"max_hp_loss":0,"event_name":"betterNote:BetterNote","floor":36,"gold_loss":0,"cards_obtained":["hermit:Horror"]}],"is_beta":false,"boss_relics":[{"not_picked":["Snecko Eye","Coffee Dripper"],"picked":"reliquary:RedCape"},{"not_picked":["hermit:BartenderGlass","Runic Dome"],"picked":"Cursed Key"}],"items_purged_floors":[22],"is_endless":false,"potions_floor_spawned":[1,10,14,23,37],"killed_by":"Giant Head","ascension_level":0}}