{"host":"y4fuci1jk2rsxnep","time":1613427049,"event":{"mods":["AchievementEnabler","BaseMod","Colored Powertips","Custom Start","Defuse TimeMaze Blight","Dio Mod","Downfall","Hermit","Hero for Fun","Hubris","Hunter ??","Infinite Spire","Minty Spire (QoL Compilation)","Quick Restart","Reliquary","Remove Card Discount Mod","Replay The Spire","StSLib","The Blackbeard","The Bug Knight","The Mystic","The Runesmith"],"gold_per_floor":[110,110,108,124,124,149,169,183,183,183,156,156,156,156,156,252,252,267,267,267,227,243,243,243,243,243,243,243,243,243,269,269,373,373,388,406,376,376,651,651,651,664,664,689,689,689,689,706,706,706],"floor_reached":51,"language":"ENG","playtime":3747,"items_purged":["hermit:Defend_Hermit"],"score":665,"play_id":"27f6a11c-29da-4ac6-8f7b-792890dacb37","local_time":"20210215231049","daily_mods":["Heirloom","Time Dilation","Flight","downfall:Jewelcrafting"],"is_ascension_mode":false,"campfire_choices":[{"data":"hermit:FlashPowder","floor":15,"key":"SMITH"},{"data":"infinitespire:Execution","floor":24,"key":"SMITH"},{"data":"Guardian:ExploitGems","floor":27,"key":"SMITH"},{"data":"hermit:FatalDesire","floor":28,"key":"SMITH"},{"data":"hermit:Gestalt","floor":30,"key":"SMITH"},{"floor":32,"key":"REST"},{"data":"hermit:Brawl","floor":40,"key":"SMITH"},{"data":"hermit:ShadowCloak","floor":41,"key":"SMITH"},{"data":"hermit:Virtue","floor":46,"key":"SMITH"},{"floor":49,"key":"REST"}],"circlet_count":0,"master_deck":["hermit:Strike_Hermit","hermit:Strike_Hermit","hermit:Strike_Hermit","hermit:Defend_Hermit","hermit:Defend_Hermit","hermit:Snapshot","hermit:Covet","Guardian:ExploitGems+1","Guardian:ExploitGems+1","hermit:BodyArmor","hermit:GhostlyPresence+1","hermit:ShadowCloak+1","hermit:Gestalt+1","hermit:FlashPowder+1","hermit:Misfire","hermit:Virtue+1","Parasite","hermit:FatalDesire+1","hermit:ShadowCloak+1","infinitespire:Execution+1","hermit:Glare","hermit:Virtue+1","hermit:Magnum","hermit:FlashPowder+1","hermit:Brawl+1","Regret","hermit:BodyArmor"],"relics":["hermit:Momento","replay:Trail_Library","Guardian:PickAxe","infinitespire:CursedDice","Blue Doll","Ornamental Fan","SacredBark","ReplayFunnel","Bronze Scales","Garlic","Oddly Smooth Stone","infinitespire:FocusingShard"],"acts_visited":["Exordium","TheCity","TheBeyond"],"potions_floor_usage":[16,22],"damage_taken":[{"damage":1,"enemies":"Jaw Worm","floor":1,"turns":4},{"damage":1,"enemies":"Cultist","floor":4,"turns":3},{"damage":49,"enemies":"Gremlin Nob","floor":6,"turns":6},{"damage":0,"enemies":"Small Slimes","floor":7,"turns":3},{"damage":8,"enemies":"Red Slaver","floor":8,"turns":4},{"damage":36,"enemies":"The Guardian","floor":16,"turns":16},{"damage":7,"enemies":"3 Byrds","floor":18,"turns":7},{"damage":29,"enemies":"Spheric Guardian","floor":22,"turns":7},{"damage":5,"enemies":"Champ","floor":33,"turns":15},{"damage":1,"enemies":"3 Shapes","floor":35,"turns":5},{"damage":7,"enemies":"Orb Walker","floor":36,"turns":4},{"damage":22,"enemies":"Spire Growth","floor":42,"turns":4},{"damage":0,"enemies":"Nemesis","floor":44,"turns":3},{"damage":5,"enemies":"4 Shapes","floor":48,"turns":6},{"damage":14,"enemies":"Time Eater","floor":50,"turns":13}],"seed_played":"-3145498536264169768","potions_obtained":[{"floor":1,"key":"BlessingOfTheForge"},{"floor":7,"key":"BlessingOfTheForge"},{"floor":18,"key":"Weak Potion"},{"floor":35,"key":"LiquidBronze"},{"floor":48,"key":"Strength Potion"}],"is_trial":true,"path_per_floor":["M","?","$","M","?","E","M","M","T","R","$","?","R","?","R","B",null,"M","AVR","?","?","M","R","R","?","T","R","R","?","R","T","R","B",null,"M","M","$","?","?","R","R","M","T","E","$","R","?","M","R","B",null],"character_chosen":"HERMIT","items_purchased":["hermit:Virtue","hermit:Brawl","infinitespire:FocusingShard"],"campfire_rested":2,"item_purchase_floors":[11,37,45],"current_hp_per_floor":[74,74,74,73,73,24,24,16,16,16,16,34,34,34,34,27,75,68,68,68,68,39,39,39,39,39,39,39,39,39,39,61,56,75,74,67,67,67,67,67,67,45,45,45,29,29,29,24,46,32],"gold":706,"neow_bonus":"","is_daily":false,"chose_seed":false,"campfire_upgraded":8,"win_rate":0.0,"timestamp":1613427049,"path_taken":["M","?","?","M","?","E","M","?","T","R","?","?","R","?","R","BOSS","M","AVR","?","?","?","R","R","?","T","R","R","?","R","?","R","BOSS","M","M","?","?","?","R","R","?","T","E","?","R","?","?","R","BOSS"],"items_purchased_type":["Card","Card","Relic"],"build_version":"2020-12-22","purchased_purges":1,"victory":true,"max_hp_per_floor":[75,75,75,75,75,75,75,75,75,75,75,75,75,75,75,75,75,75,75,75,75,75,75,75,75,75,75,75,75,75,75,75,75,75,75,75,75,75,75,75,75,75,75,75,75,75,75,75,75,75],"card_choices":[{"not_picked":["hermit:ItchyTrigger","hermit:CalledShot"],"picked":"hermit:BodyArmor","floor":1},{"not_picked":["hermit:Snipe","hermit:WideOpen"],"picked":"hermit:GhostlyPresence","floor":4},{"not_picked":["hermit:Roulette","hermit:Feint","hermit:Spite"],"picked":"SKIP","floor":6},{"not_picked":["hermit:Malice","hermit:Vantage"],"picked":"hermit:Gestalt","floor":7},{"not_picked":["hermit:ItchyTrigger","hermit:Misfire"],"picked":"hermit:FlashPowder","floor":8},{"not_picked":["hermit:HeroicBravado","hermit:Adapt"],"picked":"hermit:FatalDesire","floor":16},{"not_picked":["hermit:SprayPray","hermit:Roulette"],"picked":"hermit:ShadowCloak+1","floor":18},{"not_picked":["hermit:Vantage","hermit:PistolWhip","hermit:Grudge"],"picked":"SKIP","floor":22},{"not_picked":["hermit:DeadOrAlive","hermit:EternalForm"],"picked":"hermit:Magnum","floor":33},{"not_picked":["hermit:Ricochet+1","hermit:LowProfile"],"picked":"hermit:FlashPowder+1","floor":35},{"not_picked":["hermit:Ricochet","hermit:CalledShot+1","hermit:EyeOfTheStorm"],"picked":"SKIP","floor":36},{"not_picked":["hermit:Glare","hermit:Desperado","hermit:CursedWeapon+1"],"picked":"SKIP","floor":42},{"not_picked":["hermit:Desperado+1","hermit:Horror","hermit:SprayPray+1"],"picked":"SKIP","floor":44},{"not_picked":["hermit:LowProfile","hermit:Coalescence+1","hermit:Vantage"],"picked":"SKIP","floor":48}],"player_experience":597958,"relics_obtained":[{"floor":6,"key":"Blue Doll"},{"floor":9,"key":"Ornamental Fan"},{"floor":26,"key":"ReplayFunnel"},{"floor":31,"key":"Bronze Scales"},{"floor":43,"key":"Garlic"},{"floor":44,"key":"Oddly Smooth Stone"}],"event_choices":[{"damage_healed":0,"gold_gain":0,"player_choice":"Bought 0 Potions","damage_taken":0,"max_hp_gain":0,"max_hp_loss":0,"event_name":"The Woman in Blue","floor":2,"gold_loss":0},{"damage_healed":0,"gold_gain":0,"cards_transformed":["hermit:Defend_Hermit"],"player_choice":"Transformed","damage_taken":0,"max_hp_gain":0,"max_hp_loss":0,"event_name":"Transmorgrifier","floor":5,"gold_loss":0,"cards_obtained":["hermit:ShadowCloak"]},{"damage_healed":18,"gold_gain":0,"player_choice":"Healed and dodged fight","damage_taken":0,"max_hp_gain":0,"max_hp_loss":0,"event_name":"Mushrooms","floor":12,"gold_loss":0,"cards_obtained":["Parasite"]},{"damage_healed":0,"gold_gain":0,"player_choice":"Upgraded Two","damage_taken":0,"max_hp_gain":0,"max_hp_loss":0,"event_name":"Designer","floor":21,"gold_loss":40,"cards_upgraded":["hermit:Virtue","hermit:GhostlyPresence"]},{"cards_removed":["hermit:Strike_Hermit"],"damage_healed":0,"gold_gain":0,"player_choice":"Removed Attack","damage_taken":0,"max_hp_gain":0,"max_hp_loss":0,"event_name":"Falling","floor":38,"gold_loss":0},{"damage_healed":0,"gold_gain":275,"player_choice":"Desecrate","damage_taken":0,"max_hp_gain":0,"max_hp_loss":0,"event_name":"Golden Shrine","floor":39,"gold_loss":0,"cards_obtained":["Regret"]},{"damage_healed":0,"gold_gain":0,"player_choice":"Ignored","damage_taken":0,"max_hp_gain":0,"max_hp_loss":0,"event_name":"SecretPortal","floor":47,"gold_loss":0}],"is_beta":false,"boss_relics":[{"not_picked":["Velvet Choker","Runesmith:UraniumAnvil"],"picked":"SacredBark"},{"not_picked":["Runic Dome","Painkiller Herb","Replay:Drink Me"]}],"items_purged_floors":[3],"is_endless":false,"potions_floor_spawned":[1,7,18,35,48],"ascension_level":0}}