{"host":"uv5ws9rdk87e8i5k","time":1613353868,"event":{"mods":["AchievementEnabler","BaseMod","Colored Map","Minty Spire (QoL Compilation)","Permanent Neow","Quick Restart","StSLib","SuperFastMode","The Necromancer"],"gold_per_floor":[115,134,154,168,168,197,208,236,259,259,259],"floor_reached":10,"language":"ENG","playtime":237,"items_purged":[],"score":96,"play_id":"e8bb7bc0-81ce-483a-8442-7ef22f815cfa","local_time":"20210214195108","is_ascension_mode":true,"campfire_choices":[],"circlet_count":0,"master_deck":["Strike_B","Strike_B","Strike_B","Strike_B","Defend_B","Defend_B","Defend_B","Defend_B","Zap","Dualcast","Ball Lightning","White Noise","Self Repair","Hologram","Capacitor","Force Field","Self Repair"],"relics":["Cracked Core","Lantern","Happy Flower","Omamori"],"acts_visited":["Exordium"],"potions_floor_usage":[6,8,8],"damage_taken":[{"damage":7,"enemies":"Jaw Worm","floor":1,"turns":3},{"damage":0,"enemies":"2 Louse","floor":2,"turns":2},{"damage":11,"enemies":"Small Slimes","floor":3,"turns":3},{"damage":20,"enemies":"3 Louse","floor":4,"turns":4},{"damage":18,"enemies":"Gremlin Nob","floor":6,"turns":3},{"damage":16,"enemies":"Lots of Slimes","floor":7,"turns":5},{"damage":33,"enemies":"Lagavulin","floor":8,"turns":8},{"damage":31,"enemies":"Gremlin Nob","floor":10,"turns":3}],"seed_played":"-7307332267072586050","potions_obtained":[{"floor":1,"key":"Dexterity Potion"},{"floor":2,"key":"PowerPotion"},{"floor":4,"key":"PotionOfCapacity"}],"is_trial":false,"path_per_floor":["M","M","M","M","?","E","M","E","T","E"],"character_chosen":"DEFECT","items_purchased":[],"campfire_rested":0,"item_purchase_floors":[],"current_hp_per_floor":[68,68,64,58,58,47,38,12,12,0,0],"gold":259,"neow_bonus":"THREE_CARDS","is_daily":false,"chose_seed":false,"campfire_upgraded":0,"win_rate":0.0,"timestamp":1613353868,"path_taken":["M","M","M","M","?","E","M","E","T","E"],"items_purchased_type":[],"build_version":"2020-12-22","purchased_purges":0,"victory":false,"max_hp_per_floor":[75,75,75,75,75,75,75,75,75,75,75],"card_choices":[{"not_picked":["Go for the Eyes","Storm"],"picked":"Ball Lightning","floor":0},{"not_picked":["Static Discharge","Tempest"],"picked":"White Noise","floor":1},{"not_picked":["Streamline","Coolheaded"],"picked":"Self Repair","floor":2},{"not_picked":["Hello World","Steam"],"picked":"Hologram","floor":3},{"not_picked":["Melter","Tempest"],"picked":"Capacitor","floor":4},{"not_picked":["Streamline","Go for the Eyes","Consume"],"picked":"SKIP","floor":6},{"not_picked":["Rip and Tear","Genetic Algorithm"],"picked":"Force Field","floor":7},{"not_picked":["Hello World","Compile Driver"],"picked":"Self Repair","floor":8}],"player_experience":195633,"relics_obtained":[{"floor":6,"key":"Lantern"},{"floor":8,"key":"Happy Flower"},{"floor":9,"key":"Omamori"}],"event_choices":[{"damage_healed":0,"gold_gain":0,"player_choice":"Ignored","damage_taken":0,"max_hp_gain":0,"max_hp_loss":0,"event_name":"Liars Game","floor":5,"gold_loss":0}],"is_beta":false,"boss_relics":[],"items_purged_floors":[],"is_endless":false,"potions_floor_spawned":[1,2,4],"killed_by":"Gremlin Nob","ascension_level":4}}