{"host":"q393yg6r5o2yq652","time":1613350223,"event":{"mods":["BaseMod","Colored Map","Minty Spire (QoL Compilation)","Permanent Neow","Relic Stats","everything is the same but u backflip on backflip"],"gold_per_floor":[114,130,144,144,144,175,175,214,214,214,214],"floor_reached":10,"language":"ENG","playtime":405,"items_purged":[],"score":91,"play_id":"6b4f0c53-17ae-45e8-8bba-f0313e724782","local_time":"20210214195023","is_ascension_mode":true,"campfire_choices":[{"data":"Cleave","floor":7,"key":"SMITH"}],"circlet_count":0,"master_deck":["Strike_R","Strike_R","Strike_R","Strike_R","Strike_R","Defend_R","Defend_R","Defend_R","Bash","Shrug It Off","Headbutt","Bloodletting","Cleave+1","Power Through","Uppercut"],"relics":["Burning Blood","Golden Idol","Ornamental Fan","Darkstone Periapt","The Courier"],"acts_visited":["Exordium"],"potions_floor_usage":[8,10],"damage_taken":[{"damage":2,"enemies":"Small Slimes","floor":1,"turns":3},{"damage":6,"enemies":"Jaw Worm","floor":2,"turns":3},{"damage":0,"enemies":"2 Louse","floor":3,"turns":4},{"damage":54,"enemies":"Lagavulin","floor":6,"turns":9},{"damage":12,"enemies":"3 Sentries","floor":8,"turns":5},{"damage":21,"enemies":"Gremlin Nob","floor":10,"turns":3}],"seed_played":"9196844657402052276","potions_obtained":[{"floor":2,"key":"EssenceOfSteel"},{"floor":6,"key":"PowerPotion"},{"floor":8,"key":"LiquidBronze"}],"is_trial":false,"path_per_floor":["M","M","M","?","?","E","R","E","T","E"],"character_chosen":"IRONCLAD","items_purchased":[],"campfire_rested":0,"item_purchase_floors":[],"current_hp_per_floor":[80,80,80,85,64,16,16,10,10,0,0],"gold":214,"neow_bonus":"TRANSFORM_CARD","is_daily":false,"chose_seed":false,"campfire_upgraded":1,"win_rate":0.0,"timestamp":1613350223,"path_taken":["M","M","M","?","?","E","R","E","T","E"],"items_purchased_type":[],"build_version":"2020-12-22","purchased_purges":0,"victory":false,"max_hp_per_floor":[80,80,80,85,85,85,85,85,85,85,85],"relic_stats":{"Darkstone Periapt":0,"counters":[6,27],"Golden Idol":14,"Ornamental Fan":[8],"obtain_stats":[{"Darkstone Periapt":8,"Golden Idol":5,"Ornamental Fan":6,"The Courier":9,"Burning Blood":0},{"Darkstone Periapt":5,"Golden Idol":3,"Ornamental Fan":4,"The Courier":5,"Burning Blood":0},{"Darkstone Periapt":24,"Golden Idol":10,"Ornamental Fan":19,"The Courier":24,"Burning Blood":0}],"Burning Blood":20},"card_choices":[{"not_picked":["Thunderclap","Twin Strike"],"picked":"Headbutt","floor":1},{"not_picked":["Rage","Armaments"],"picked":"Bloodletting","floor":2},{"not_picked":["Rupture","Pommel Strike"],"picked":"Cleave","floor":3},{"not_picked":["Sever Soul","Clothesline"],"picked":"Power Through","floor":6},{"not_picked":["Shrug It Off","Inflame"],"picked":"Uppercut","floor":8}],"player_experience":326889,"relics_obtained":[{"floor":6,"key":"Ornamental Fan"},{"floor":8,"key":"Darkstone Periapt"},{"floor":9,"key":"The Courier"}],"event_choices":[{"damage_healed":0,"gold_gain":0,"player_choice":"Donut","damage_taken":0,"max_hp_gain":5,"max_hp_loss":0,"event_name":"Big Fish","floor":4,"gold_loss":0},{"damage_healed":0,"gold_gain":0,"player_choice":"Take Damage","damage_taken":21,"relics_obtained":["Golden Idol"],"max_hp_gain":0,"max_hp_loss":0,"event_name":"Golden Idol","floor":5,"gold_loss":0}],"is_beta":false,"boss_relics":[],"items_purged_floors":[],"is_endless":false,"potions_floor_spawned":[2,6,8],"killed_by":"Gremlin Nob","ascension_level":4}}