{"host":"ig8wumfz6i0kebkp","time":1613368252,"event":{"mods":["BaseMod","Minty Spire (QoL Compilation)","Relic Stats","StSLib","The Bug Knight"],"gold_per_floor":[118,65,65,83,83,109,109,137,211,229,229,304,337,356,356,458,458,471,487,18,18,47,73,73,23,103,113,130,130,140,165,165,263,263,283,294,306,113,129,162,162,189,189,189,224,224,274,274,274,274,274,274,125,155,155,155],"floor_reached":55,"language":"ENG","playtime":6076,"items_purged":["HollowMod:QuickDashStart","HollowMod:NailStrikeStart","HollowMod:CloakDash"],"score":892,"play_id":"5102649e-376c-4ddf-ad5d-2f2006a96f2a","local_time":"20210214235052","is_ascension_mode":true,"campfire_choices":[{"data":"HollowMod:GoodIntentions","floor":7,"key":"SMITH"},{"data":"HollowMod:ChannelNail","floor":11,"key":"SMITH"},{"data":"HollowMod:SoulSplash","floor":15,"key":"SMITH"},{"data":"HollowMod:Weaversong","floor":24,"key":"SMITH"},{"data":"HollowMod:RecoilStrike","floor":32,"key":"SMITH"},{"data":"HollowMod:FocusHealStart","floor":41,"key":"SMITH"},{"data":"HollowMod:DashSlash","floor":44,"key":"SMITH"},{"floor":46,"key":"RECALL"},{"data":"HollowMod:PogoStrike","floor":49,"key":"SMITH"},{"data":"HollowMod:NailStrikeStart","floor":52,"key":"SMITH"}],"circlet_count":0,"master_deck":["HollowMod:NailStrikeStart","HollowMod:NailStrikeStart","HollowMod:NailStrikeStart+1","HollowMod:QuickDashStart","HollowMod:QuickDashStart","HollowMod:FocusHealStart+1","HollowMod:PogoStrike+1","HollowMod:ChannelNail+1","HollowMod:DashSlash+1","HollowMod:GoodIntentions+1","HollowMod:RecoilStrike+1","HollowMod:SoulSplash+1","HollowMod:DesolateDive+1","HollowMod:Weaversong+1","HollowMod:MothsMistake+1","HollowMod:CornifersMapStart+1","HollowMod:CoiledNail+1","HollowMod:InfectionAssault+1","HollowMod:SoulSplash+1","HollowMod:MonarchWings+1","HollowMod:CycloneSlash+1","HollowMod:ZotesMagnificence+1"],"relics":["HollowMod:VesselMask","NeowsBlessing","Bag of Marbles","Smiling Mask","Molten Egg 2","Pen Nib","Sozu","Orichalcum","HollowMod:StagPassRelic","Red Mask","Toxic Egg 2","Meat on the Bone","Bronze Scales","Coffee Dripper","Lee\u0027s Waffle","Dream Catcher","Incense Burner","Potion Belt","Bird Faced Urn","HollowMod:PaleOreRelic","Lizard Tail"],"acts_visited":["Exordium","TheCity","TheBeyond","TheEnding"],"potions_floor_usage":[8,8,16,16],"damage_taken":[{"damage":0,"enemies":"Small Slimes","floor":1,"turns":1},{"damage":0,"enemies":"Cultist","floor":4,"turns":1},{"damage":0,"enemies":"3 Sentries","floor":6,"turns":1},{"damage":14,"enemies":"Gremlin Nob","floor":8,"turns":3},{"damage":7,"enemies":"Jaw Worm","floor":10,"turns":2},{"damage":17,"enemies":"3 Sentries","floor":13,"turns":9},{"damage":2,"enemies":"Blue Slaver","floor":14,"turns":2},{"damage":33,"enemies":"Slime Boss","floor":16,"turns":7},{"damage":7,"enemies":"Chosen","floor":18,"turns":3},{"damage":18,"enemies":"Shell Parasite","floor":19,"turns":4},{"damage":16,"enemies":"Masked Bandits","floor":22,"turns":3},{"damage":12,"enemies":"Book of Stabbing","floor":23,"turns":3},{"damage":6,"enemies":"Centurion and Healer","floor":27,"turns":3},{"damage":18,"enemies":"Sentry and Sphere","floor":28,"turns":4},{"damage":4,"enemies":"Chosen and Byrds","floor":30,"turns":4},{"damage":6,"enemies":"Gremlin Leader","floor":31,"turns":4},{"damage":33,"enemies":"HollowMod:NKGrimm","floor":33,"turns":6},{"damage":5,"enemies":"3 Shapes","floor":35,"turns":2},{"damage":19,"enemies":"3 Darklings","floor":36,"turns":3},{"damage":57,"enemies":"HollowMod:SlobberingHusk","floor":37,"turns":5},{"damage":10,"enemies":"Jaw Worm Horde","floor":39,"turns":3},{"damage":15,"enemies":"Nemesis","floor":40,"turns":3},{"damage":23,"enemies":"Giant Head","floor":42,"turns":6},{"damage":12,"enemies":"Nemesis","floor":45,"turns":3},{"damage":12,"enemies":"Mind Bloom Boss Battle","floor":47,"turns":5},{"damage":39,"enemies":"HollowMod:Radiance","floor":50,"turns":8},{"damage":24,"enemies":"Shield and Spear","floor":54,"turns":4},{"damage":136,"enemies":"The Heart","floor":55,"turns":5}],"seed_played":"-224244748922675816","potions_obtained":[{"floor":1,"key":"ColorlessPotion"},{"floor":4,"key":"Strength Potion"},{"floor":8,"key":"PowerPotion"},{"floor":10,"key":"BlessingOfTheForge"},{"floor":13,"key":"LiquidBronze"}],"is_trial":false,"path_per_floor":["M","$","?","M","?","E","R","E","T","M","R","?","E","M","R","B",null,"M","M","$","?","?","E","R","$","T","M","M","?","M","E","R","B",null,"M","M","M","$","M","E","R","E","T","R","E","R","?","?","R","B",null,"R","$","E","B"],"character_chosen":"THE_BUGKNIGHT","items_purchased":["HollowMod:DashSlash","HollowMod:CoiledNail+1","Orichalcum","HollowMod:StagPassRelic","Lee\u0027s Waffle","HollowMod:PaleOreRelic"],"campfire_rested":0,"item_purchase_floors":[2,20,20,20,38,53],"current_hp_per_floor":[75,75,75,75,80,80,80,66,66,59,59,51,40,38,38,11,80,79,61,61,61,45,33,33,33,33,39,33,33,41,47,47,26,80,75,56,17,87,77,62,62,49,49,49,49,49,47,47,47,34,83,83,83,59,0,0],"gold":155,"neow_bonus":"THREE_ENEMY_KILL","is_daily":false,"chose_seed":false,"campfire_upgraded":9,"win_rate":0.0,"timestamp":1613368252,"path_taken":["M","$","?","?","?","E","R","E","T","M","R","?","E","M","R","BOSS","M","?","$","?","?","E","R","$","T","M","M","?","M","E","R","BOSS","M","M","M","$","M","E","R","E","T","R","E","R","?","?","R","BOSS","R","$","E","BOSS"],"items_purchased_type":["Card","Card","Relic","Relic","Relic","Relic"],"build_version":"2020-12-22","purchased_purges":3,"victory":false,"max_hp_per_floor":[75,75,75,75,80,80,80,80,80,80,80,80,80,80,80,80,80,80,80,80,80,80,80,80,80,80,80,80,80,80,80,80,80,80,80,80,80,87,87,87,87,87,87,87,87,87,87,83,83,83,83,83,83,83,83,83],"relic_stats":{"Sozu":7,"Lee\u0027s Waffle":70,"Dream Catcher":0,"Lizard Tail":41,"counters":[28,107],"Bronze Scales":[198],"Bird Faced Urn":[8],"Pen Nib":[23],"Orichalcum":[108],"Smiling Mask":150,"obtain_stats":[{"Potion Belt":45,"Lee\u0027s Waffle":38,"NeowsBlessing":0,"HollowMod:VesselMask":0,"Pen Nib":13,"Incense Burner":42,"Orichalcum":20,"Smiling Mask":8,"HollowMod:StagPassRelic":20,"Sozu":17,"Dream Catcher":40,"Lizard Tail":54,"Bronze Scales":31,"Bird Faced Urn":47,"Molten Egg 2":9,"Bag of Marbles":6,"Red Mask":22,"Coffee Dripper":34,"HollowMod:PaleOreRelic":53,"Toxic Egg 2":23,"Meat on the Bone":26},{"Potion Belt":24,"Lee\u0027s Waffle":20,"NeowsBlessing":0,"HollowMod:VesselMask":0,"Pen Nib":6,"Incense Burner":23,"Orichalcum":10,"Smiling Mask":4,"HollowMod:StagPassRelic":10,"Sozu":8,"Dream Catcher":22,"Lizard Tail":27,"Bronze Scales":16,"Bird Faced Urn":25,"Molten Egg 2":4,"Bag of Marbles":3,"Red Mask":11,"Coffee Dripper":17,"HollowMod:PaleOreRelic":26,"Toxic Egg 2":12,"Meat on the Bone":12},{"Potion Belt":85,"Lee\u0027s Waffle":70,"NeowsBlessing":0,"HollowMod:VesselMask":0,"Pen Nib":17,"Incense Burner":82,"Orichalcum":33,"Smiling Mask":6,"HollowMod:StagPassRelic":33,"Sozu":26,"Dream Catcher":76,"Lizard Tail":102,"Bronze Scales":54,"Bird Faced Urn":90,"Molten Egg 2":6,"Bag of Marbles":3,"Red Mask":36,"Coffee Dripper":60,"HollowMod:PaleOreRelic":98,"Toxic Egg 2":39,"Meat on the Bone":39}],"Meat on the Bone":96},"card_choices":[{"not_picked":["HollowMod:SoulEater","HollowMod:TaintedHusks"],"picked":"HollowMod:ChannelNail","floor":1},{"not_picked":["HollowMod:MawleksShell","HollowMod:ShadowDash"],"picked":"HollowMod:GoodIntentions","floor":4},{"not_picked":["HollowMod:VoidDash","HollowMod:NewJinnsSoul","HollowMod:SoulStrike"],"picked":"SKIP","floor":6},{"not_picked":["HollowMod:DungDefenderAura","HollowMod:BrokenVessel"],"picked":"HollowMod:RecoilStrike","floor":8},{"not_picked":["HollowMod:VengefulVoid+1","HollowMod:MawleksShell"],"picked":"HollowMod:SoulSplash","floor":10},{"not_picked":["HollowMod:GrimmsGift","HollowMod:DashSlash+1"],"picked":"HollowMod:CloakDash","floor":13},{"not_picked":["HollowMod:TaintedHusks","HollowMod:FallenFury+1"],"picked":"HollowMod:DesolateDive+1","floor":14},{"not_picked":["HollowMod:SoulMaster","HollowMod:theNailsmith"],"picked":"HollowMod:Weaversong","floor":16},{"not_picked":["HollowMod:HeavyBlow+1","HollowMod:VengefulVoid+1"],"picked":"HollowMod:MothsMistake+1","floor":18},{"not_picked":["HollowMod:NewLittleFool+1","HollowMod:SoulVessel"],"picked":"HollowMod:CornifersMapStart+1","floor":19},{"not_picked":["HollowMod:BrokenVessel+1","HollowMod:LordofShades"],"picked":"HollowMod:InfectionAssault+1","floor":23},{"not_picked":["HollowMod:SoulStrike+1","HollowMod:CloakDash+1"],"picked":"HollowMod:SoulSplash+1","floor":27},{"not_picked":["HollowMod:NewLittleFool+1","HollowMod:BrokenVessel"],"picked":"HollowMod:MonarchWings+1","floor":28},{"not_picked":["HollowMod:BrokenVessel+1","HollowMod:AwokenDreamNail+1"],"picked":"HollowMod:CycloneSlash+1","floor":30},{"not_picked":["HollowMod:BrokenVessel","HollowMod:NewLittleFool+1","HollowMod:TaintedHusks+1"],"picked":"SKIP","floor":31},{"not_picked":["HollowMod:Hiveblood+1","HollowMod:PureVessel"],"picked":"HollowMod:ZotesMagnificence+1","floor":33},{"not_picked":["HollowMod:SoulSplash+1","HollowMod:ShadowDash+1","HollowMod:DescendingDark+1"],"picked":"SKIP","floor":35},{"not_picked":["HollowMod:BrokenVessel","HollowMod:SoulStrike+1","HollowMod:GreatSlash+1"],"picked":"SKIP","floor":36},{"not_picked":["HollowMod:NewJinnsSoul+1","HollowMod:CloakDash+1","HollowMod:MonarchWings+1"],"picked":"SKIP","floor":37},{"not_picked":["HollowMod:AbyssShriek+1","HollowMod:NewLittleFool+1","HollowMod:CornifersMapStart+1"],"picked":"SKIP","floor":39},{"not_picked":["HollowMod:NewJinnsSoul+1","HollowMod:Weaversong","HollowMod:VengefulVoid+1"],"picked":"SKIP","floor":40},{"not_picked":["HollowMod:MonarchWings+1","HollowMod:CloakDash+1","HollowMod:LifebloodCocoon+1"],"picked":"SKIP","floor":42},{"not_picked":["HollowMod:VengefulVoid+1","HollowMod:Grubsong+1","HollowMod:NewGlowingWomb+1"],"picked":"SKIP","floor":45},{"not_picked":["HollowMod:theNailsmith+1","HollowMod:HuntersJournal+1","HollowMod:CloakDash+1"],"picked":"SKIP","floor":54}],"player_experience":268441,"relics_obtained":[{"floor":6,"key":"Bag of Marbles"},{"floor":8,"key":"Smiling Mask"},{"floor":9,"key":"Molten Egg 2"},{"floor":13,"key":"Pen Nib"},{"floor":22,"key":"Red Mask"},{"floor":23,"key":"Toxic Egg 2"},{"floor":26,"key":"Meat on the Bone"},{"floor":31,"key":"Bronze Scales"},{"floor":40,"key":"Dream Catcher"},{"floor":42,"key":"Incense Burner"},{"floor":45,"key":"Potion Belt"},{"floor":47,"key":"Bird Faced Urn"},{"floor":54,"key":"Lizard Tail"}],"event_choices":[{"cards_removed":["HollowMod:QuickDashStart"],"damage_healed":0,"gold_gain":0,"player_choice":"Purged","damage_taken":0,"max_hp_gain":0,"max_hp_loss":0,"event_name":"Purifier","floor":3,"gold_loss":0},{"damage_healed":0,"gold_gain":0,"player_choice":"Donut","damage_taken":0,"max_hp_gain":5,"max_hp_loss":0,"event_name":"Big Fish","floor":5,"gold_loss":0},{"damage_healed":0,"gold_gain":75,"player_choice":"Touch","damage_taken":8,"max_hp_gain":0,"max_hp_loss":0,"event_name":"FaceTrader","floor":12,"gold_loss":0},{"damage_healed":0,"gold_gain":0,"player_choice":"Fought Bandits","damage_taken":0,"max_hp_gain":0,"max_hp_loss":0,"event_name":"Masked Bandits","floor":22,"gold_loss":0},{"damage_healed":0,"gold_gain":0,"player_choice":"Ignored","damage_taken":0,"max_hp_gain":0,"max_hp_loss":0,"event_name":"Vampires","floor":29,"gold_loss":0},{"damage_healed":0,"gold_gain":0,"player_choice":"Fight","damage_taken":0,"max_hp_gain":0,"max_hp_loss":0,"event_name":"MindBloom","floor":47,"gold_loss":0},{"damage_healed":0,"gold_gain":0,"player_choice":"Max HP","damage_taken":0,"max_hp_gain":0,"max_hp_loss":4,"event_name":"Winding Halls","floor":48,"gold_loss":0}],"is_beta":false,"boss_relics":[{"not_picked":["SlaversCollar","Velvet Choker"],"picked":"Sozu"},{"not_picked":["Snecko Eye","Runic Pyramid"],"picked":"Coffee Dripper"}],"items_purged_floors":[20,25,38],"is_endless":false,"potions_floor_spawned":[1,4,8,10,13,19,23,27,35,39,40,47],"killed_by":"The Heart","ascension_level":2}}