{"host":"n2sr453jcjz6vvl4","time":1613433145,"event":{"mods":["BaseMod","Minty Spire (QoL Compilation)"],"gold_per_floor":[111,124,124,147,72,72,104,114,114,125,125,44,44,71,71,167,167,177,32,44,44,44],"floor_reached":21,"language":"ENG","playtime":1701,"items_purged":["Strike_G"],"score":254,"play_id":"23a43182-577d-4558-8e62-8b2ad3ccde21","local_time":"20210215195225","is_ascension_mode":true,"campfire_choices":[{"data":"Blur","floor":6,"key":"SMITH"},{"data":"Blur","floor":11,"key":"SMITH"},{"data":"Noxious Fumes","floor":15,"key":"SMITH"}],"circlet_count":0,"master_deck":["Strike_G","Strike_G","Strike_G","Strike_G","Defend_G","Defend_G","Defend_G","Defend_G","Survivor","Neutralize","Tools of the Trade","Blur+1","Outmaneuver","Blur+1","Distraction","Noxious Fumes+1","Envenom","Quick Slash+1","Cloak And Dagger"],"relics":["Ring of the Serpent","Boot","Centennial Puzzle","Pear","Ornamental Fan","Toy Ornithopter","Pen Nib"],"acts_visited":["Exordium","TheCity"],"potions_floor_usage":[16,20],"damage_taken":[{"damage":3,"enemies":"Cultist","floor":1,"turns":4},{"damage":0,"enemies":"2 Louse","floor":2,"turns":4},{"damage":31,"enemies":"3 Sentries","floor":7,"turns":16},{"damage":0,"enemies":"Jaw Worm","floor":8,"turns":6},{"damage":1,"enemies":"2 Fungi Beasts","floor":10,"turns":7},{"damage":0,"enemies":"Lagavulin","floor":14,"turns":11},{"damage":23,"enemies":"Slime Boss","floor":16,"turns":14},{"damage":28,"enemies":"Chosen","floor":18,"turns":9},{"damage":24,"enemies":"3 Byrds","floor":20,"turns":5},{"damage":37,"enemies":"Sentry and Sphere","floor":21,"turns":5}],"seed_played":"-4795259102855569601","potions_obtained":[{"floor":1,"key":"PowerPotion"},{"floor":8,"key":"SteroidPotion"},{"floor":14,"key":"SkillPotion"},{"floor":16,"key":"Swift Potion"},{"floor":20,"key":"CunningPotion"}],"is_trial":false,"path_per_floor":["M","M","?","T","$","R","E","M","T","M","R","$","?","E","R","B",null,"M","$","M","M"],"character_chosen":"THE_SILENT","items_purchased":["Noxious Fumes","Pen Nib"],"campfire_rested":0,"item_purchase_floors":[12,19],"current_hp_per_floor":[67,67,49,49,49,49,28,28,28,27,27,27,27,27,27,9,80,52,52,33,0,0],"gold":44,"neow_bonus":"ONE_RANDOM_RARE_CARD","is_daily":false,"chose_seed":false,"campfire_upgraded":3,"win_rate":0.0,"timestamp":1613433145,"path_taken":["M","?","?","?","$","R","E","M","T","M","R","$","?","E","R","BOSS","M","$","M","?"],"items_purchased_type":["Card","Relic"],"build_version":"2020-12-22","purchased_purges":1,"victory":false,"max_hp_per_floor":[70,70,70,70,70,70,80,80,80,80,80,80,80,80,80,80,80,80,80,80,80,80],"card_choices":[{"not_picked":["Concentrate","Accuracy"],"picked":"Blur","floor":1},{"not_picked":["Deflect","Acrobatics"],"picked":"Outmaneuver","floor":2},{"not_picked":["Skewer","Grand Finale"],"picked":"Blur","floor":7},{"not_picked":["Flechettes","Underhanded Strike","Acrobatics"],"picked":"SKIP","floor":8},{"not_picked":["Underhanded Strike","Riddle With Holes"],"picked":"Distraction","floor":10},{"not_picked":["Dagger Spray","Bane","Reflex"],"picked":"SKIP","floor":14},{"not_picked":["Grand Finale","Burst"],"picked":"Envenom","floor":16},{"not_picked":["Dagger Throw","Prepared"],"picked":"Quick Slash+1","floor":18},{"not_picked":["Outmaneuver","Dagger Throw"],"picked":"Cloak And Dagger","floor":20}],"player_experience":144024,"relics_obtained":[{"floor":4,"key":"Centennial Puzzle"},{"floor":7,"key":"Pear"},{"floor":9,"key":"Ornamental Fan"},{"floor":14,"key":"Toy Ornithopter"}],"event_choices":[{"damage_healed":0,"gold_gain":0,"player_choice":"Success","damage_taken":18,"relics_obtained":["Boot"],"max_hp_gain":0,"max_hp_loss":0,"event_name":"Scrap Ooze","floor":3,"gold_loss":0},{"cards_removed":["Defend_G"],"damage_healed":0,"gold_gain":0,"player_choice":"Offered Basic","damage_taken":0,"max_hp_gain":0,"max_hp_loss":0,"event_name":"Bonfire Elementals","floor":13,"gold_loss":0}],"is_beta":false,"boss_relics":[{"not_picked":["Sozu","WristBlade"],"picked":"Ring of the Serpent"}],"items_purged_floors":[5],"is_endless":false,"potions_floor_spawned":[1,8,14,16,20],"killed_by":"Sentry and Sphere","ascension_level":4}}