{"host":"dug4t5o3sl9ppgxq","time":1613357696,"event":{"mods":["ATMod(阿瑾Mod)","Act Like it!","Aspiration","BaseMod","BetterRewards","Card Forge","Colored Map","Colored Powertips","DNKmod","Downfall","FoggyMod","Friendly Minions","Gensokyo","Grow up Mod","Hallownest","Highlight Path","Lobotomy","LobotomyExtend","Marisa（F雨　魔理沙）","Minty Spire (QoL Compilation)","Reimu（博丽灵梦）","Relic Filter Mod","Remilia（蕾米莉亚）","Replay The Spire","Spicy Shops","StSLib","The Bug Knight","The Saiyan","Uncapped","Warlord Emblem","noobMod","【功能Mod】混沌之环修复补丁","【功能Mod】聪明的最终Boss","【遗物卡牌】REMEMod"],"gold_per_floor":[10014,10089,9325,9325,9435,9468,9468,9495,9495,9522,9548,9565,9565,9565,9565,9668,9668,9688,9688,8896,8856,8856,8889,8889,8923,8923,8943,8968,8968,8984,8984,8984,9088,9088,9106,8855,8855,8855,8906,8935,8935,8970,9016,9016,8367,8397,8397,8426,8426,8426,8426,8426,8426,8129,8154,8154],"floor_reached":57,"language":"ZHS","playtime":2664,"items_purged":[],"score":2278,"play_id":"3a72d4c3-3fda-4fea-9824-bd6de2f65621","local_time":"20210215105456","is_ascension_mode":true,"campfire_choices":[{"floor":7,"key":"RECALL"},{"floor":24,"key":"REST"},{"floor":32,"key":"REST"},{"floor":47,"key":"REST"},{"floor":49,"key":"REST"},{"floor":53,"key":"REST"}],"circlet_count":0,"master_deck":["Body Slam+1","Juggernaut+1","Double Tap+1","Barricade+1","Entrench+1","Impervious+1","AT_ShrugMaster+1","ReplayReversal+1","Metallicize+1","Flame Barrier+1","Shrug It Off+1","AT_BodySlamDance+1","Metallicize+1","Metallicize+1","CurseOfTheBell","AT_ShrugMaster+1","Entrench+1","Entrench+1","AT_EmpoweredMortalDraw+1","Madness+1"],"relics":["Burning Blood","Hammer of Thor","Seething Fire","Anvil of the Gods","ice","AT_ATBox","REME_ComplimentaryCards","aspiration:Nostalgia","FlyPower:ReiMu","Singing Bowl","Garlic","AT_BellowingDragoncrestRing","King of Hearts","Anchor","Mastiff:ReiMu","AT_ArcaneBoots","Calling Bell","Omamori","Replay:WaspNest","Prayer Wheel","ReplayTheSpireMod:Ninjato","ReplayFunnel","Potion Belt","Onion Ring","AT_EbonyIvory","Toy Ornithopter","Replay:Bottled Flurry","aspiration:StickyExplosives","AT_MortalBlade","aspiration:FetidBarrel","Replay:Rubber Ducky","AT_RedTearstoneRing","Shuriken","ClockworkSouvenir","Mirror","Bottled Lightning","Boot","Calipers","Iron Hammer"],"acts_visited":["Exordium","TheCity","TheBeyond","TheEnding"],"potions_floor_usage":[],"damage_taken":[{"damage":0,"enemies":"2 Louse","floor":1,"turns":1},{"damage":2,"enemies":"3 Sentries","floor":6,"turns":3},{"damage":0,"enemies":"Lagavulin","floor":8,"turns":3},{"damage":0,"enemies":"Gremlin Nob","floor":11,"turns":2},{"damage":0,"enemies":"Jaw Worm","floor":12,"turns":2},{"damage":0,"enemies":"Slime Boss","floor":16,"turns":4},{"damage":0,"enemies":"Spheric Guardian","floor":18,"turns":4},{"damage":6,"enemies":"Gremlin Leader","floor":23,"turns":3},{"damage":0,"enemies":"Slavers","floor":25,"turns":2},{"damage":0,"enemies":"2 Thieves","floor":27,"turns":3},{"damage":0,"enemies":"Gremlin Leader","floor":28,"turns":3},{"damage":0,"enemies":"3 Cultists","floor":30,"turns":5},{"damage":0,"enemies":"Automaton","floor":33,"turns":3},{"damage":0,"enemies":"Orb Walker","floor":35,"turns":2},{"damage":0,"enemies":"2 Orb Walkers","floor":39,"turns":3},{"damage":0,"enemies":"Nemesis","floor":40,"turns":3},{"damage":0,"enemies":"Giant Head","floor":42,"turns":3},{"damage":0,"enemies":"Reptomancer","floor":46,"turns":3},{"damage":0,"enemies":"Giant Head","floor":48,"turns":4},{"damage":0,"enemies":"Awakened One","floor":50,"turns":5},{"damage":0,"enemies":"Shield and Spear","floor":55,"turns":2},{"damage":0,"enemies":"The Heart","floor":56,"turns":5}],"seed_played":"-3065204882390615032","potions_obtained":[{"floor":8,"key":"Explosive Potion"},{"floor":12,"key":"ColorlessPotion"},{"floor":16,"key":"Elixir"},{"floor":23,"key":"Regen Potion"},{"floor":30,"key":"AttackPotion"},{"floor":39,"key":"HeartOfIron"}],"is_trial":false,"path_per_floor":["M","?","$","?","?","E","R","E","T","T","E","M","?","?","R_BF","B",null,"M","?","$","?","?","E","R","E","T","M","E","?","M","?","R","B",null,"M","$","?","?","?","E","?","E","T","?","$","E","R","E","R","B",null,null,"R","$","E","B",null],"character_chosen":"IRONCLAD","items_purchased":["Singing Bowl","Garlic","AT_BellowingDragoncrestRing","ReplayTheSpireMod:Ninjato","ReplayFunnel","Potion Belt","Onion Ring","aspiration:FetidBarrel","Shuriken","ClockworkSouvenir","Mirror","Calipers"],"campfire_rested":5,"item_purchase_floors":[3,3,3,20,20,20,20,36,45,45,45,54],"current_hp_per_floor":[1020,1019,1029,1039,1051,1067,1077,1095,1105,1115,1126,1136,1146,1156,1166,1178,1188,1202,1212,1222,1232,1242,1252,1262,1272,1282,1296,1308,1318,1332,1342,1352,1364,1374,1388,1398,1233,1243,1261,1279,1289,1307,1317,1327,1337,1355,1516,1528,1538,1548,1558,1568,1578,1588,1600,1620],"gold":8154,"neow_bonus":"NOSTALGIA","is_daily":false,"chose_seed":false,"campfire_upgraded":0,"win_rate":0.0,"timestamp":1613357696,"path_taken":["M","?","$","?","?","E","R","E","T","?","E","?","?","?","R_BF","BOSS","M","?","$","?","?","E","R","E","T","?","E","?","?","?","R","BOSS","M","$","?","?","?","E","?","E","T","?","?","E","R","E","R","BOSS","R","$","E","BOSS"],"items_purchased_type":["Relic","Relic","Relic","Relic","Relic","Relic","Relic","Relic","Relic","Relic","Relic","Relic"],"build_version":"2020-12-22","purchased_purges":0,"victory":true,"max_hp_per_floor":[1020,1030,1040,1050,1062,1074,1084,1096,1106,1116,1126,1136,1146,1156,1166,1178,1188,1202,1212,1222,1232,1242,1252,1262,1272,1282,1296,1308,1318,1332,1342,1352,1364,1374,1388,1398,1408,1418,1430,1442,1452,1464,1474,1484,1494,1506,1516,1528,1538,1548,1558,1568,1578,1588,1600,1620],"card_choices":[{"not_picked":["Shockwave","AT_BodySlamDance"],"picked":"Ghostly Armor","floor":1},{"not_picked":["AT_ManFootWork","Clash"],"picked":"Iron Wave","floor":5},{"not_picked":["Double Tap","AT_ManFootWork","Clothesline"],"picked":"Singing Bowl","floor":5},{"not_picked":["AT_DiedThrough","REME_Scribble"],"picked":"Iron Wave","floor":5},{"not_picked":["AT_IchimonjiDouble","AT_BodySlamDance","Clash"],"picked":"Singing Bowl","floor":6},{"not_picked":["Headbutt","Burning Pact","Reaper"],"picked":"Singing Bowl","floor":8},{"not_picked":["Burning Pact","Headbutt"],"picked":"Ghostly Armor","floor":11},{"not_picked":["ReplayTheSpireMod:Muscle Training","REME_Scribble"],"picked":"Metallicize","floor":12},{"not_picked":["Immolate","REME_TheLastStrike","Corruption"],"picked":"Singing Bowl","floor":16},{"not_picked":["Searing Blow+1","Seeing Red","Rupture"],"picked":"Singing Bowl","floor":18},{"not_picked":["Cleave","Inflame","Evolve"],"picked":"Singing Bowl","floor":18},{"not_picked":["ReplayTheSpireMod:LeadingStrike","Heavy Blade"],"picked":"AT_ShrugMaster+1","floor":23},{"not_picked":["Second Wind+1","Intimidate"],"picked":"Entrench+1","floor":25},{"not_picked":["Clothesline","True Grit","Wild Strike"],"picked":"Singing Bowl","floor":27},{"not_picked":["Clothesline","Heavy Blade","AT_DiedThrough"],"picked":"Singing Bowl","floor":27},{"not_picked":["Headbutt","Dropkick","Twin Strike"],"picked":"Singing Bowl","floor":28},{"not_picked":["Armaments+1","Pommel Strike","Berserk"],"picked":"Singing Bowl","floor":30},{"not_picked":["Cleave","Pommel Strike","Wild Strike+1"],"picked":"Singing Bowl","floor":30},{"not_picked":["Reaper","Barricade","Hemogenesis"],"picked":"Singing Bowl","floor":33},{"not_picked":["Pommel Strike","Shrug It Off+1","Whirlwind"],"picked":"Singing Bowl","floor":35},{"not_picked":["Infernal Blade","Cleave","Rampage"],"picked":"Singing Bowl","floor":35},{"not_picked":["Heavy Blade","Burning Pact","Twin Strike+1"],"picked":"Singing Bowl","floor":39},{"not_picked":["Perfected Strike+1","Wild Strike+1","ReplayTheSpireMod:Limb From Limb+1"],"picked":"Singing Bowl","floor":40},{"not_picked":["AT_GerminateFire+1","Anger+1","Sword Boomerang+1"],"picked":"Singing Bowl","floor":42},{"not_picked":["Run Through+1","Fire Breathing+1","Dark Embrace"],"picked":"Singing Bowl","floor":46},{"not_picked":["Body Slam","Wild Strike+1","Exhume"],"picked":"Singing Bowl","floor":48},{"not_picked":["Cleave","Headbutt","Dropkick+1"],"picked":"Singing Bowl","floor":55}],"player_experience":187735,"relics_obtained":[{"floor":6,"key":"King of Hearts"},{"floor":8,"key":"Anchor"},{"floor":10,"key":"Mastiff:ReiMu"},{"floor":11,"key":"AT_SpeedBoots"},{"floor":17,"key":"Omamori"},{"floor":17,"key":"Replay:WaspNest"},{"floor":17,"key":"Prayer Wheel"},{"floor":23,"key":"AT_EbonyIvory"},{"floor":25,"key":"Toy Ornithopter"},{"floor":26,"key":"Replay:Bottled Flurry"},{"floor":28,"key":"aspiration:StickyExplosives"},{"floor":40,"key":"Replay:Rubber Ducky"},{"floor":43,"key":"AT_RedTearstoneRing"},{"floor":46,"key":"Bottled Lightning"},{"floor":48,"key":"Boot"},{"floor":55,"key":"Iron Hammer"}],"event_choices":[{"damage_healed":0,"gold_gain":75,"player_choice":"Gather Gold","damage_taken":11,"max_hp_gain":0,"max_hp_loss":0,"event_name":"World of Goop","floor":2,"gold_loss":0},{"damage_healed":0,"gold_gain":0,"player_choice":"Ignored","damage_taken":0,"max_hp_gain":0,"max_hp_loss":0,"event_name":"Shining Light","floor":13,"gold_loss":0},{"damage_healed":0,"gold_gain":0,"player_choice":"Ignored","damage_taken":0,"max_hp_gain":0,"max_hp_loss":0,"event_name":"Vampires","floor":19,"gold_loss":0},{"damage_healed":0,"gold_gain":0,"player_choice":"交出神酒","damage_taken":0,"max_hp_gain":0,"max_hp_loss":0,"event_name":"ZunEvent","floor":21,"relics_lost":["ZunR:ReiMu"],"gold_loss":0,"cards_obtained":["ZunPunch:ReiMu"]},{"damage_healed":0,"gold_gain":0,"player_choice":"Copied","damage_taken":0,"max_hp_gain":0,"max_hp_loss":0,"event_name":"Duplicator","floor":29,"gold_loss":0,"cards_obtained":["Entrench"]},{"damage_healed":0,"gold_gain":0,"player_choice":"Ignored","damage_taken":0,"max_hp_gain":0,"max_hp_loss":0,"event_name":"Ghosts","floor":31,"gold_loss":0},{"damage_healed":0,"gold_gain":0,"player_choice":"Embrace Madness","damage_taken":175,"max_hp_gain":0,"max_hp_loss":0,"event_name":"Winding Halls","floor":37,"gold_loss":0,"cards_obtained":["Madness","Madness"]},{"damage_healed":0,"gold_gain":0,"player_choice":"Ignored","damage_taken":0,"max_hp_gain":0,"max_hp_loss":0,"event_name":"Tomb of Lord Red Mask","floor":38,"gold_loss":0},{"damage_healed":0,"gold_gain":0,"player_choice":"Fight","damage_taken":0,"max_hp_gain":0,"max_hp_loss":0,"event_name":"Mysterious Sphere","floor":39,"gold_loss":0},{"cards_removed":["Madness"],"damage_healed":0,"gold_gain":0,"player_choice":"Removed Skill","damage_taken":0,"max_hp_gain":0,"max_hp_loss":0,"event_name":"Falling","floor":41,"gold_loss":0}],"is_beta":false,"boss_relics":[{"not_picked":["Replay:Wanted Poster","Philosopher\u0027s Stone"],"picked":"Calling Bell"},{"not_picked":["Velvet Choker","aspiration:RunicSpoon"],"picked":"AT_MortalBlade"}],"items_purged_floors":[],"is_endless":false,"potions_floor_spawned":[8,12,16,23,30,39,40,42],"ascension_level":5}}