{"host":"bvp2uifzy1c463d9","time":1613428195,"event":{"mods":["AchievementEnabler","BaseMod","Better Note","Block Reminder","Bossed Relics","ChefMod","Colored Map","Colored Powertips","Energized Spire","Hermit","Highlight Path","Hubris","Infinite Spire","Minty Spire (QoL Compilation)","Random Character Button","Relic Sorter","Relic Stats","Reliquary","Replay The Spire","Robot Space Explorer","StSLib","The Blue Laboratory","The Jungle","The Servant 0.9.4","Wandering Minibosses"],"gold_per_floor":[119,135,151,165,180,180,214,214,263,298,298,298,323,18,18,114,114,100,110,123,123,137,137,137,137,137,168,168,183,183,183,196,212,212,309,409,420,420,420,420,431,463,483,812,836,836,544,544,544,544,544,544,544,544,427,427,427,427,427,427,455,455,455],"floor_reached":60,"language":"ENG","playtime":2770,"items_purged":["chefmod:Strike","chefmod:Strike"],"score":785,"play_id":"d37fcf1f-82ec-4056-b25f-a583912ee294","local_time":"20210215162955","is_ascension_mode":false,"campfire_choices":[{"data":"chefmod:Escargot","floor":6.0,"key":"SMITH"},{"data":"chefmod:Fillet","floor":8.0,"key":"SMITH"},{"data":"chefmod:FreezeSolid","floor":15.0,"key":"SMITH"},{"data":"chefmod:BleedOut","floor":15.0,"key":"SMITH"},{"data":"chefmod:FreezerBurn","floor":23.0,"key":"SMITH"},{"data":"chefmod:Sorbet","floor":23.0,"key":"SMITH"},{"data":"chefmod:AlooGobi","floor":26.0,"key":"SMITH"},{"data":"chefmod:Granita","floor":26.0,"key":"SMITH"},{"data":"chefmod:Leftovers","floor":31.0,"key":"SMITH"},{"data":"chefmod:ColdSteel","floor":31.0,"key":"SMITH"},{"floor":34.0,"key":"DIG"},{"floor":48.0,"key":"RECALL"},{"data":"Panache","floor":51.0,"key":"SMITH"},{"data":"infinitespire:DeathsTouch","floor":51.0,"key":"SMITH"},{"data":"chefmod:DeepFreeze","floor":54.0,"key":"SMITH"},{"data":"chefmod:ZaruSoba","floor":54.0,"key":"SMITH"},{"data":"Crow Ritual","floor":57,"key":"SMITH"},{"data":"chefmod:RaidPantry","floor":57,"key":"SMITH"}],"circlet_count":0,"master_deck":["chefmod:Strike","chefmod:QuickThaw+1","chefmod:Defend+1","chefmod:Defend","chefmod:Defend","chefmod:Defend","chefmod:TodaysSpecial","chefmod:Fillet+1","chefmod:AlooGobi+1","chefmod:ColdSteel+1","chefmod:Escargot+1","chefmod:Leftovers+1","chefmod:FreezeSolid+1","chefmod:BleedOut+1","chefmod:ZaruSoba+1","chefmod:FreezerBurn+1","chefmod:Sorbet+1","chefmod:RaidPantry+1","chefmod:Gelato+1","chefmod:IcePick+1","chefmod:Defrost+1","chefmod:Granita+1","chefmod:BaoBuns+1","chefmod:Chop+1","chefmod:DeepFreeze+1","chefmod:HotSoup+1","ReplayTheSpireMod:Splinters","chefmod:FreezerBurn+1","Panache+1","infinitespire:DeathsTouch+1","Crow Ritual+1","chefmod:TastyDistraction+1","chefmod:HotSoup"],"relics":["chefmod:TrustyPot","Replay:Baseball","Art of War","Bag of Marbles","Simple Rune","Replay:Arrowhead","Lee\u0027s Waffle","Philosopher\u0027s Stone","infinitespire:Beetle Shell","MutagenicStrength","Letter Opener","Replay:Wanted Poster","reliquary:Firecrackers","Old Coin","Dream Catcher","reliquary:TridentHead","WingedGreaves","reliquary:Buckler"],"acts_visited":["TheEnding"],"potions_floor_usage":[],"damage_taken":[{"damage":0.0,"enemies":"Jaw Worm","floor":1.0,"turns":4.0},{"damage":0.0,"enemies":"2 Louse","floor":2.0,"turns":3.0},{"damage":0.0,"enemies":"Small Slimes","floor":3.0,"turns":4.0},{"damage":5.0,"enemies":"2 Fungi Beasts","floor":4.0,"turns":5.0},{"damage":5.0,"enemies":"Red Slaver","floor":5.0,"turns":4.0},{"damage":4.0,"enemies":"Lagavulin","floor":7.0,"turns":7.0},{"damage":10.0,"enemies":"Gremlin Nob","floor":10.0,"turns":4.0},{"damage":18.0,"enemies":"3 Sentries","floor":13.0,"turns":8.0},{"damage":13.0,"enemies":"Hexaghost","floor":16.0,"turns":10.0},{"damage":9.0,"enemies":"2 Thieves","floor":18.0,"turns":4.0},{"damage":12.0,"enemies":"Spheric Guardian","floor":19.0,"turns":5.0},{"damage":0.0,"enemies":"Snecko","floor":20.0,"turns":6.0},{"damage":1.0,"enemies":"Shelled Parasite and Fungi","floor":22.0,"turns":6.0},{"damage":8.0,"enemies":"Nightmare","floor":27.0,"turns":6.0},{"damage":18.0,"enemies":"Sentry and Sphere","floor":29.0,"turns":7.0},{"damage":0.0,"enemies":"Centurion and Healer","floor":32.0,"turns":7.0},{"damage":15.0,"enemies":"3 Cultists","floor":33.0,"turns":6.0},{"damage":11.0,"enemies":"Pondfish","floor":35.0,"turns":10.0},{"damage":0.0,"enemies":"3 Shapes","floor":37.0,"turns":2.0},{"damage":18.0,"enemies":"3 Darklings","floor":41.0,"turns":6.0},{"damage":0.0,"enemies":"Giant Head","floor":42.0,"turns":6.0},{"damage":16.0,"enemies":"Writhing Mass","floor":43.0,"turns":7.0},{"damage":0.0,"enemies":"Replay:Hell Engine","floor":52.0,"turns":2.0},{"damage":89.0,"enemies":"Shield and Spear","floor":56.0,"turns":3.0},{"damage":33,"enemies":"Shield and Spear","floor":59,"turns":6},{"damage":77,"enemies":"The Heart","floor":60,"turns":3}],"seed_played":"-7920613200718033119","potions_obtained":[{"floor":4.0,"key":"EssenceOfSteel"},{"floor":7.0,"key":"blueLaboratory:BottleOfVodka"},{"floor":10.0,"key":"PowerPotion"},{"floor":20.0,"key":"SkillPotion"},{"floor":22.0,"key":"LiquidMemories"},{"floor":29.0,"key":"Strength Potion"},{"floor":33.0,"key":"Milkshake"},{"floor":41.0,"key":"Fruit Juice"},{"floor":43.0,"key":"SpeedPotion"}],"is_trial":false,"path_per_floor":["M","M","M","M","M","R","E","R","T","E","?","?","E","$","R","B",null,"M","M","M","?","M","R","PTL","PTL","R","NM","T","M","?","R","M","M","R_BF","B",null,"M","?","?","$","M","E","M","?","T","T","$","R","AVR","?","R","B",null,"R","$","E","R","$","E","B"],"character_chosen":"THE_CHEF","items_purchased":["chefmod:FreezerBurn","chefmod:Sorbet","Lee\u0027s Waffle","Panache","chefmod:TastyDistraction+1"],"campfire_rested":0,"item_purchase_floors":[14,14,14,47,55],"current_hp_per_floor":[76,76,76,71,66,66,62,62,62,52,52,52,34,83,83,70,83,74,62,62,62,61,61,61,61,61,53,53,35,35,35,35,20,20,9,83,83,83,83,83,65,65,54,54,54,54,54,54,54,54,54,54,88,88,88,0,0,88,88,88,55,0,0],"gold":455,"neow_bonus":"UPGRADE_CARD","is_daily":false,"chose_seed":false,"campfire_upgraded":16,"win_rate":0.0,"timestamp":1613428195,"path_taken":["M","M","M","M","M","R","E","R","T","E","?","?","E","$","R","BOSS","M","M","M","?","M","R","PTL","PTL","R","NM","T","M","?","R","M","M","R_BF","BOSS","M","?","?","$","?","E","M","?","T","?","$","R","AVR","?","R","BOSS","R","$","E","R","$","E","BOSS"],"items_purchased_type":["Card","Card","Relic","Card","Card"],"build_version":"2020-12-22","purchased_purges":2,"victory":false,"max_hp_per_floor":[76,76,76,76,76,76,76,76,76,76,76,76,76,83,83,83,83,83,83,83,83,83,83,83,83,83,83,83,83,83,83,83,83,83,83,83,83,83,83,83,83,83,88,88,88,88,88,88,88,88,88,88,88,88,88,88,88,88,88,88,88,88,88],"relic_stats":{"Lee\u0027s Waffle":49,"Dream Catcher":0,"counters":[26,141],"Art of War":[4],"Letter Opener":[133],"obtain_stats":[{"chefmod:TrustyPot":0,"Lee\u0027s Waffle":14,"reliquary:Firecrackers":42,"infinitespire:Beetle Shell":27,"Letter Opener":34,"Replay:Arrowhead":13,"Old Coin":44,"Replay:Wanted Poster":36,"reliquary:TridentHead":46,"Replay:Baseball":7,"Dream Catcher":45,"MutagenicStrength":30,"Simple Rune":11,"Philosopher\u0027s Stone":17,"reliquary:Buckler":59,"WingedGreaves":49,"Art of War":9,"Bag of Marbles":10},{"chefmod:TrustyPot":0,"Lee\u0027s Waffle":8,"reliquary:Firecrackers":21,"infinitespire:Beetle Shell":14,"Letter Opener":17,"Replay:Arrowhead":8,"Old Coin":22,"Replay:Wanted Poster":18,"reliquary:TridentHead":22,"Replay:Baseball":6,"Dream Catcher":22,"MutagenicStrength":15,"Simple Rune":7,"Philosopher\u0027s Stone":9,"reliquary:Buckler":25,"WingedGreaves":22,"Art of War":6,"Bag of Marbles":7},{"chefmod:TrustyPot":0,"Lee\u0027s Waffle":39,"reliquary:Firecrackers":120,"infinitespire:Beetle Shell":76,"Letter Opener":96,"Replay:Arrowhead":39,"Old Coin":127,"Replay:Wanted Poster":106,"reliquary:TridentHead":127,"Replay:Baseball":27,"Dream Catcher":127,"MutagenicStrength":83,"Simple Rune":31,"Philosopher\u0027s Stone":49,"reliquary:Buckler":138,"WingedGreaves":127,"Art of War":27,"Bag of Marbles":31}]},"card_choices":[{"not_picked":["chefmod:Cleavers","chefmod:SpaghettiCarbonara"],"picked":"chefmod:Fillet","floor":1.0},{"not_picked":["chefmod:Defrost","chefmod:Cleavers"],"picked":"chefmod:AlooGobi","floor":2.0},{"not_picked":["chefmod:FryPan","chefmod:Sorbet"],"picked":"chefmod:ColdSteel","floor":3.0},{"not_picked":["chefmod:BleedOut","chefmod:GroceryDelivery"],"picked":"chefmod:Escargot","floor":4.0},{"not_picked":["chefmod:HotSoup","chefmod:FryPan"],"picked":"chefmod:Leftovers","floor":5.0},{"not_picked":["chefmod:DeathByChocolate","chefmod:IcePick"],"picked":"chefmod:FreezeSolid","floor":7.0},{"not_picked":["chefmod:ColdSteel","chefmod:Fillet"],"picked":"chefmod:BleedOut","floor":10.0},{"not_picked":["chefmod:MonsterBait","chefmod:OldCookbook"],"picked":"chefmod:ZaruSoba","floor":13.0},{"not_picked":["chefmod:TastyDistraction","chefmod:PrepCook"],"picked":"chefmod:RaidPantry","floor":16.0},{"not_picked":["chefmod:FireUp","chefmod:Granita+1"],"picked":"chefmod:Gelato+1","floor":18.0},{"not_picked":["chefmod:BaoBuns+1","chefmod:Chop"],"picked":"chefmod:IcePick+1","floor":19.0},{"not_picked":["chefmod:GroceryDelivery+1","chefmod:DeathByChocolate"],"picked":"chefmod:Defrost","floor":20.0},{"not_picked":["chefmod:Fillet","chefmod:IcePick+1"],"picked":"chefmod:Granita","floor":22.0},{"not_picked":["chefmod:FireUp+1","chefmod:CleanHouse"],"picked":"chefmod:BaoBuns+1","floor":27.0},{"not_picked":["chefmod:SliceAndDice","chefmod:ColdSteel","chefmod:IcePick"],"picked":"SKIP","floor":29.0},{"not_picked":["chefmod:SearedScallops","chefmod:Granita+1"],"picked":"chefmod:Chop+1","floor":32.0},{"not_picked":["chefmod:FullBurn+1","chefmod:IcePick","chefmod:FryPan"],"picked":"SKIP","floor":33.0},{"not_picked":["chefmod:CandyBowl","chefmod:Mince"],"picked":"chefmod:DeepFreeze","floor":35.0},{"not_picked":["chefmod:BaoBuns","chefmod:GroceryDelivery+1","chefmod:FryPan+1"],"picked":"SKIP","floor":37.0},{"not_picked":["chefmod:Chop","chefmod:Sorbet+1","chefmod:NewMenu"],"picked":"SKIP","floor":41.0},{"not_picked":["chefmod:LocoMoco","chefmod:BaoBuns","chefmod:SliceAndDice+1"],"picked":"SKIP","floor":42.0},{"not_picked":["chefmod:Chop+1","chefmod:Gelato+1"],"picked":"chefmod:HotSoup+1","floor":43.0},{"not_picked":["chefmod:FullBurn+1","chefmod:FireUp+1"],"picked":"chefmod:FreezerBurn+1","floor":44.0},{"not_picked":["Replay:Bootleg Shield Generator","Replay:BasicMightCard"],"picked":"Crow Ritual","floor":50.0},{"not_picked":["chefmod:IcePick","chefmod:Fillet"],"picked":"chefmod:HotSoup","floor":59}],"player_experience":381958,"relics_obtained":[{"floor":7.0,"key":"Replay:Baseball"},{"floor":9.0,"key":"Art of War"},{"floor":10.0,"key":"Bag of Marbles"},{"floor":13.0,"key":"Replay:Arrowhead"},{"floor":27.0,"key":"infinitespire:Beetle Shell"},{"floor":34.0,"key":"Letter Opener"},{"floor":42.0,"key":"reliquary:Firecrackers"},{"floor":44.0,"key":"Old Coin"},{"floor":45.0,"key":"Dream Catcher"},{"floor":46.0,"key":"reliquary:TridentHead"},{"floor":59,"key":"reliquary:Buckler"}],"event_choices":[{"damage_healed":0.0,"max_hp_gain":0.0,"max_hp_loss":0.0,"gold_gain":0.0,"event_name":"Dead Adventurer","player_choice":"Searched \u00272\u0027 times","floor":11.0,"gold_loss":0.0,"damage_taken":0.0,"relics_obtained":["Simple Rune"]},{"damage_healed":0.0,"max_hp_gain":0.0,"max_hp_loss":0.0,"gold_gain":0.0,"event_name":"Liars Game","player_choice":"Ignored","floor":12.0,"gold_loss":0.0,"damage_taken":0.0},{"damage_healed":0.0,"max_hp_gain":0.0,"max_hp_loss":0.0,"gold_gain":0.0,"event_name":"betterNote:BetterNote","player_choice":"Ignored","floor":21.0,"gold_loss":0.0,"damage_taken":0.0,"cards_obtained":["infinitespire:Menacing"]},{"damage_healed":0.0,"max_hp_gain":0.0,"max_hp_loss":0.0,"gold_gain":0.0,"event_name":"Drug Dealer","player_choice":"Inject Mutagens","floor":30.0,"gold_loss":0.0,"damage_taken":0.0,"relics_obtained":["MutagenicStrength"]},{"cards_removed":["chefmod:Strike"],"damage_healed":0.0,"max_hp_gain":0.0,"max_hp_loss":0.0,"gold_gain":0.0,"event_name":"Bonfire Elementals","player_choice":"Offered Basic","floor":39.0,"gold_loss":0.0,"damage_taken":0.0},{"damage_healed":0.0,"max_hp_gain":0.0,"max_hp_loss":0.0,"gold_gain":0.0,"event_name":"SensoryStone","player_choice":"Memory 1","floor":50.0,"gold_loss":0.0,"damage_taken":0.0}],"is_beta":false,"boss_relics":[{"not_picked":["Coffee Dripper","Velvet Choker"],"picked":"Philosopher\u0027s Stone"},{"not_picked":["Honey Jar","Fusion Hammer"],"picked":"Replay:Wanted Poster"}],"items_purged_floors":[14,47],"is_endless":false,"potions_floor_spawned":[4,7,10,16,20,22,29,33,35,37,41,43],"killed_by":"The Heart","ascension_level":0}}