{"host":"ggy1mjjy92c62u6a","time":1613394096,"event":{"mods":["10 clothes from DAL","ATMod(阿瑾Mod)","Act Like it!","BaseMod","Colored Powertips","GifTheSpireLib","Infinite Spire","Library of Ruina","Library of Ruina Extra","Lobotomy","LobotomyExtend","Minty Spire (QoL Compilation)","Quick Restart","Relic Filter Mod","Relic Stats","Reliquary","Replay The Spire","Shop Mod","Spicy Shops","StSLib","SuperFastMode","TestMod","【功能Mod】混沌之环修复补丁","【遗物Mod】死灵法师NEW","【遗物卡牌】REMEMod"],"gold_per_floor":[118,118,137,110,110,130,144,144,144,154,117,134,343,376,376,477,477,495,508,508,508,528,528,318,347,347,363,363,363,363,363,363,460,460,476,476,476,179,179,213,213,224,224,224,224,224,147,165,180,194,594,594],"floor_reached":53,"language":"ZHS","playtime":2540,"items_purged":["Voices","Defend_G","Strike_G"],"score":1006,"play_id":"86cd80c5-a742-4787-bd12-ac40624555d9","local_time":"20210215210136","is_ascension_mode":true,"campfire_choices":[{"data":"Calculated Gamble","floor":8.0,"key":"SMITH"},{"floor":23.0,"key":"REST"},{"data":"Calculated Gamble","floor":29,"key":"SMITH"},{"data":"Prepared","floor":32,"key":"SMITH"},{"data":"Calculated Gamble","floor":41,"key":"SMITH"},{"data":"infinitespire:Collect","floor":46,"key":"SMITH"}],"circlet_count":0,"master_deck":["Strike_G","Strike_G","Strike_G","Strike_G","Defend_G","Defend_G","Defend_G","Defend_G","AT_DarkMatter","Leap","Beam Cell","Calculated Gamble+1","Hidden Blade","Strike_G","Prepared+1","Finisher","ReplayTheSpireMod:Splinters","Acrobatics","Night Terror+1","REME_SpectralBlade","AT_WindFlip","AT_TwilightShroud+1","infinitespire:Collect+1","Acrobatics","Calculated Gamble+1","Prepared+1","Mayhem","Calculated Gamble+1","After Image","Well Laid Plans","Calculated Gamble+1"],"relics":["Ring of the Snake","REME_ComplimentaryCards","testmod-TestBox","CogitoBucket","RabbitCall","testmod-ObsoleteBoomerang","LetterFromLob","ReplayTheSpireMod:CursedCoin","Lizard Tail","DALC_NINE","testmod-Nine","PageOfWrath","PageOfTheQueenOfHatred","PageOfTheKnightOfDespair","testmod-BlackFramedGlasses","AT_TrinityForce","PageOfGreed","PageOfNihil","Replay:Bottled Flurry","StoneCalendar"],"acts_visited":["Exordium","TheCity","TheBeyond"],"potions_floor_usage":[33,33,40,42,52],"damage_taken":[{"damage":4.0,"enemies":"Jaw Worm","floor":1.0,"turns":2.0},{"damage":0.0,"enemies":"Cultist","floor":3.0,"turns":2.0},{"damage":0.0,"enemies":"Small Slimes","floor":6.0,"turns":1.0},{"damage":0.0,"enemies":"Looter","floor":7.0,"turns":1.0},{"damage":0.0,"enemies":"Exordium Wildlife","floor":10.0,"turns":1.0},{"damage":0.0,"enemies":"Blue Slaver","floor":12.0,"turns":2.0},{"damage":12.0,"enemies":"3 Sentries","floor":14.0,"turns":3.0},{"damage":45.0,"enemies":"The Guardian","floor":16.0,"turns":8.0},{"damage":2.0,"enemies":"Shell Parasite","floor":18.0,"turns":1.0},{"damage":4.0,"enemies":"Chosen","floor":19.0,"turns":2.0},{"damage":13.0,"enemies":"Snake Plant","floor":22.0,"turns":2.0},{"damage":6,"enemies":"REME_1_Revenger","floor":25,"turns":2},{"damage":4,"enemies":"Snecko","floor":27,"turns":3},{"damage":32,"enemies":"Champ","floor":33,"turns":19},{"damage":2,"enemies":"3 Shapes","floor":35,"turns":1},{"damage":6,"enemies":"R_Hoarder","floor":40,"turns":4},{"damage":11,"enemies":"Nightmare","floor":42,"turns":7},{"damage":0,"enemies":"Spire Growth","floor":48,"turns":2},{"damage":16,"enemies":"4 Shapes","floor":49,"turns":1},{"damage":0,"enemies":"3 Darklings","floor":50,"turns":1},{"damage":8,"enemies":"Time Eater","floor":52,"turns":6},{"damage":33,"enemies":"Malkuth","floor":53,"turns":7},{"damage":69,"enemies":"Netzach","floor":53,"turns":14},{"damage":43,"enemies":"Geburah","floor":53,"turns":8},{"damage":63,"enemies":"Hokma","floor":53,"turns":10}],"seed_played":"175161054010146582","potions_obtained":[{"floor":1.0,"key":"BlessingOfTheForge"},{"floor":6.0,"key":"Swift Potion"},{"floor":14.0,"key":"Poison Potion"},{"floor":16.0,"key":"DistilledChaos"},{"floor":25,"key":"Venom Potion"},{"floor":40,"key":"testmod-SpacePotion"},{"floor":48,"key":"BlessingOfTheForge"}],"is_trial":false,"path_per_floor":["M","?","M","$","?","M","M","R","T","M","$","M","?","E","R","B",null,"M","M","?","?","M","R","$","E","T","M","T","R","?","AVR","R","B",null,"M","?","?","$","?","E","R","NM","T","PTL","PTL","R","?","M","M","M","R","B",null],"character_chosen":"THE_SILENT","items_purchased":["ReplayTheSpireMod:CursedCoin","Hidden Blade","Finisher","Prepared+1","Mayhem","Well Laid Plans"],"campfire_rested":1,"item_purchase_floors":[4,4,11,24,24,38],"current_hp_per_floor":[66,66,66,66,66,66,66,66,66,66,66,66,66,54,54,9,55,53,49,31,31,18,36,36,30,30,31,31,31,31,31,31,39,56,60,58,58,58,58,58,58,58,58,58,58,58,58,58,44,49,49,58],"gold":594,"neow_bonus":"","is_daily":false,"chose_seed":false,"campfire_upgraded":5,"win_rate":0.0,"timestamp":1613394096,"path_taken":["M","?","M","$","?","M","?","R","T","M","?","M","?","E","R","BOSS","M","?","?","?","M","R","$","E","T","M","?","R","?","AVR","R","BOSS","M","?","?","$","?","E","R","NM","T","PTL","PTL","R","?","M","?","M","R","BOSS"],"items_purchased_type":["Relic","Card","Card","Card","Card","Card"],"build_version":"2020-12-22","purchased_purges":3,"victory":true,"max_hp_per_floor":[70,70,70,70,70,70,70,70,70,70,70,70,70,70,70,70,70,70,70,70,70,61,61,61,61,61,61,61,61,61,61,61,61,61,61,58,58,58,58,58,58,58,58,58,58,58,58,58,58,58,58,58],"relic_stats":{"Lizard Tail":1,"counters":[31,114],"StoneCalendar":[104],"obtain_stats":[{"RabbitCall":0,"PageOfTheQueenOfHatred":26,"AT_ATBox":0,"testmod-TestBox":0,"ReplayTheSpireMod:CursedCoin":4,"PageOfNihil":42,"StoneCalendar":47,"testmod-BlackFramedGlasses":31,"PageOfWrath":25,"PageOfGreed":40,"CogitoBucket":0,"Lizard Tail":9,"PageOfTheKnightOfDespair":28,"AT_TrinityForce":34,"testmod-ObsoleteBoomerang":0,"LetterFromLob":1,"DALC_NINE":14,"Replay:Bottled Flurry":43,"testmod-Nine":17,"Ring of the Snake":0,"REME_ComplimentaryCards":0},{"RabbitCall":0,"PageOfTheQueenOfHatred":14,"AT_ATBox":0,"testmod-TestBox":0,"ReplayTheSpireMod:CursedCoin":2,"PageOfNihil":22,"StoneCalendar":22,"testmod-BlackFramedGlasses":15,"PageOfWrath":14,"PageOfGreed":18,"CogitoBucket":0,"Lizard Tail":4,"PageOfTheKnightOfDespair":15,"AT_TrinityForce":16,"testmod-ObsoleteBoomerang":0,"LetterFromLob":1,"DALC_NINE":8,"Replay:Bottled Flurry":22,"testmod-Nine":9,"Ring of the Snake":0,"REME_ComplimentaryCards":0},{"RabbitCall":0,"PageOfTheQueenOfHatred":29,"AT_ATBox":0,"testmod-TestBox":0,"ReplayTheSpireMod:CursedCoin":4,"PageOfNihil":64,"StoneCalendar":64,"testmod-BlackFramedGlasses":32,"PageOfWrath":29,"PageOfGreed":56,"CogitoBucket":0,"Lizard Tail":6,"PageOfTheKnightOfDespair":32,"AT_TrinityForce":51,"testmod-ObsoleteBoomerang":0,"LetterFromLob":2,"DALC_NINE":13,"Replay:Bottled Flurry":64,"testmod-Nine":21,"Ring of the Snake":0,"REME_ComplimentaryCards":0}],"Ring of the Snake":[58]},"card_choices":[{"not_picked":["Choke","Riddle With Holes","Caltrops"],"picked":"SKIP","floor":1.0},{"not_picked":["Blade Dance","Poisoned Stab"],"picked":"Calculated Gamble","floor":3.0},{"not_picked":["ReplayTheSpireMod:Speed Training","Cloak And Dagger","AT_WindFlip"],"picked":"SKIP","floor":6.0},{"not_picked":["Outmaneuver","Sucker Punch","Masterful Stab"],"picked":"SKIP","floor":7.0},{"not_picked":["Outmaneuver","Sucker Punch","Masterful Stab"],"picked":"SKIP","floor":7.0},{"not_picked":["Poisoned Stab","AT_Desolate"],"picked":"Prepared","floor":10.0},{"not_picked":["Choke","Slice","Cloak And Dagger"],"picked":"SKIP","floor":12.0},{"not_picked":["Flying Knee","Slice"],"picked":"Acrobatics","floor":13.0},{"not_picked":["Backflip","AT_WindFlip"],"picked":"Night Terror","floor":14.0},{"not_picked":["Atom Bomb","Malaise"],"picked":"REME_SpectralBlade","floor":16.0},{"not_picked":["Cloak And Dagger","Acrobatics+1"],"picked":"AT_WindFlip","floor":18.0},{"not_picked":["Dagger Spray+1","Slice"],"picked":"AT_TwilightShroud+1","floor":19.0},{"not_picked":["ReplayTheSpireMod:Chaos Vortex","ReplayTheSpireMod:Haul"],"picked":"infinitespire:Collect","floor":20.0},{"not_picked":["Finisher","Masterful Stab"],"picked":"Calculated Gamble","floor":22.0},{"not_picked":["Dagger Throw+1","Poison Darts"],"picked":"Calculated Gamble","floor":25},{"not_picked":["Flying Knee","Dagger Spray","AT_WindFlip"],"picked":"SKIP","floor":27},{"not_picked":["REME_LeechingPoison","Grand Finale"],"picked":"After Image","floor":33},{"not_picked":["Flying Knee+1","Quick Slash+1","Dagger Throw+1"],"picked":"SKIP","floor":35},{"not_picked":["Accuracy","Dagger Throw+1"],"picked":"Calculated Gamble+1","floor":40},{"not_picked":["Underhanded Strike+1","Sneak Up","Backflip+1"],"picked":"SKIP","floor":42},{"not_picked":["Poisoned Stab","Bane+1","PiercingWail"],"picked":"SKIP","floor":48},{"not_picked":["PiercingWail+1","Underhanded Strike+1","AT_WindFlip"],"picked":"SKIP","floor":49},{"not_picked":["Blade Dance+1","AT_Desolate+1","AT_WindFlip+1"],"picked":"SKIP","floor":50}],"player_experience":128672,"relics_obtained":[{"floor":1.0,"key":"LetterFromLob"},{"floor":9.0,"key":"Lizard Tail"},{"floor":14.0,"key":"DALC_NINE"},{"floor":25,"key":"PageOfWrath"},{"floor":26,"key":"PageOfTheQueenOfHatred"},{"floor":28,"key":"PageOfTheKnightOfDespair"},{"floor":40,"key":"PageOfGreed"},{"floor":42,"key":"PageOfNihil"},{"floor":43,"key":"Replay:Bottled Flurry"}],"event_choices":[{"damage_healed":0.0,"max_hp_gain":0.0,"max_hp_loss":0.0,"gold_gain":0.0,"event_name":"Living Wall","player_choice":"Grow","floor":15.0,"gold_loss":0.0,"damage_taken":0.0,"cards_upgraded":["Night Terror"]},{"damage_healed":0.0,"max_hp_gain":0.0,"max_hp_loss":0.0,"gold_gain":0.0,"event_name":"Match and Keep!","player_choice":"1 cards matched","floor":21.0,"gold_loss":0.0,"damage_taken":0.0,"cards_obtained":["Acrobatics"]},{"damage_healed":0,"gold_gain":0,"player_choice":"Max HP","damage_taken":0,"max_hp_gain":0,"max_hp_loss":3,"event_name":"Winding Halls","floor":36,"gold_loss":0},{"damage_healed":0,"gold_gain":0,"player_choice":"Swap Relic","damage_taken":0,"relics_obtained":["AT_ATBox"],"max_hp_gain":0,"max_hp_loss":0,"event_name":"给自己的盒子","floor":37,"relics_lost":["AT_ATBox"],"gold_loss":0},{"damage_healed":0,"gold_gain":0,"player_choice":"Ignored","damage_taken":0,"max_hp_gain":0,"max_hp_loss":0,"event_name":"Tomb of Lord Red Mask","floor":39,"gold_loss":0},{"damage_healed":0,"gold_gain":0,"player_choice":"Paid Gold","damage_taken":0,"relics_obtained":["StoneCalendar"],"max_hp_gain":0,"max_hp_loss":0,"event_name":"WeMeetAgain","floor":47,"gold_loss":77},{"damage_healed":0,"gold_gain":400,"player_choice":"Sell","damage_taken":0,"max_hp_gain":0,"max_hp_loss":0,"event_name":"恩洛斯的盘子","floor":51,"relics_lost":["AT_ATBox"],"gold_loss":0}],"is_beta":false,"boss_relics":[{"not_picked":["ReplayTheSpireMod:SealedPack","Velvet Choker"],"picked":"testmod-Nine"},{"not_picked":["testmod-Recursion","Snecko Scales"],"picked":"AT_TrinityForce"}],"items_purged_floors":[4,38,38],"is_endless":false,"potions_floor_spawned":[1,6,12,14,16,22,25,40,48],"ascension_level":5}}