{"host":"or8fr2mp0k3eluj8","time":1613362166,"event":{"mods":["AchievementEnabler","BaseMod","Colored Map","DeckTracker","Minty Spire (QoL Compilation)","SuperFastMode"],"gold_per_floor":[117,117,134,149,149,180,180,37,83,83,105,105,123,48,48,148,148,163,181,81,94,184,184,214,214,266,278,2,2,2,14,14,117,117,133,149,169,169,180,210,210,238,238,238,250,268,284,284,284,284,284],"floor_reached":50,"language":"KOR","playtime":1682,"items_purged":["Strike_P","Defend_P","Defend_P"],"score":522,"play_id":"73e63297-0ab9-4990-97f1-970de9d39d37","local_time":"20210215130926","is_ascension_mode":false,"campfire_choices":[{"data":"Consecrate","floor":7,"key":"SMITH"},{"data":"TalkToTheHand","floor":15,"key":"SMITH"},{"floor":23,"key":"REST"},{"floor":25,"key":"RECALL"},{"floor":32,"key":"REST"},{"floor":41,"key":"REST"},{"data":"Adaptation","floor":44,"key":"SMITH"},{"floor":49,"key":"REST"}],"circlet_count":0,"master_deck":["Eruption+1","Consecrate+1","Perseverance+1","TalkToTheHand+1","CrushJoints+1","PathToVictory","WheelKick","Adaptation+1"],"relics":["PureWater","Potion Belt","TheAbacus","Vajra","Odd Mushroom","SlaversCollar","Strawberry","Bag of Marbles","Oddly Smooth Stone","Pandora\u0027s Box","Omamori","Smiling Mask"],"acts_visited":["Exordium","TheCity","TheBeyond"],"potions_floor_usage":[6,11,16,19,21,33,39,40,47,47],"damage_taken":[{"damage":17.0,"enemies":"Jaw Worm","floor":1.0,"turns":2.0},{"damage":0,"enemies":"Small Slimes","floor":3,"turns":2},{"damage":0,"enemies":"2 Louse","floor":4,"turns":3},{"damage":23,"enemies":"3 Sentries","floor":6,"turns":5},{"damage":0,"enemies":"The Mushroom Lair","floor":11,"turns":2},{"damage":0,"enemies":"Lots of Slimes","floor":13,"turns":2},{"damage":3,"enemies":"Hexaghost","floor":16,"turns":8},{"damage":0,"enemies":"Chosen","floor":18,"turns":3},{"damage":34,"enemies":"3 Byrds","floor":19,"turns":4},{"damage":9,"enemies":"Centurion and Healer","floor":21,"turns":4},{"damage":18,"enemies":"Book of Stabbing","floor":24,"turns":7},{"damage":9,"enemies":"Shelled Parasite and Fungi","floor":27,"turns":5},{"damage":9,"enemies":"Snake Plant","floor":31,"turns":2},{"damage":13,"enemies":"Automaton","floor":33,"turns":8},{"damage":9,"enemies":"3 Shapes","floor":35,"turns":2},{"damage":20,"enemies":"3 Darklings","floor":36,"turns":3},{"damage":6,"enemies":"Sphere and 2 Shapes","floor":37,"turns":3},{"damage":0,"enemies":"Transient","floor":39,"turns":5},{"damage":25,"enemies":"Reptomancer","floor":40,"turns":4},{"damage":10,"enemies":"Giant Head","floor":42,"turns":7},{"damage":15,"enemies":"Writhing Mass","floor":45,"turns":3},{"damage":8,"enemies":"Spire Growth","floor":46,"turns":3},{"damage":0,"enemies":"Maw","floor":47,"turns":5},{"damage":41,"enemies":"Time Eater","floor":50,"turns":3}],"seed_played":"5926885397478372587","potions_obtained":[{"floor":4,"key":"GamblersBrew"},{"floor":6,"key":"PowerPotion"},{"floor":11,"key":"EssenceOfSteel"},{"floor":18,"key":"CultistPotion"},{"floor":19,"key":"Fruit Juice"},{"floor":27,"key":"DistilledChaos"},{"floor":37,"key":"Swift Potion"},{"floor":39,"key":"Dexterity Potion"},{"floor":40,"key":"AttackPotion"},{"floor":46,"key":"Energy Potion"}],"is_trial":false,"path_per_floor":["M","?","M","M","?","E","R","$","T","?","?","?","M","$","R","B",null,"M","M","$","M","?","R","E","R","T","M","$","?","$","M","R","B",null,"M","M","M","?","M","E","R","E","T","R","M","M","M","?","R","B"],"character_chosen":"WATCHER","items_purchased":["TheAbacus","Oddly Smooth Stone"],"campfire_rested":4,"item_purchase_floors":[8,28],"current_hp_per_floor":[55,55,55,55,72,49,49,49,49,35,35,35,35,35,35,32,72,72,43,43,34,22,45,34,34,34,25,25,25,25,16,41,28,84,75,55,49,49,49,24,49,39,39,39,24,16,16,16,41,0,0],"gold":284,"neow_bonus":"UPGRADE_CARD","is_daily":false,"chose_seed":false,"campfire_upgraded":3,"win_rate":0.0,"timestamp":1613362166,"path_taken":["M","?","M","M","?","E","R","$","T","?","?","?","M","$","R","BOSS","M","M","$","M","?","R","E","R","T","?","?","?","$","?","R","BOSS","M","M","M","?","?","E","R","E","T","R","M","?","M","?","R","BOSS"],"items_purchased_type":["Relic","Relic"],"build_version":"2020-12-22","purchased_purges":3,"victory":false,"max_hp_per_floor":[72,72,72,72,72,72,72,72,72,72,72,72,72,72,72,72,72,72,77,77,77,77,77,84,84,84,84,84,84,84,84,84,84,84,84,84,84,84,84,84,84,84,84,84,84,84,84,84,84,84,84],"card_choices":[{"not_picked":["Sanctity","Halt"],"picked":"Consecrate","floor":1.0},{"not_picked":["Evaluate","SashWhip","Collect"],"picked":"SKIP","floor":3},{"not_picked":["ReachHeaven","EmptyFist","ThirdEye"],"picked":"SKIP","floor":4},{"not_picked":["Prostrate","JustLucky","Wish"],"picked":"SKIP","floor":6},{"not_picked":["Vengeance","CrushJoints"],"picked":"TalkToTheHand","floor":13},{"not_picked":["SandsOfTime","SashWhip"],"picked":"CrushJoints+1","floor":18},{"not_picked":["Prostrate","CarveReality","ClearTheMind"],"picked":"SKIP","floor":19},{"not_picked":["WreathOfFlame+1","DeceiveReality+1","ClearTheMind"],"picked":"SKIP","floor":21},{"not_picked":["Crescendo","Tantrum","Study"],"picked":"SKIP","floor":24},{"not_picked":["PathToVictory+1","ClearTheMind","ForeignInfluence+1"],"picked":"SKIP","floor":27},{"not_picked":["Tantrum","JustLucky","Wireheading"],"picked":"SKIP","floor":31},{"not_picked":["EmptyFist+1","CutThroughFate+1","Wallop+1"],"picked":"SKIP","floor":35},{"not_picked":["EmptyFist","FlyingSleeves","Protect"],"picked":"SKIP","floor":36},{"not_picked":["JustLucky+1","CutThroughFate+1","EmptyBody"],"picked":"SKIP","floor":37},{"not_picked":["WaveOfTheHand+1","EmptyBody","Wish"],"picked":"SKIP","floor":39},{"not_picked":["CutThroughFate","FollowUp","PathToVictory+1"],"picked":"SKIP","floor":40},{"not_picked":["Devotion","Fasting2+1","Wallop+1"],"picked":"SKIP","floor":42},{"not_picked":["Evaluate+1","EmptyBody+1","LikeWater+1"],"picked":"SKIP","floor":45},{"not_picked":["BattleHymn+1","BowlingBash+1","Evaluate"],"picked":"SKIP","floor":46},{"not_picked":["Consecrate+1","PathToVictory+1","Study"],"picked":"SKIP","floor":47}],"player_experience":310697,"relics_obtained":[{"floor":6,"key":"Potion Belt"},{"floor":9,"key":"Vajra"},{"floor":11,"key":"Odd Mushroom"},{"floor":24,"key":"Strawberry"},{"floor":26,"key":"Bag of Marbles"},{"floor":40,"key":"Omamori"},{"floor":42,"key":"Smiling Mask"}],"event_choices":[{"damage_healed":0,"gold_gain":0,"cards_transformed":["Defend_P"],"player_choice":"Change","damage_taken":0,"max_hp_gain":0,"max_hp_loss":0,"event_name":"Living Wall","floor":2,"gold_loss":0,"cards_obtained":["Perseverance"]},{"damage_healed":24,"gold_gain":0,"player_choice":"Banana","damage_taken":0,"max_hp_gain":0,"max_hp_loss":0,"event_name":"Big Fish","floor":5,"gold_loss":0},{"damage_healed":0,"gold_gain":0,"player_choice":"Entered Light","damage_taken":14,"max_hp_gain":0,"max_hp_loss":0,"event_name":"Shining Light","floor":10,"gold_loss":0,"cards_upgraded":["Perseverance","Strike_P"]},{"damage_healed":0,"gold_gain":0,"player_choice":"Fought Mushrooms","damage_taken":0,"max_hp_gain":0,"max_hp_loss":0,"event_name":"Mushrooms","floor":11,"gold_loss":0},{"damage_healed":0,"gold_gain":0,"player_choice":"Ignored","damage_taken":0,"max_hp_gain":0,"max_hp_loss":0,"event_name":"Liars Game","floor":12,"gold_loss":0},{"damage_healed":0,"gold_gain":90,"player_choice":"GOLD ","damage_taken":12,"max_hp_gain":0,"max_hp_loss":0,"event_name":"Knowing Skull","floor":22,"potions_obtained":[],"gold_loss":0,"cards_obtained":[]},{"damage_healed":0,"gold_gain":0,"player_choice":"Ignored","damage_taken":0,"max_hp_gain":0,"max_hp_loss":0,"event_name":"Duplicator","floor":29,"gold_loss":0},{"cards_removed":["WindmillStrike"],"damage_healed":0,"gold_gain":0,"player_choice":"Purged","damage_taken":0,"max_hp_gain":0,"max_hp_loss":0,"event_name":"Purifier","floor":38,"gold_loss":0},{"cards_removed":["Vigilance"],"damage_healed":0,"gold_gain":0,"player_choice":"Removed Skill","damage_taken":0,"max_hp_gain":0,"max_hp_loss":0,"event_name":"Falling","floor":48,"gold_loss":0}],"is_beta":false,"boss_relics":[{"not_picked":["Tiny House","SacredBark"],"picked":"SlaversCollar"},{"not_picked":["Astrolabe","Fusion Hammer"],"picked":"Pandora\u0027s Box"}],"items_purged_floors":[14,20,28],"is_endless":false,"potions_floor_spawned":[4,6,11,18,19,27,37,39,40,46],"killed_by":"Time Eater","ascension_level":0}}