{"host":"eft627g0ddukeijo","time":1613358506,"event":{"mods":["AchievementEnabler","BaseMod","Bestiary","Better Note","Block Reminder","Colored Powertips","Filter the Spire","Highlight Path","Minty Spire (QoL Compilation)","Permanent Neow","Quick Restart","Rare Cards Sparkle","Relic Stats","Slay-I","StSLib","Weighted Paths"],"gold_per_floor":[110,125,125,141,153,153,153,153],"floor_reached":7,"language":"ENG","playtime":304,"items_purged":[],"score":52,"play_id":"3f63a615-1cbe-4408-b08b-49f5d06b5bc7","local_time":"20210215120826","is_ascension_mode":true,"campfire_choices":[{"floor":6,"key":"RECALL"}],"circlet_count":0,"master_deck":["Zap","Dualcast","Turbo","Meteor Strike","Fission","Sweeping Beam","Leap","Conserve Battery","Compile Driver","Beam Cell","Cold Snap","Capacitor","Multi-Cast","Skim","Conserve Battery","Hologram","Buffer"],"relics":["Pandora\u0027s Box"],"acts_visited":["Exordium"],"potions_floor_usage":[],"damage_taken":[{"damage":5.0,"enemies":"Jaw Worm","floor":1.0,"turns":4.0},{"damage":0.0,"enemies":"Cultist","floor":2.0,"turns":3.0},{"damage":0,"enemies":"Small Slimes","floor":4,"turns":4},{"damage":11,"enemies":"Looter","floor":5,"turns":3},{"damage":90,"enemies":"Gremlin Nob","floor":7,"turns":6}],"seed_played":"-8348682796435053884","potions_obtained":[{"floor":5,"key":"PotionOfCapacity"}],"is_trial":false,"path_per_floor":["M","M","?","M","M","R","E"],"character_chosen":"DEFECT","items_purchased":[],"campfire_rested":0,"item_purchase_floors":[],"current_hp_per_floor":[70,70,70,70,59,59,0,0],"gold":153,"neow_bonus":"BOSS_RELIC","is_daily":false,"chose_seed":false,"campfire_upgraded":0,"win_rate":0.0,"timestamp":1613358506,"path_taken":["M","M","?","M","M","R","E"],"items_purchased_type":[],"build_version":"2020-12-22","purchased_purges":0,"victory":false,"max_hp_per_floor":[75,75,75,75,75,75,75,75],"relic_stats":{"counters":[5,20],"Pandora\u0027s Box":["Turbo","Meteor Strike","Fission","Sweeping Beam","Leap","Conserve Battery","Compile Driver","Beam Cell"],"obtain_stats":[{"Pandora\u0027s Box":0,"Cracked Core":0},{"Pandora\u0027s Box":0,"Cracked Core":0},{"Pandora\u0027s Box":0,"Cracked Core":0}]},"card_choices":[{"not_picked":["Go for the Eyes","Turbo"],"picked":"Cold Snap","floor":1.0},{"not_picked":["White Noise","Gash"],"picked":"Capacitor","floor":2.0},{"not_picked":["Conserve Battery","Doom and Gloom"],"picked":"Hologram","floor":4},{"not_picked":["Gash","Auto Shields"],"picked":"Buffer","floor":5}],"player_experience":581885,"relics_obtained":[],"event_choices":[{"damage_healed":0,"gold_gain":0,"player_choice":"3 cards matched","damage_taken":0,"max_hp_gain":0,"max_hp_loss":0,"event_name":"Match and Keep!","floor":3,"gold_loss":0,"cards_obtained":["Multi-Cast","Skim","Conserve Battery"]}],"is_beta":false,"boss_relics":[],"items_purged_floors":[],"is_endless":false,"potions_floor_spawned":[5],"killed_by":"Gremlin Nob","ascension_level":4}}