{"host":"p031dr9pie5n02tj","time":1613351654,"event":{"mods":["BaseMod","Better Altar","Better Match","Better Note","Better Sensory Stone","Better Skull","Better Third Choice","Colored Map","Downfall","Minty Spire (QoL Compilation)","Permanent Neow","StSLib","Uncapped","everything is the same but u backflip on backflip"],"gold_per_floor":[99,113,213,226,1,35,117,145,145,160,179,206,106,138,153,254,254,254,272,288,302,316,347,370,431,431,431,431,431,431],"floor_reached":28,"language":"ENG","playtime":1318,"items_purged":["hexamod:Strike"],"score":398,"play_id":"ddd4559c-82d5-4dee-80a0-63dbacd0375d","local_time":"20210214201414","is_ascension_mode":true,"campfire_choices":[{"data":"hexamod:Float","floor":1.0,"key":"SMITH"},{"data":"hexamod:SpectersWail","floor":13.0,"key":"SMITH"},{"data":"hexamod:Strike","floor":18.0,"key":"PURGE"}],"circlet_count":0,"master_deck":["hexamod:Strike+1","hexamod:Strike+1","hexamod:Defend+1","hexamod:Defend+1","hexamod:Defend+1","hexamod:Defend","hexamod:Sear+1","hexamod:Float+1","hexamod:GhostShield+1","hexamod:FlamesFromBeyond+1","hexamod:SpectersWail+1","hexamod:SixthSeal","hexamod:SuperheatedStrike+1","hexamod:FlamesFromBeyond","hexamod:FlamesFromBeyond+1","hexamod:Hexaguard","hexamod:SuperheatedStrike+1","hexamod:FifthSeal","hexamod:EtherealExpedition+1","hexamod:ThirdSeal","hexamod:FirstSeal","hexamod:FlamesFromBeyond","hexamod:FourthSeal","hexamod:GhostLash","hexamod:SecondSeal","hexamod:SpectersWail+1","hexamod:ParanormalForm+1","downfall:Bewildered"],"relics":["hexamod:SpiritBrand","Smiling Mask","Membership Card","Unceasing Top","Frozen Egg 2","downfall:HeartBlessingBlue","Peace Pipe","Sozu","InkBottle","Potion Belt","Tiny Chest","sneckomod:BabySnecko"],"acts_visited":["Exordium","TheCity"],"potions_floor_usage":[25,25],"damage_taken":[{"damage":0.0,"enemies":"Jaw Worm","floor":2.0,"turns":4.0},{"damage":0.0,"enemies":"2 Louse","floor":4.0,"turns":2.0},{"damage":5.0,"enemies":"downfall:FleeingMerchant","floor":5.0,"turns":4.0},{"damage":18.0,"enemies":"Lagavulin","floor":6.0,"turns":9.0},{"damage":0.0,"enemies":"Cultist","floor":8.0,"turns":3.0},{"damage":16.0,"enemies":"3 Louse","floor":10.0,"turns":4.0},{"damage":11.0,"enemies":"Large Slime","floor":11.0,"turns":3.0},{"damage":0.0,"enemies":"3 Sentries","floor":12.0,"turns":4.0},{"damage":3.0,"enemies":"Lagavulin","floor":14.0,"turns":3.0},{"damage":0.0,"enemies":"2 Fungi Beasts","floor":15.0,"turns":3.0},{"damage":0.0,"enemies":"IC_STATUS_ARCHETYPE","floor":16.0,"turns":5.0},{"damage":0.0,"enemies":"Spheric Guardian","floor":19.0,"turns":4.0},{"damage":12.0,"enemies":"Shell Parasite","floor":20.0,"turns":4.0},{"damage":20.0,"enemies":"Sentry and Sphere","floor":21.0,"turns":4.0},{"damage":17.0,"enemies":"Snecko","floor":22.0,"turns":4.0},{"damage":21.0,"enemies":"Book of Stabbing","floor":23.0,"turns":5.0},{"damage":8,"enemies":"Slavers","floor":25,"turns":3},{"damage":11,"enemies":"Shelled Parasite and Fungi","floor":28,"turns":1}],"seed_played":"8079768802609683066","potions_obtained":[{"floor":2.0,"key":"Swift Potion"},{"floor":8.0,"key":"CultistPotion"},{"floor":10.0,"key":"ColorlessPotion"},{"floor":11.0,"key":"LiquidMemories"},{"floor":14.0,"key":"Fire Potion"}],"is_trial":false,"path_per_floor":["R","M","?","M","$","E","T","M","?","M","M","E","R","E","M","B",null,"R","M","M","M","M","E","T","E","?","?","M"],"character_chosen":"THE_SPIRIT","items_purchased":["Membership Card","hexamod:SpectersWail"],"campfire_rested":0,"item_purchase_floors":[5,5],"current_hp_per_floor":[70,70,70,70,65,47,47,47,70,54,43,43,53,50,50,50,80,80,80,68,48,31,17,17,9,9,9,0,0,0],"gold":431,"neow_bonus":"RANDOM_COMMON_RELIC","is_daily":false,"chose_seed":false,"campfire_upgraded":2,"win_rate":0.0,"timestamp":1613351654,"path_taken":["R","M","?","M","$","E","T","M","?","M","M","E","R","E","M","BOSS","R","M","M","?","M","E","T","E","?","?","M"],"items_purchased_type":["Relic","Card"],"build_version":"2020-12-22","purchased_purges":1,"victory":false,"max_hp_per_floor":[70,70,70,70,70,70,70,70,70,70,70,70,80,80,80,80,80,80,80,80,80,80,80,80,80,80,80,80,80,80],"card_choices":[{"not_picked":["hexamod:ExtraCrispy","hexamod:SecondSeal"],"picked":"hexamod:GhostShield","floor":2.0},{"not_picked":["hexamod:NecessarySacrifice","hexamod:SwordOfDarkness"],"picked":"hexamod:SecondSeal","floor":4.0},{"not_picked":["hexamod:AdvancingGuard","hexamod:NecessarySacrifice"],"picked":"hexamod:FlamesFromBeyond","floor":5.0},{"not_picked":["hexamod:Haunt","hexamod:NightmareStrike"],"picked":"hexamod:SixthSeal","floor":6.0},{"not_picked":["hexamod:BurningTouch","hexamod:BacktrackSmack"],"picked":"hexamod:SuperheatedStrike","floor":8.0},{"not_picked":["hexamod:ThermalTransfer","hexamod:NightmareStrike"],"picked":"hexamod:FlamesFromBeyond","floor":10.0},{"not_picked":["hexamod:BacktrackSmack","hexamod:EmpoweredFlame"],"picked":"hexamod:FlamesFromBeyond","floor":11.0},{"not_picked":["hexamod:SpectralAdrenaline","hexamod:RadiantFlame+1","hexamod:HauntingEcho"],"picked":"SKIP","floor":12.0},{"not_picked":["hexamod:HexaLevel+1","hexamod:HauntingEcho"],"picked":"hexamod:Hexaguard","floor":14.0},{"not_picked":["hexamod:FastForward","hexamod:ShieldOfDarkness"],"picked":"hexamod:SuperheatedStrike","floor":15.0},{"not_picked":["hexamod:TurnItUp","hexamod:GhostOfSpirePresent+1"],"picked":"hexamod:FifthSeal","floor":16.0},{"not_picked":["hexamod:SwordOfDarkness","hexamod:StepThrough"],"picked":"hexamod:EtherealExpedition","floor":19.0},{"not_picked":["hexamod:SixthSeal","hexamod:FourthSeal"],"picked":"hexamod:ThirdSeal","floor":20.0},{"not_picked":["hexamod:SpectralAdrenaline","hexamod:InspiringFlames","hexamod:HeatMetal+1"],"picked":"SKIP","floor":20.0},{"not_picked":["hexamod:FourthSeal","hexamod:SecondSeal"],"picked":"hexamod:FirstSeal","floor":21.0},{"not_picked":["hexamod:SpectersWail","hexamod:InspiringFlames"],"picked":"hexamod:FlamesFromBeyond","floor":21.0},{"not_picked":["hexamod:BacktrackSmack","hexamod:HauntingEcho+1","hexamod:GhostOfSpirePast+1"],"picked":"SKIP","floor":21.0},{"not_picked":["hexamod:SixthSeal","hexamod:ThirdSeal"],"picked":"hexamod:FourthSeal","floor":22.0},{"not_picked":["hexamod:Hexaguard","hexamod:SwordOfDarkness"],"picked":"hexamod:GhostLash","floor":22.0},{"not_picked":["hexamod:HeatMetal+1","hexamod:CatchUp+1","hexamod:RecurringNightmare"],"picked":"SKIP","floor":22.0},{"not_picked":["hexamod:FirstSeal","hexamod:ThirdSeal"],"picked":"hexamod:SecondSeal","floor":23.0},{"not_picked":["hexamod:HauntingEcho","hexamod:TimeWarp"],"picked":"hexamod:SpectersWail+1","floor":23.0},{"not_picked":["hexamod:InspiringFlames+1","hexamod:Haunt","hexamod:AdvancingGuard"],"picked":"SKIP","floor":23.0},{"not_picked":["hexamod:PowerFromBeyond","hexamod:BacktrackSmack"],"picked":"hexamod:ParanormalForm+1","floor":25},{"not_picked":["hexamod:Incineration","hexamod:BacktrackSmack+1","hexamod:NightmareStrike"],"picked":"SKIP","floor":25}],"player_experience":220755,"relics_obtained":[{"floor":6.0,"key":"Unceasing Top"},{"floor":12.0,"key":"Frozen Egg 2"},{"floor":14.0,"key":"Peace Pipe"},{"floor":23.0,"key":"InkBottle"},{"floor":24.0,"key":"Potion Belt"},{"floor":25,"key":"Tiny Chest"}],"event_choices":[{"cards_removed":["hexamod:SecondSeal"],"damage_healed":23.0,"max_hp_gain":0.0,"max_hp_loss":0.0,"gold_gain":0.0,"event_name":"Bonfire Elementals","player_choice":"Offered Uncommon","floor":9.0,"gold_loss":0.0,"damage_taken":0.0}],"is_beta":false,"boss_relics":[{"not_picked":["Busted Crown","Philosopher\u0027s Stone"],"picked":"Sozu"}],"items_purged_floors":[5],"is_endless":false,"potions_floor_spawned":[2,8,10,11,14,16,22,25],"killed_by":"Shelled Parasite and Fungi","ascension_level":1}}