{"host":"5pfivkovc4wibog0","time":1613396999,"event":{"mods":["2.2 Compatiblity","Act Like it!","BaseMod","Better Third Choice","Block Reminder","Colored Powertips","Downfall","Friendly Minions","GifTheSpireLib","Hermit","Koishi","Marisa????????","Minty Spire (QoL Compilation)","Permanent Neow","Quick Restart","Rare Cards Sparkle","Reimu??????","StSLib","The Administrix","The Animator","The Bladedancer","The Cursed","TheSwordswoman"],"gold_per_floor":[118,133,0,0,0,0,30,130,177,177,177],"floor_reached":10,"language":"ENG","playtime":300,"items_purged":[],"score":67,"play_id":"449c7dec-b1c7-46fc-b19f-ce0b26a1fb26","local_time":"20210215134959","is_ascension_mode":true,"campfire_choices":[{"data":"Searing Blow","floor":6,"key":"SMITH"}],"circlet_count":0,"master_deck":["Strike_R","Strike_R","Strike_R","Strike_R","Strike_R","Defend_R","Defend_R","Defend_R","Defend_R","Bash","Searing Blow+1","Warcry","Enlightenment","downfall:Bewildered","Shame","downfall:Malfunctioning","animator:Curse_Greed"],"relics":["Burning Blood","Oddly Smooth Stone","PureWhite:ReiMu","downfall:ExtraCursedKey","Happy Flower"],"acts_visited":["Exordium"],"potions_floor_usage":[],"damage_taken":[{"damage":1,"enemies":"2 Louse","floor":1,"turns":3},{"damage":2,"enemies":"Small Slimes","floor":2,"turns":4},{"damage":54,"enemies":"3 Sentries","floor":7,"turns":12},{"damage":0,"enemies":"Gremlin Nob","floor":10,"turns":1}],"seed_played":"-4438382927085577105","potions_obtained":[],"is_trial":false,"path_per_floor":["M","M","?","?","$","R","E","?","T","E"],"character_chosen":"IRONCLAD","items_purchased":[],"campfire_rested":0,"item_purchase_floors":[],"current_hp_per_floor":[80,80,86,86,86,86,38,43,43,43,43],"gold":177,"neow_bonus":"RANDOM_COMMON_RELIC","is_daily":false,"chose_seed":false,"campfire_upgraded":1,"win_rate":0.0,"timestamp":1613396999,"path_taken":["M","M","?","?","$","R","E","?","T","E"],"items_purchased_type":[],"build_version":"2020-12-22","purchased_purges":0,"victory":false,"max_hp_per_floor":[80,80,86,86,86,86,86,91,91,91,91],"card_choices":[{"not_picked":["Sword Boomerang","Dual Wield"],"picked":"Searing Blow","floor":1},{"not_picked":["Inflame","Perfected Strike"],"picked":"Warcry","floor":2},{"not_picked":["Body Slam","Heavy Blade","Disarm"],"picked":"SKIP","floor":7}],"player_experience":78613,"relics_obtained":[{"floor":7,"key":"PureWhite:ReiMu"},{"floor":9,"key":"Happy Flower"}],"event_choices":[{"damage_healed":0,"gold_gain":0,"player_choice":"RENOUNCE","damage_taken":133,"max_hp_gain":0,"max_hp_loss":0,"event_name":"betterThird:BetterSerpent","floor":3,"gold_loss":133,"cards_obtained":["Enlightenment"]}],"is_beta":false,"boss_relics":[],"items_purged_floors":[],"is_endless":false,"potions_floor_spawned":[],"killed_by":"Gremlin Nob","ascension_level":1}}