{"host":"gfybn4j1d26rvz5e","time":1613360160,"event":{"mods":["BaseMod","Better Altar","Better Match","Better Note","Better Sensory Stone","Better Skull","Better Third Choice","BetterRewards","Highlight Path","Minty Spire (QoL Compilation)","Random Character Button","Relic Stats","StSLib"],"gold_per_floor":[119,130,130,305,321,321,351,351,397,397,409,112,139,64,64,159,159,179,193,208,108,108],"floor_reached":21,"language":"ENG","playtime":1398,"items_purged":["Strike_R","Spot Weakness"],"score":434,"play_id":"bc3d6df1-c06b-4a03-9669-7e70cf9a64f9","local_time":"20210214213600","is_ascension_mode":true,"campfire_choices":[{"data":"Whirlwind","floor":6,"key":"SMITH"},{"data":"Bash","floor":8,"key":"SMITH"},{"data":"Armaments","floor":15,"key":"SMITH"}],"circlet_count":0,"master_deck":["AscendersBane","Strike_R","Strike_R","Strike_R","Strike_R","Defend_R","Defend_R","Defend_R","Defend_R","Bash+1","Whirlwind+1","Doubt","Pommel Strike","Noxious Fumes+1","Reaper","Armaments+1","Pummel","Dropkick+1","Limit Break","Shockwave","Havoc+1"],"relics":["Burning Blood","CaptainsWheel","MealTicket","Red Skull","Mummified Hand","Mark of Pain"],"acts_visited":["Exordium","TheCity"],"potions_floor_usage":[7,13,16,16,19],"damage_taken":[{"damage":0,"enemies":"Small Slimes","floor":1,"turns":3},{"damage":8,"enemies":"Jaw Worm","floor":2,"turns":5},{"damage":6,"enemies":"Cultist","floor":5,"turns":4},{"damage":16,"enemies":"Gremlin Nob","floor":7,"turns":4},{"damage":11,"enemies":"Blue Slaver","floor":11,"turns":4},{"damage":21,"enemies":"Lagavulin","floor":13,"turns":7},{"damage":66,"enemies":"The Guardian","floor":16,"turns":11},{"damage":28,"enemies":"Spheric Guardian","floor":18,"turns":6},{"damage":28,"enemies":"3 Byrds","floor":19,"turns":5},{"damage":19,"enemies":"Shelled Parasite and Fungi","floor":20,"turns":4}],"seed_played":"-2815137854860507714","potions_obtained":[{"floor":2,"key":"SteroidPotion"},{"floor":5,"key":"AttackPotion"},{"floor":18,"key":"Block Potion"}],"is_trial":false,"path_per_floor":["M","M","?","?","M","R","E","R","T","?","M","$","E","?","R","B",null,"M","M","M","$"],"character_chosen":"IRONCLAD","items_purchased":["AttackPotion","Spot Weakness","Fruit Juice","Armaments"],"campfire_rested":0,"item_purchase_floors":[0,12,12,12],"current_hp_per_floor":[78,76,81,81,81,81,71,71,71,62,57,72,64,64,64,14,71,49,39,26,41,41],"gold":108,"neow_bonus":"","is_daily":false,"chose_seed":false,"campfire_upgraded":3,"win_rate":0.0,"timestamp":1613360160,"path_taken":["M","M","?","?","M","R","E","R","T","?","M","$","E","?","R","BOSS","M","M","M","$"],"items_purchased_type":["Potion","Card","Potion","Card"],"build_version":"2020-12-22","purchased_purges":2,"victory":false,"max_hp_per_floor":[80,80,85,85,85,85,85,85,85,85,85,85,85,85,85,90,90,90,90,90,90,90],"relic_stats":{"counters":[96,438],"Mummified Hand":[5],"MealTicket":30,"obtain_stats":[{"Ice Cream":7,"Lantern":27,"Regal Pillow":11,"Calipers":0,"Torii":36,"Vajra":29,"Mango":25,"Bag of Preparation":0,"Empty Cage":34,"Smiling Mask":26,"Burning Blood":0,"Dream Catcher":9,"Matryoshka":9,"FaceOfCleric":28,"Mummified Hand":13,"Pantograph":24,"Tiny Chest":29,"Prayer Wheel":0,"MealTicket":7,"WingedGreaves":29,"Red Skull":47,"Paper Frog":19,"Potion Belt":26,"Self Forming Clay":31,"Oddly Smooth Stone":41,"Eternal Feather":9,"The Courier":31,"PreservedInsect":0,"Pen Nib":13,"Omamori":26,"MawBank":26,"Du-Vu Doll":8,"SlaversCollar":17,"Anchor":19,"CaptainsWheel":0,"Busted Crown":17,"Ornamental Fan":45,"Bird Faced Urn":9,"Bronze Scales":43,"Snecko Eye":34,"Mark of Pain":17,"Art of War":14,"Coffee Dripper":17,"Membership Card":0,"Unceasing Top":6,"Toy Ornithopter":7,"FossilizedHelix":0,"Meat on the Bone":24},{"Ice Cream":78,"Lantern":28,"Regal Pillow":62,"Calipers":56,"Torii":33,"Vajra":29,"Mango":52,"Bag of Preparation":41,"Empty Cage":31,"Smiling Mask":69,"Burning Blood":0,"Dream Catcher":19,"Matryoshka":60,"FaceOfCleric":53,"Mummified Hand":92,"Pantograph":9,"Tiny Chest":72,"Prayer Wheel":74,"MealTicket":90,"WingedGreaves":54,"Red Skull":40,"Paper Frog":7,"Potion Belt":69,"Self Forming Clay":30,"Oddly Smooth Stone":36,"Eternal Feather":78,"The Courier":12,"PreservedInsect":15,"Pen Nib":22,"Omamori":27,"MawBank":9,"Du-Vu Doll":4,"SlaversCollar":6,"Anchor":66,"CaptainsWheel":86,"Busted Crown":65,"Ornamental Fan":39,"Bird Faced Urn":4,"Bronze Scales":37,"Snecko Eye":13,"Mark of Pain":48,"Art of War":5,"Coffee Dripper":82,"Membership Card":74,"Unceasing Top":3,"Toy Ornithopter":19,"FossilizedHelix":41,"Meat on the Bone":68},{"Ice Cream":351,"Lantern":117,"Regal Pillow":276,"Calipers":254,"Torii":140,"Vajra":120,"Mango":230,"Bag of Preparation":177,"Empty Cage":131,"Smiling Mask":309,"Burning Blood":0,"Dream Catcher":86,"Matryoshka":270,"FaceOfCleric":235,"Mummified Hand":412,"Pantograph":37,"Tiny Chest":326,"Prayer Wheel":336,"MealTicket":401,"WingedGreaves":241,"Red Skull":170,"Paper Frog":26,"Potion Belt":309,"Self Forming Clay":124,"Oddly Smooth Stone":152,"Eternal Feather":351,"The Courier":53,"PreservedInsect":71,"Pen Nib":98,"Omamori":114,"MawBank":37,"Du-Vu Doll":14,"SlaversCollar":22,"Anchor":295,"CaptainsWheel":385,"Busted Crown":292,"Ornamental Fan":165,"Bird Faced Urn":14,"Bronze Scales":155,"Snecko Eye":62,"Mark of Pain":214,"Art of War":16,"Coffee Dripper":369,"Membership Card":336,"Unceasing Top":11,"Toy Ornithopter":86,"FossilizedHelix":177,"Meat on the Bone":305}],"Burning Blood":494},"card_choices":[{"not_picked":["Anger","Pommel Strike"],"picked":"Whirlwind","floor":1},{"not_picked":["Feel No Pain","Heavy Blade","Wild Strike"],"picked":"SKIP","floor":2},{"not_picked":["Evolve","Wild Strike"],"picked":"Pommel Strike","floor":5},{"not_picked":["Pommel Strike","Thunderclap","Anger"],"picked":"SKIP","floor":7},{"not_picked":["Cleave","Anger"],"picked":"Reaper","floor":11},{"not_picked":["Perfected Strike","Twin Strike"],"picked":"Pummel","floor":13},{"not_picked":["Rupture+1","Second Wind+1"],"picked":"Dropkick+1","floor":14},{"not_picked":["Barricade","Bludgeon"],"picked":"Limit Break","floor":16},{"not_picked":["Heavy Blade","Havoc"],"picked":"Shockwave","floor":18},{"not_picked":["Twin Strike+1","Sword Boomerang","Thunderclap+1"],"picked":"SKIP","floor":19},{"not_picked":["Demon Form","Twin Strike"],"picked":"Havoc+1","floor":20}],"player_experience":663120,"relics_obtained":[{"floor":7,"key":"MealTicket"},{"floor":9,"key":"Red Skull"},{"floor":13,"key":"Mummified Hand"}],"event_choices":[{"damage_healed":0,"gold_gain":0,"player_choice":"Donut","damage_taken":0,"max_hp_gain":5,"max_hp_loss":0,"event_name":"Big Fish","floor":3,"gold_loss":0},{"damage_healed":0,"gold_gain":175,"player_choice":"AGREE","damage_taken":130,"max_hp_gain":0,"max_hp_loss":0,"event_name":"betterThird:BetterSerpent","floor":4,"gold_loss":0},{"damage_healed":0,"gold_gain":0,"player_choice":"Card ","damage_taken":9,"max_hp_gain":0,"max_hp_loss":0,"event_name":"betterThird:BetterScrap","floor":10,"gold_loss":0,"cards_obtained":["Noxious Fumes"]},{"damage_healed":0,"gold_gain":0,"player_choice":"2","damage_taken":0,"max_hp_gain":0,"max_hp_loss":0,"event_name":"betterMatch:BetterMatch","floor":14,"gold_loss":0,"cards_obtained":["betterMatch:UncommonCard"]}],"is_beta":false,"boss_relics":[{"not_picked":["Fusion Hammer","Black Star"],"picked":"Mark of Pain"}],"items_purged_floors":[12,21],"is_endless":false,"potions_floor_spawned":[2,5,18],"ascension_level":10}}