{"host":"xc18ixkpjvqrt8st","time":1613401060,"event":{"mods":["Act Like it!","BaseMod","Better Match","Better Third Choice","Conspire","Hallownest","Hermit","Minty Spire (QoL Compilation)","Reliquary","Robot Space Explorer","Shop Mod","Spicy Shops","Spire Arcade","StSLib","The Animator","The Jungle","The Sage"],"gold_per_floor":[110,142,171,1,17,57,57,92,144,170,181,181,196,5,5,105,105,116,116,14,44,58,89,89,89,89],"floor_reached":25,"language":"ENG","playtime":1312,"items_purged":[],"score":336,"play_id":"51dfb753-e191-4066-bffa-1dd35bc3f539","local_time":"20210215085740","is_ascension_mode":true,"campfire_choices":[{"floor":12.0,"key":"REST"},{"floor":15.0,"key":"RECALL"},{"floor":24,"key":"REST"}],"circlet_count":0,"master_deck":["animator:Strike_Katanagatari","animator:Defend_Katanagatari","animator:Strike","animator:Strike","animator:Strike","animator:Defend","animator:Defend","animator:Defend","animator:Azekura","animator:Emonzaemon","animator:YaoHaDucy","animator:Shinoa","animator:Gillette","Injury","animator:Zero","animator:Entoma+5","animator:KrulTepes","animator:ZankiKiguchi","animator:IzunaHatsuse","animator:Cocytus","animator:Bozes","animator:YaoHaDucy","animator:Kagari","animator:YunYun","animator:Tyuule","animator:Albedo","animator:DolaCouronne","animator:Aqua","animator:Evileye","animator:UneriGinkaku","animator:Sora"],"relics":["animator:LivingPicture","NeowsBlessing","sagemod:Creepy_Carousel","MealTicket","Blood Vial","animator:Hoodie","Blood Vial","Centennial Puzzle","Oddly Smooth Stone","Mark of Pain","Nloth\u0027s Gift","Ancient Tea Set"],"acts_visited":["Exordium","TheCity"],"potions_floor_usage":[21,22],"damage_taken":[{"damage":0.0,"enemies":"Small Slimes","floor":1.0,"turns":1.0},{"damage":0.0,"enemies":"conspire:MimicChest","floor":2.0,"turns":1.0},{"damage":0.0,"enemies":"2 Louse","floor":3.0,"turns":1.0},{"damage":3.0,"enemies":"Cultist","floor":5.0,"turns":4.0},{"damage":16.0,"enemies":"Lagavulin","floor":6.0,"turns":8.0},{"damage":16.0,"enemies":"3 Sentries","floor":8.0,"turns":12.0},{"damage":10.0,"enemies":"Lots of Slimes","floor":10.0,"turns":4.0},{"damage":12.0,"enemies":"Exordium Wildlife","floor":11.0,"turns":3.0},{"damage":8.0,"enemies":"Exordium Thugs","floor":13.0,"turns":4.0},{"damage":0.0,"enemies":"The Guardian","floor":16.0,"turns":7.0},{"damage":0.0,"enemies":"2 Thieves","floor":18.0,"turns":4.0},{"damage":6,"enemies":"3 Byrds","floor":21,"turns":3},{"damage":18,"enemies":"Shelled Parasite and Fungi","floor":22,"turns":6},{"damage":34,"enemies":"Book of Stabbing","floor":23,"turns":5},{"damage":79,"enemies":"Gremlin Leader","floor":25,"turns":6}],"seed_played":"-9204692701335772764","potions_obtained":[{"floor":1.0,"key":"LiquidMemories"},{"floor":5.0,"key":"Block Potion"},{"floor":11.0,"key":"CultistPotion"},{"floor":13.0,"key":"Energy Potion"},{"floor":16.0,"key":"AttackPotion"},{"floor":18.0,"key":"DistilledChaos"}],"is_trial":false,"path_per_floor":["M","?","M","$","M","E","$","E","T","M","M","R","M","$","R","B",null,"M","?","$","M","M","E","R","E"],"character_chosen":"THE_ANIMATOR","items_purchased":["MealTicket","animator:Zero","animator:Entoma","animator:Kagari","animator:YunYun","animator:Tyuule","animator:Aqua"],"campfire_rested":2,"item_purchase_floors":[4,4,4,14,14,14,20],"current_hp_per_floor":[66,66,66,66,65,49,64,50,50,46,40,61,57,72,72,76,76,81,81,81,79,66,38,63,0,0],"gold":89,"neow_bonus":"THREE_ENEMY_KILL","is_daily":false,"chose_seed":false,"campfire_upgraded":0,"win_rate":0.0,"timestamp":1613401060,"path_taken":["M","?","?","$","M","E","$","E","T","M","?","R","M","$","R","BOSS","M","?","?","M","?","E","R","E"],"items_purchased_type":["Relic","Card","Card","Card","Card","Card","Card"],"build_version":"2020-12-22","purchased_purges":0,"victory":false,"max_hp_per_floor":[66,66,66,66,68,68,68,68,68,70,72,72,72,72,72,76,76,81,81,81,83,84,84,84,84,84],"card_choices":[{"not_picked":["animator:Chris","animator:AcuraTooru"],"picked":"animator:YaoHaDucy","floor":1.0},{"not_picked":["animator:Demiurge","animator:Tet"],"picked":"animator:Shinoa","floor":2.0},{"not_picked":["animator:Jibril","animator:Chris"],"picked":"animator:Gillette","floor":3.0},{"not_picked":["animator:Mitsuba","animator:DolaCouronne"],"picked":"animator:KrulTepes","floor":5.0},{"not_picked":["animator:TsurugaMeisai","animator:Emonzaemon"],"picked":"animator:ZankiKiguchi","floor":6.0},{"not_picked":["animator:Guren","animator:Tet"],"picked":"animator:IzunaHatsuse","floor":8.0},{"not_picked":["animator:ChlammyZell","animator:Sebas"],"picked":"animator:Cocytus","floor":10.0},{"not_picked":["animator:Tyuule","animator:Gillette"],"picked":"animator:Bozes","floor":11.0},{"not_picked":["animator:PinaCoLada","animator:Arpeggio"],"picked":"animator:YaoHaDucy","floor":13.0},{"not_picked":["animator:Guren","animator:Shiro"],"picked":"animator:Albedo","floor":16.0},{"not_picked":["animator:Verdia","animator:Kuribayashi"],"picked":"animator:DolaCouronne","floor":18.0},{"not_picked":["animator:Shigure","animator:YunYun+1"],"picked":"animator:Evileye","floor":21},{"not_picked":["animator:DolaRiku","animator:ChaikaTrabant"],"picked":"animator:UneriGinkaku","floor":22},{"not_picked":["animator:HiiragiShinya+1","animator:PinaCoLada"],"picked":"animator:Sora","floor":23}],"player_experience":651887,"relics_obtained":[{"floor":2.0,"key":"sagemod:Creepy_Carousel"},{"floor":6.0,"key":"Blood Vial"},{"floor":6.0,"key":"animator:Hoodie"},{"floor":8.0,"key":"Blood Vial"},{"floor":8.0,"key":"Centennial Puzzle"},{"floor":9.0,"key":"Oddly Smooth Stone"},{"floor":23,"key":"Ancient Tea Set"}],"event_choices":[{"damage_healed":0.0,"max_hp_gain":0.0,"max_hp_loss":0.0,"gold_gain":0.0,"event_name":"N\u0027loth","player_choice":"Traded Relic","floor":19.0,"relics_lost":["animator:TheMissingPiece"],"gold_loss":0.0,"damage_taken":0.0,"relics_obtained":["Nloth\u0027s Gift"]}],"is_beta":false,"boss_relics":[{"not_picked":["animator:RacePiece","Runic Dome"],"picked":"Mark of Pain"}],"items_purged_floors":[],"is_endless":false,"potions_floor_spawned":[1,5,11,13,16,18],"killed_by":"Gremlin Leader","ascension_level":2}}