{"host":"ibckqdmmf9y74ymf","time":1613406758,"event":{"mods":["2.2 Compatiblity","BaseMod","Colored Map","Curses Come First","Highlight Path","Minty Spire (QoL Compilation)","Quick Restart","Rare Cards Sparkle","Relic Stats","StSLib"],"gold_per_floor":[111,130,55,55,68,99,113,125,151,176,176,111,111,130,130,130,130],"floor_reached":16,"language":"ENG","playtime":354,"items_purged":[],"score":224,"play_id":"cb363f11-838d-450e-b88f-44402bcd5980","local_time":"20210215173238","is_ascension_mode":true,"campfire_choices":[{"floor":13.0,"key":"REST"},{"floor":15,"key":"REST"}],"circlet_count":0,"master_deck":["AscendersBane","Strike_P","Strike_P","Defend_P","Defend_P","Eruption","Vigilance","ConjureBlade+1","Indignation+1","Brilliance+1","Halt","MentalFortress","Tantrum","EmptyFist","ReachHeaven","FlurryOfBlows","Ragnarok","JustLucky"],"relics":["Astrolabe","Mummified Hand","Bag of Preparation","Letter Opener"],"acts_visited":["Exordium"],"potions_floor_usage":[],"damage_taken":[{"damage":0.0,"enemies":"Jaw Worm","floor":1.0,"turns":2.0},{"damage":0.0,"enemies":"Cultist","floor":2.0,"turns":2.0},{"damage":0.0,"enemies":"Small Slimes","floor":5.0,"turns":2.0},{"damage":34.0,"enemies":"3 Sentries","floor":6.0,"turns":6.0},{"damage":5.0,"enemies":"Blue Slaver","floor":7.0,"turns":3.0},{"damage":0.0,"enemies":"Red Slaver","floor":8.0,"turns":2.0},{"damage":15.0,"enemies":"Lagavulin","floor":10.0,"turns":5.0},{"damage":3.0,"enemies":"Looter","floor":14.0,"turns":2.0},{"damage":0,"enemies":"The Guardian","floor":16,"turns":1}],"seed_played":"1788086537616905764","potions_obtained":[{"floor":2.0,"key":"EssenceOfSteel"},{"floor":5.0,"key":"CultistPotion"},{"floor":7.0,"key":"BlessingOfTheForge"}],"is_trial":false,"path_per_floor":["M","M","?","T","M","E","M","M","T","E","?","?","R","M","R","B"],"character_chosen":"WATCHER","items_purchased":[],"campfire_rested":2,"item_purchase_floors":[],"current_hp_per_floor":[61,61,61,61,61,27,22,22,22,7,2,2,22,19,39,39,39],"gold":130,"neow_bonus":"BOSS_RELIC","is_daily":false,"chose_seed":false,"campfire_upgraded":0,"win_rate":0.0,"timestamp":1613406758,"path_taken":["M","M","?","?","M","E","?","M","T","E","?","?","R","M","R","BOSS"],"items_purchased_type":[],"build_version":"2020-12-22","purchased_purges":0,"victory":false,"max_hp_per_floor":[68,68,68,68,68,68,68,68,68,68,68,68,68,68,68,68,68],"relic_stats":{"counters":[9,24],"Mummified Hand":[4],"Astrolabe":["ConjureBlade","Indignation","Brilliance"],"Bag of Preparation":[8],"Letter Opener":[0],"obtain_stats":[{"Mummified Hand":4,"Astrolabe":0,"Bag of Preparation":6,"Letter Opener":10,"PureWater":0},{"Mummified Hand":2,"Astrolabe":0,"Bag of Preparation":4,"Letter Opener":7,"PureWater":0},{"Mummified Hand":4,"Astrolabe":0,"Bag of Preparation":12,"Letter Opener":22,"PureWater":0}]},"card_choices":[{"not_picked":["EmptyFist","FollowUp"],"picked":"Halt","floor":1.0},{"not_picked":["ThirdEye","Prostrate"],"picked":"MentalFortress","floor":2.0},{"not_picked":["Evaluate","SashWhip"],"picked":"Tantrum","floor":5.0},{"not_picked":["EmptyMind","Prostrate"],"picked":"EmptyFist","floor":6.0},{"not_picked":["EmptyMind","PathToVictory"],"picked":"ReachHeaven","floor":7.0},{"not_picked":["Consecrate","Pray"],"picked":"FlurryOfBlows","floor":8.0},{"not_picked":["WindmillStrike","BowlingBash"],"picked":"Ragnarok","floor":10.0},{"not_picked":["Worship","EmptyFist"],"picked":"JustLucky","floor":14.0}],"player_experience":720635,"relics_obtained":[{"floor":4.0,"key":"Mummified Hand"},{"floor":6.0,"key":"Bag of Preparation"},{"floor":10.0,"key":"Letter Opener"}],"event_choices":[{"cards_removed":["Strike_P"],"damage_healed":0.0,"max_hp_gain":0.0,"max_hp_loss":0.0,"gold_gain":0.0,"event_name":"The Cleric","player_choice":"Card Removal","floor":3.0,"gold_loss":75.0,"damage_taken":0.0},{"damage_healed":0.0,"max_hp_gain":0.0,"max_hp_loss":0.0,"gold_gain":0.0,"event_name":"Scrap Ooze","player_choice":"Fled","floor":11.0,"gold_loss":0.0,"damage_taken":5.0},{"damage_healed":0.0,"max_hp_gain":0.0,"max_hp_loss":0.0,"gold_gain":0.0,"event_name":"World of Goop","player_choice":"Left Gold","floor":12.0,"gold_loss":65.0,"damage_taken":0.0}],"is_beta":false,"boss_relics":[],"items_purged_floors":[],"is_endless":false,"potions_floor_spawned":[2,5,7,8],"killed_by":"The Guardian","ascension_level":20}}