{"host":"4gkev1dtxxhiue3x","time":1613419225,"event":{"mods":["AchievementEnabler","BaseMod","Better Altar","Better Match","Better Note","Better Sensory Stone","Better Skull","Better Third Choice","Colored Powertips","Downfall","Friendly Minions","Hermit","Minty Spire (QoL Compilation)","Relic Stats","Robot Space Explorer","Shop Mod","StSLib","The Construct","The Disciple","The Hierophant"],"gold_per_floor":[113,63,63,86,102,102,137,137,137,164,164,164,164,184,184,305,305,328,37,37,37,50,94,94,129,176,34,34,72,72,97,97,218,218,242,266,281,281,344,344,344],"floor_reached":40,"language":"ENG","playtime":3326,"items_purged":["Injury","Strike_R"],"score":544,"play_id":"204c24b2-fad8-4334-a5ce-97d2d6eaf679","local_time":"20210215210025","is_ascension_mode":true,"campfire_choices":[{"data":"Bash","floor":6,"key":"SMITH"},{"floor":12,"key":"REST"},{"floor":15,"key":"REST"},{"floor":24,"key":"REST"},{"floor":28,"key":"REST"},{"floor":30,"key":"REST"},{"floor":32,"key":"REST"}],"circlet_count":0,"master_deck":["Strike_R","Strike_R","Defend_R","Defend_R","Defend_R","Defend_R","Bash+1","Sword Boomerang","Heavy Blade","Flame Barrier","Flex","Rupture+1","Demon Form+1","Bloodletting","Hemokinesis","Heavy Blade","Double Tap","Good Instincts","Cleave+1","Limit Break","Metallicize+1"],"relics":["Runic Pyramid","Ancient Tea Set","HornCleat","Frozen Egg 2","Gremlin Horn","Letter Opener","Centennial Puzzle","Golden Idol","Velvet Choker","Lantern","Nilry\u0027s Codex","Bronze Scales","Bottled Flame","Smiling Mask","Anchor","SlaversCollar","Ginger"],"acts_visited":["Exordium","TheCity","TheBeyond"],"potions_floor_usage":[10,16,16,29,36,39,40],"damage_taken":[{"damage":0,"enemies":"Small Slimes","floor":1,"turns":3},{"damage":5,"enemies":"2 Louse","floor":5,"turns":3},{"damage":18,"enemies":"Gremlin Nob","floor":7,"turns":3},{"damage":33,"enemies":"Lagavulin","floor":10,"turns":7},{"damage":7,"enemies":"Jaw Worm","floor":14,"turns":2},{"damage":53,"enemies":"The Guardian","floor":16,"turns":12},{"damage":33,"enemies":"Shell Parasite","floor":18,"turns":5},{"damage":6,"enemies":"3 Byrds","floor":22,"turns":2},{"damage":13,"enemies":"Book of Stabbing","floor":23,"turns":4},{"damage":24,"enemies":"Slavers","floor":25,"turns":3},{"damage":6,"enemies":"Gremlin Leader","floor":29,"turns":4},{"damage":5,"enemies":"3 Cultists","floor":31,"turns":3},{"damage":17,"enemies":"Champ","floor":33,"turns":7},{"damage":28,"enemies":"3 Shapes","floor":35,"turns":3},{"damage":10,"enemies":"3 Darklings","floor":36,"turns":2},{"damage":14,"enemies":"4 Shapes","floor":37,"turns":6},{"damage":0,"enemies":"Mind Bloom Boss Battle","floor":39,"turns":5},{"damage":35,"enemies":"Reptomancer","floor":40,"turns":3}],"seed_played":"-5456177103766757725","potions_obtained":[{"floor":1,"key":"PowerPotion"},{"floor":7,"key":"champ:CounterPotion"},{"floor":10,"key":"Regen Potion"},{"floor":25,"key":"Dexterity Potion"},{"floor":31,"key":"PowerPotion"},{"floor":33,"key":"Energy Potion"},{"floor":35,"key":"LiquidMemories"},{"floor":37,"key":"Block Potion"}],"is_trial":false,"path_per_floor":["M","?","?","T","M","R","E","T","T","E","?","R","?","M","R","B",null,"M","$","?","?","M","E","R","E","T","$","R","E","R","M","R","B",null,"M","M","M","?","?","E"],"character_chosen":"IRONCLAD","items_purchased":["Bloodletting","Lantern","Good Instincts"],"campfire_rested":6,"item_purchase_floors":[19,19,27],"current_hp_per_floor":[80,80,73,73,68,68,50,50,50,17,14,38,38,31,55,17,80,47,47,31,31,25,12,36,12,12,12,36,30,54,49,73,56,80,52,42,28,28,28,0,0],"gold":344,"neow_bonus":"BOSS_RELIC","is_daily":false,"chose_seed":false,"campfire_upgraded":1,"win_rate":0.0,"timestamp":1613419225,"path_taken":["M","?","?","?","?","R","E","?","T","E","?","R","?","M","R","BOSS","M","$","?","?","?","E","R","E","T","$","R","E","R","?","R","BOSS","M","M","M","?","?","E"],"items_purchased_type":["Card","Relic","Card"],"build_version":"2020-12-22","purchased_purges":2,"victory":false,"max_hp_per_floor":[80,80,80,80,80,80,80,80,80,80,80,80,80,80,80,80,80,80,80,80,80,80,80,80,80,80,80,80,80,80,80,80,80,80,80,80,80,80,80,80,80],"relic_stats":{"Centennial Puzzle":[39],"Gremlin Horn":[20,20],"counters":[18,77],"Golden Idol":115,"Bronze Scales":[94],"Letter Opener":[135],"Ginger":[1],"Smiling Mask":50,"obtain_stats":[{"Lantern":19,"Gremlin Horn":9,"Golden Idol":13,"Nilry\u0027s Codex":20,"Velvet Choker":17,"Letter Opener":10,"Ginger":39,"Frozen Egg 2":8,"Ancient Tea Set":4,"Smiling Mask":26,"Burning Blood":0,"SlaversCollar":34,"Centennial Puzzle":11,"Bottled Flame":25,"Anchor":29,"HornCleat":7,"Bronze Scales":23,"Runic Pyramid":0},{"Lantern":7,"Gremlin Horn":3,"Golden Idol":4,"Nilry\u0027s Codex":7,"Velvet Choker":6,"Letter Opener":4,"Ginger":17,"Frozen Egg 2":3,"Ancient Tea Set":1,"Smiling Mask":10,"Burning Blood":0,"SlaversCollar":13,"Centennial Puzzle":4,"Bottled Flame":10,"Anchor":11,"HornCleat":3,"Bronze Scales":9,"Runic Pyramid":0},{"Lantern":35,"Gremlin Horn":9,"Golden Idol":16,"Nilry\u0027s Codex":35,"Velvet Choker":30,"Letter Opener":16,"Ginger":74,"Frozen Egg 2":9,"Ancient Tea Set":3,"Smiling Mask":44,"Burning Blood":0,"SlaversCollar":58,"Centennial Puzzle":16,"Bottled Flame":44,"Anchor":48,"HornCleat":9,"Bronze Scales":41,"Runic Pyramid":0}]},"card_choices":[{"not_picked":["Hemokinesis","Shrug It Off"],"picked":"Sword Boomerang","floor":1},{"not_picked":["Perfected Strike","Battle Trance"],"picked":"Heavy Blade","floor":5},{"not_picked":["True Grit","Body Slam"],"picked":"Flame Barrier","floor":7},{"not_picked":["Perfected Strike","Hemokinesis"],"picked":"Flex","floor":10},{"not_picked":["Battle Trance","Intimidate"],"picked":"Rupture+1","floor":14},{"not_picked":["Offering","Corruption+1"],"picked":"Demon Form+1","floor":16},{"not_picked":["Warcry","Reckless Charge","Clash"],"picked":"SKIP","floor":18},{"not_picked":["Dark Embrace+1","Havoc+1"],"picked":"Hemokinesis","floor":22},{"not_picked":["Rage","Whirlwind"],"picked":"Heavy Blade","floor":23},{"not_picked":["Spot Weakness+1","Flex"],"picked":"Double Tap","floor":25},{"not_picked":["Disarm","Thunderclap","Pommel Strike"],"picked":"SKIP","floor":29},{"not_picked":["Sever Soul","Iron Wave+1"],"picked":"Cleave+1","floor":31},{"not_picked":["Immolate","Juggernaut+1"],"picked":"Limit Break","floor":33},{"not_picked":["Iron Wave+1","Warcry","Perfected Strike+1"],"picked":"SKIP","floor":35},{"not_picked":["Clothesline+1","Havoc","Power Through"],"picked":"SKIP","floor":36},{"not_picked":["Clash","Perfected Strike+1"],"picked":"Metallicize+1","floor":37}],"player_experience":177083,"relics_obtained":[{"floor":4,"key":"Ancient Tea Set"},{"floor":7,"key":"HornCleat"},{"floor":8,"key":"Frozen Egg 2"},{"floor":9,"key":"Gremlin Horn"},{"floor":10,"key":"Letter Opener"},{"floor":20,"key":"Nilry\u0027s Codex"},{"floor":23,"key":"Bronze Scales"},{"floor":25,"key":"Bottled Flame"},{"floor":26,"key":"Smiling Mask"},{"floor":29,"key":"Anchor"},{"floor":39,"key":"Ginger"}],"event_choices":[{"cards_removed":["Strike_R"],"damage_healed":0,"gold_gain":0,"player_choice":"Card Removal","damage_taken":0,"max_hp_gain":0,"max_hp_loss":0,"event_name":"The Cleric","floor":2,"gold_loss":50},{"cards_removed":["Strike_R"],"damage_healed":0,"gold_gain":0,"player_choice":"Card Removal","damage_taken":7,"max_hp_gain":0,"max_hp_loss":0,"event_name":"Golden Wing","floor":3,"gold_loss":0},{"damage_healed":0,"gold_gain":1,"player_choice":"Relic ","damage_taken":3,"max_hp_gain":0,"max_hp_loss":0,"event_name":"betterThird:BetterScrap","floor":11,"gold_loss":0,"cards_obtained":["Machine Learning"]},{"damage_healed":0,"gold_gain":0,"player_choice":"Take Wound","damage_taken":0,"relics_obtained":["Golden Idol"],"max_hp_gain":0,"max_hp_loss":0,"event_name":"Golden Idol","floor":13,"gold_loss":0,"cards_obtained":["Injury"]},{"damage_healed":0,"gold_gain":0,"player_choice":"Obtained Book","damage_taken":16,"max_hp_gain":0,"max_hp_loss":0,"event_name":"Cursed Tome","floor":20,"gold_loss":0},{"damage_healed":0,"gold_gain":0,"player_choice":"Ignored","damage_taken":0,"max_hp_gain":0,"max_hp_loss":0,"event_name":"Mysterious Sphere","floor":38,"gold_loss":0},{"damage_healed":0,"gold_gain":0,"player_choice":"Fight","damage_taken":0,"max_hp_gain":0,"max_hp_loss":0,"event_name":"MindBloom","floor":39,"gold_loss":0}],"is_beta":false,"boss_relics":[{"not_picked":["Sozu","Empty Cage"],"picked":"Velvet Choker"},{"not_picked":["Pandora\u0027s Box","SacredBark"],"picked":"SlaversCollar"}],"items_purged_floors":[19,27],"is_endless":false,"potions_floor_spawned":[1,7,10,25,31,33,35,37],"killed_by":"Reptomancer","ascension_level":3}}