{"host":"idjwbq71yrpkph1r","time":1613414828,"event":{"mods":["AchievementEnabler","Alarm Clock","BaseMod","Block Reminder","Colored Map","Colored Powertips","Curses Come First","Displayed Cursed Tome","Hermit","Minty Spire (QoL Compilation)","Monster B Gone","Rare Cards Sparkle","Relic Stats","StSLib","everything is the same but u backflip on backflip"],"gold_per_floor":[99,49,49,49,11,11,11,11,11,11,11,11,11,11,11,11,11],"floor_reached":16,"language":"ENG","playtime":584,"items_purged":[],"score":108,"play_id":"263e0764-eea7-44a0-8a2b-ba308f24874f","local_time":"20210215194708","is_ascension_mode":false,"campfire_choices":[{"data":"Reprogram","floor":8.0,"key":"SMITH"},{"floor":15,"key":"REST"}],"circlet_count":0,"master_deck":["Strike_B","Strike_B","Strike_B","Defend_B","Defend_B","Defend_B","Defend_B","Zap","Dualcast","Barrage","Zap","Go for the Eyes","BootSequence","Reprogram+1","Barrage","Auto Shields","Rip and Tear","Gash"],"relics":["Ectoplasm"],"acts_visited":["Exordium"],"potions_floor_usage":[],"damage_taken":[{"damage":0.0,"enemies":"Small Slimes","floor":1.0,"turns":3.0},{"damage":1.0,"enemies":"2 Louse","floor":4.0,"turns":3.0},{"damage":13.0,"enemies":"Lagavulin","floor":6.0,"turns":9.0},{"damage":0.0,"enemies":"Cultist","floor":7.0,"turns":4.0},{"damage":13.0,"enemies":"3 Sentries","floor":10.0,"turns":9.0},{"damage":10,"enemies":"Large Slime","floor":14,"turns":5},{"damage":66,"enemies":"Slime Boss","floor":16,"turns":8}],"seed_played":"-2240052175368413421","potions_obtained":[{"floor":4.0,"key":"Ancient Potion"},{"floor":7.0,"key":"SneckoOil"}],"is_trial":false,"path_per_floor":["M","?","?","M","$","E","M","R","T","E","?","?","$","M","R","B"],"character_chosen":"DEFECT","items_purchased":["Reprogram"],"campfire_rested":1,"item_purchase_floors":[5],"current_hp_per_floor":[75,75,75,74,74,61,61,61,61,48,48,48,48,38,60,0,0],"gold":11,"neow_bonus":"BOSS_RELIC","is_daily":false,"chose_seed":false,"campfire_upgraded":1,"win_rate":0.0,"timestamp":1613414828,"path_taken":["M","?","?","M","$","E","?","R","T","E","?","?","?","M","R","BOSS"],"items_purchased_type":["Card"],"build_version":"2020-12-22","purchased_purges":0,"victory":false,"max_hp_per_floor":[75,75,75,75,75,75,75,75,75,75,75,75,75,75,75,75,75],"relic_stats":{"counters":[7,41],"Ectoplasm":176,"obtain_stats":[{"Ectoplasm":0,"Cracked Core":0},{"Ectoplasm":0,"Cracked Core":0},{"Ectoplasm":0,"Cracked Core":0}]},"card_choices":[{"not_picked":["Stack","Leap"],"picked":"Barrage","floor":1.0},{"not_picked":["Sweeping Beam","Melter"],"picked":"BootSequence","floor":4.0},{"not_picked":["Lockon","Undo"],"picked":"Barrage","floor":6.0},{"not_picked":["Aggregate","Hologram"],"picked":"Auto Shields","floor":7.0},{"not_picked":["Sunder","Fission"],"picked":"Rip and Tear","floor":10.0},{"not_picked":["Turbo","Static Discharge"],"picked":"Gash","floor":14}],"player_experience":360460,"relics_obtained":[],"event_choices":[{"cards_removed":["Strike_B"],"damage_healed":0.0,"max_hp_gain":0.0,"max_hp_loss":0.0,"gold_gain":0.0,"event_name":"The Cleric","player_choice":"Card Removal","floor":2.0,"gold_loss":50.0,"damage_taken":0.0},{"damage_healed":0.0,"max_hp_gain":0.0,"max_hp_loss":0.0,"gold_gain":0.0,"event_name":"Match and Keep!","player_choice":"2 cards matched","floor":3.0,"gold_loss":0.0,"damage_taken":0.0,"cards_obtained":["Zap","Go for the Eyes"]},{"damage_healed":0,"gold_gain":0,"player_choice":"Searched \u00270\u0027 times","damage_taken":0,"max_hp_gain":0,"max_hp_loss":0,"event_name":"Dead Adventurer","floor":11,"gold_loss":0},{"damage_healed":0,"gold_gain":0,"player_choice":"Fled","damage_taken":0,"max_hp_gain":0,"max_hp_loss":0,"event_name":"Scrap Ooze","floor":12,"gold_loss":0}],"is_beta":false,"boss_relics":[],"items_purged_floors":[],"is_endless":false,"potions_floor_spawned":[4,7,10],"killed_by":"Slime Boss","ascension_level":0}}