{"host":"bsgp9wgausrmthh2","time":1613420285,"event":{"mods":["AchievementEnabler","BaseMod","Colored Map","Downfall","Minty Spire (QoL Compilation)","Replay The Spire","StSLib"],"gold_per_floor":[99,6,25,41,41,60,60,60,60,85,104,116,16,41,61,162,162,62,62,62,162,162,181,205,225,125,136,136,156,156,44,58,155,155,155,170,98,108,221,345,345,363,378,398,398,398,412,426,439,439,439,439],"floor_reached":50,"language":"ENG","playtime":5814,"items_purged":[],"score":523,"play_id":"8815df9f-ce43-4e17-ba1e-6aa676b189fd","local_time":"20210215151805","is_ascension_mode":false,"campfire_choices":[{"floor":1.0,"key":"RECALL"},{"data":"Slimebound:LevelUp","floor":9.0,"key":"SMITH"},{"data":"Slimebound:Grow","floor":13.0,"key":"SMITH"},{"data":"Slimebound:Split","floor":18,"key":"SMITH"},{"data":"Slimebound:MassFeed","floor":26,"key":"SMITH"},{"data":"Slimebound:LivingWall","floor":28,"key":"SMITH"},{"data":"Slimebound:LivingWall","floor":35,"key":"SMITH"},{"floor":45,"key":"REST"}],"circlet_count":0,"master_deck":["Slimebound:Strike_Slimebound","Slimebound:Strike_Slimebound","Slimebound:Strike_Slimebound","Slimebound:Tackle","Slimebound:Defend_Slimebound","Slimebound:Defend_Slimebound","Slimebound:Defend_Slimebound","Slimebound:Defend_Slimebound","Slimebound:Split+1","Slimebound:CorrosiveSpit","Slimebound:LivingWall+1","Slimebound:Grow+1","Slimebound:Repurpose","Hallucinations","Slimebound:LevelUp+1","Slimebound:RejuvenatingLick","Slimebound:RejuvenatingLick","Slimebound:Schlurp","Slimebound:LivingWall+1","Slimebound:MassFeed+1","Slimebound:MassRepurpose","Slimebound:Gluttony","Overencumbered","Slimebound:LivingWall","Slimebound:LevelUp+1","Slimebound:Prepare","Slimebound:MinionMaster","Slimebound:Chomp","Slimebound:Prepare","Slimebound:SplitBruiser","Slimebound:OneTwoCombo","Slimebound:RollThrough","Slimebound:FinishingTackle","Slimebound:ViciousTackle","Slimebound:ViciousTackle","Slimebound:Grow+1","Replay:Hysterical Blindness","Slimebound:SlimeBrawl","Slimebound:HauntingLick+1","Slimebound:HauntingLick","Slimebound:DisruptingSlam","Slimebound:LevelUp","Writhe","Slimebound:Prepare","Slimebound:TongueLash+1","Slimebound:SplitAcid","Slimebound:SplitMire+1","Slimebound:MegaLick+1","Slimebound:SplitLeeching"],"relics":["Slimebound:AbsorbEndCombat","Slimebound:AggressiveSlimeRelic","downfall:HeartBlessingRed","Odd Mushroom","Cursed Key","downfall:HeartBlessingGreen","downfall:KnowingSkull","Boot","downfall:HeartBlessingBlue","Busted Crown","Vajra","Centennial Puzzle"],"acts_visited":["Exordium","TheCity","TheBeyond"],"potions_floor_usage":[],"damage_taken":[{"damage":3.0,"enemies":"downfall:FleeingMerchant","floor":2.0,"turns":4.0},{"damage":13.0,"enemies":"Small Slimes","floor":3.0,"turns":4.0},{"damage":1.0,"enemies":"2 Louse","floor":4.0,"turns":3.0},{"damage":8.0,"enemies":"Jaw Worm","floor":6.0,"turns":4.0},{"damage":25.0,"enemies":"3 Sentries","floor":10.0,"turns":12.0},{"damage":2.0,"enemies":"Blue Slaver","floor":11.0,"turns":3.0},{"damage":3.0,"enemies":"Large Slime","floor":12.0,"turns":5.0},{"damage":30.0,"enemies":"The Mushroom Lair","floor":14.0,"turns":5.0},{"damage":1.0,"enemies":"2 Fungi Beasts","floor":15.0,"turns":4.0},{"damage":5.0,"enemies":"IC_STATUS_ARCHETYPE","floor":16.0,"turns":8.0},{"damage":13,"enemies":"Spheric Guardian","floor":23,"turns":4},{"damage":6,"enemies":"Shell Parasite","floor":25,"turns":5},{"damage":19,"enemies":"Cultist and Chosen","floor":27,"turns":5},{"damage":3,"enemies":"Snecko","floor":29,"turns":6},{"damage":1,"enemies":"downfall:FleeingMerchant","floor":31,"turns":4},{"damage":10,"enemies":"Snake Plant","floor":32,"turns":3},{"damage":49,"enemies":"SI_MIRROR_ARCHETYPE","floor":33,"turns":10},{"damage":7,"enemies":"3 Shapes","floor":36,"turns":3},{"damage":2,"enemies":"downfall:FleeingMerchant","floor":37,"turns":4},{"damage":21,"enemies":"3 Darklings","floor":38,"turns":5},{"damage":1,"enemies":"downfall:FleeingMerchant","floor":40,"turns":2},{"damage":20,"enemies":"Spire Growth","floor":42,"turns":5},{"damage":23,"enemies":"Jaw Worm Horde","floor":43,"turns":3},{"damage":6,"enemies":"3 Darklings","floor":44,"turns":4},{"damage":46,"enemies":"Maw","floor":47,"turns":8},{"damage":9,"enemies":"Writhing Mass","floor":48,"turns":5},{"damage":15,"enemies":"4 Shapes","floor":49,"turns":7},{"damage":27,"enemies":"WA_ARCHETYPE_DIVINITY","floor":50,"turns":5}],"seed_played":"-9136605756891076655","potions_obtained":[{"floor":3.0,"key":"Fire Potion"},{"floor":4.0,"key":"champ:CounterPotion"},{"floor":12.0,"key":"SneckoOil"},{"floor":14.0,"key":"Weak Potion"},{"floor":25,"key":"sneckomod:MuddlingPotion"},{"floor":30,"key":"Milkshake"},{"floor":30,"key":"Slimebound:SlimyTonguePotion"},{"floor":30,"key":"Regen Potion"}],"is_trial":false,"path_per_floor":["R","$","M","M","?","M","T","?","R","E","M","M","R","?","M","B",null,"R","?","?","?","?","M","T","M","R","M","R","M","?","$","M","B",null,"R","M","$","M","?","$","T","M","M","M","R","?","M","M","M","B"],"character_chosen":"SLIMEBOUND","items_purchased":["Slimebound:Grow","Slimebound:Chomp","Slimebound:Prepare","Slimebound:ViciousTackle","Slimebound:LevelUp","Vajra"],"campfire_rested":1,"item_purchase_floors":[2,31,31,37,40,40],"current_hp_per_floor":[71,68,59,62,62,58,58,58,58,35,35,36,36,10,15,16,71,71,71,71,71,65,58,58,58,68,51,51,52,52,57,51,10,81,81,74,76,67,67,70,70,58,39,37,62,62,28,25,14,0,0,0],"gold":439,"neow_bonus":"TEN_PERCENT_HP_BONUS","is_daily":false,"chose_seed":false,"campfire_upgraded":6,"win_rate":0.0,"timestamp":1613420285,"path_taken":["R","$","M","M","?","M","T","?","R","E","M","M","R","?","M","BOSS","R","?","?","?","?","M","T","M","R","M","R","?","?","$","M","BOSS","R","M","$","?","?","?","T","M","M","M","R","?","M","M","M","BOSS"],"items_purchased_type":["Card","Card","Card","Card","Card","Relic"],"build_version":"2020-12-22","purchased_purges":0,"victory":false,"max_hp_per_floor":[71,71,71,71,71,71,71,71,71,71,71,71,71,71,71,71,71,71,71,71,71,71,71,71,71,81,81,81,81,81,81,81,81,81,81,81,81,85,85,85,85,85,85,85,85,85,89,89,89,89,89,89],"card_choices":[{"not_picked":["Slimebound:BestDefense","Slimebound:ItLooksTasty"],"picked":"Slimebound:LivingWall","floor":2.0},{"not_picked":["Slimebound:Schlurp","Slimebound:GrowthPunch"],"picked":"Slimebound:RollThrough","floor":3.0},{"not_picked":["Slimebound:ForwardTackle","Slimebound:SplitAcid"],"picked":"Slimebound:Repurpose","floor":4.0},{"not_picked":["Slimebound:SamplingLick","Slimebound:SlimeSpikes"],"picked":"Slimebound:LevelUp","floor":6.0},{"not_picked":["Slimebound:SlimeTap","Slimebound:FlameTackle"],"picked":"Slimebound:RejuvenatingLick","floor":10.0},{"not_picked":["Slimebound:FlameTackle","Slimebound:Dissolve"],"picked":"Slimebound:RejuvenatingLick","floor":11.0},{"not_picked":["Slimebound:ComboTackle","Slimebound:BestDefense"],"picked":"Slimebound:Schlurp","floor":12.0},{"not_picked":["Slimebound:BestDefense","Slimebound:SlimeTap"],"picked":"Slimebound:LivingWall","floor":14.0},{"not_picked":["Slimebound:SplitMire","Slimebound:GrowthPunch"],"picked":"Slimebound:MassFeed","floor":15.0},{"not_picked":["Slimebound:SelfFormingGoo","Slimebound:Overexert"],"picked":"Slimebound:MassRepurpose","floor":16.0},{"not_picked":["Slimebound:GoopTackle","Slimebound:SplitMire"],"picked":"Slimebound:Gluttony","floor":23},{"not_picked":["Slimebound:FinishingTackle","Slimebound:GoopTackle"],"picked":"Slimebound:LivingWall","floor":25},{"not_picked":["Slimebound:ComboTackle","Slimebound:SplitAcid"],"picked":"Slimebound:LevelUp+1","floor":27},{"not_picked":["Slimebound:FinishingTackle+1","Slimebound:ComboTackle"],"picked":"Slimebound:Prepare","floor":29},{"not_picked":["Slimebound:GoopTackle","Slimebound:RollThrough+1"],"picked":"Slimebound:MinionMaster","floor":31},{"not_picked":["Slimebound:HauntingLick","Slimebound:GrowthPunch"],"picked":"Slimebound:SplitBruiser","floor":32},{"not_picked":["Slimebound:MassRepurpose","Slimebound:DouseInSlime"],"picked":"Slimebound:OneTwoCombo","floor":33},{"not_picked":[],"picked":"Slimebound:RollThrough","floor":36},{"not_picked":[],"picked":"Slimebound:FinishingTackle","floor":37},{"not_picked":[],"picked":"Slimebound:Grow+1","floor":38},{"not_picked":[],"picked":"Slimebound:SlimeBrawl","floor":39},{"not_picked":[],"picked":"Slimebound:HauntingLick+1","floor":39},{"not_picked":[],"picked":"Slimebound:HauntingLick","floor":39},{"not_picked":[],"picked":"Slimebound:DisruptingSlam","floor":40},{"not_picked":[],"picked":"Slimebound:Prepare","floor":42},{"not_picked":[],"picked":"Slimebound:TongueLash+1","floor":43},{"not_picked":[],"picked":"Slimebound:SplitAcid","floor":44},{"not_picked":[],"picked":"Slimebound:SplitMire+1","floor":47},{"not_picked":[],"picked":"Slimebound:MegaLick+1","floor":48},{"not_picked":[],"picked":"Slimebound:SplitLeeching","floor":49}],"player_experience":246762,"relics_obtained":[{"floor":10.0,"key":"Slimebound:AggressiveSlimeRelic"},{"floor":14.0,"key":"Odd Mushroom"},{"floor":24,"key":"Boot"},{"floor":41,"key":"Centennial Puzzle"}],"event_choices":[{"damage_healed":0.0,"max_hp_gain":0.0,"max_hp_loss":0.0,"gold_gain":0.0,"event_name":"Mushrooms","player_choice":"Fought Mushrooms","floor":14.0,"gold_loss":0.0,"damage_taken":0.0},{"damage_healed":0,"gold_gain":0,"player_choice":"Ignored","damage_taken":0,"max_hp_gain":0,"max_hp_loss":0,"event_name":"Vampires","floor":20,"gold_loss":0},{"damage_healed":0,"gold_gain":0,"player_choice":"Got Potions","damage_taken":0,"max_hp_gain":0,"max_hp_loss":0,"event_name":"Lab","floor":30,"gold_loss":0},{"cards_removed":["Slimebound:RollThrough"],"damage_healed":0,"gold_gain":0,"player_choice":"Removed Attack","damage_taken":0,"max_hp_gain":0,"max_hp_loss":0,"event_name":"Falling","floor":46,"gold_loss":0}],"is_beta":false,"boss_relics":[{"not_picked":["Empty Cage","Painkiller Herb"],"picked":"Cursed Key"},{"not_picked":["Honey Jar","Coffee Dripper"],"picked":"Busted Crown"}],"items_purged_floors":[],"is_endless":false,"potions_floor_spawned":[3,4,12,14,15,23,25,27,32,38,42,43,47,49],"killed_by":"WA_ARCHETYPE_DIVINITY","ascension_level":0}}