{"host":"vssfhwrh2g618jiv","time":1613393988,"event":{"mods":["Ascension Reborn","BaseMod","Decade(王小明)","Lobotomy","Marisa（F雨　魔理沙）","Minty Spire (QoL Compilation)","Remilia（蕾米莉亚）","Shop Mod","The Servant 0.9.4","UnlockEverythingMod"],"gold_per_floor":[119,134,309,325,338,363,363,70,150,164,164,178,194,269,269,366,366,366,49,60,73,92,127,143,169,169,200,215,229,241,251,251,346,346],"floor_reached":33,"language":"ZHS","playtime":1843,"items_purged":[],"score":567,"play_id":"fda1e088-b648-48ff-adb6-5c5374b5eafd","local_time":"20210215205948","daily_mods":["Vintage","Heirloom","Flight","Elite Swarm"],"is_ascension_mode":true,"campfire_choices":[{"data":"Pain","floor":11,"key":"PURGE"},{"floor":15,"key":"RECALL"},{"data":"Doubt","floor":32,"key":"PURGE"}],"circlet_count":0,"master_deck":["Demon Form+1","Wraith Form v2+1","Echo Form+1","DevaForm+1","BatForm+1","FlawlessForm+1","Strike_B+1","Strike_B+1","Strike_B+1","Strike_B+1","Defend_B+1","Defend_B+1","Defend_B+1","Defend_B+1","Zap+1","Dualcast+1","Buffer","Creative AI","Melter","Hyperbeam","Rainbow","Machine Learning+1","Echo Form+1"],"relics":["Cracked Core","Lizard Tail","Prayer Wheel","Dream Catcher","Mango","Incense Burner","Vajra","WarpedTongs","Peace Pipe","Gremlin Horn","Darkstone Periapt","Anchor","Kunai","Philosopher\u0027s Stone","Matryoshka","ScarletDevilRocket","Calipers","Blood Vial","The Courier","Juzu Bracelet","Pantograph","Bottled Flame","Frozen Egg 2","Question Card","InkBottle","AntiCross","Lantern"],"acts_visited":["Exordium","TheCity"],"potions_floor_usage":[6,18,18,25,25,33],"damage_taken":[{"damage":0,"enemies":"Cultist","floor":1,"turns":3},{"damage":0,"enemies":"Small Slimes","floor":2,"turns":3},{"damage":0,"enemies":"2 Louse","floor":4,"turns":2},{"damage":0,"enemies":"Exordium Thugs","floor":5,"turns":5},{"damage":18,"enemies":"3 Sentries","floor":6,"turns":6},{"damage":4,"enemies":"3 Louse","floor":10,"turns":3},{"damage":4,"enemies":"Blue Slaver","floor":12,"turns":3},{"damage":1,"enemies":"Exordium Thugs","floor":13,"turns":6},{"damage":0,"enemies":"Slime Boss","floor":16,"turns":8},{"damage":20,"enemies":"3 Byrds","floor":18,"turns":3},{"damage":0,"enemies":"Spheric Guardian","floor":20,"turns":3},{"damage":4,"enemies":"Snake Plant","floor":21,"turns":6},{"damage":0,"enemies":"Cultist and Chosen","floor":22,"turns":7},{"damage":0,"enemies":"Book of Stabbing","floor":23,"turns":8},{"damage":0,"enemies":"Shelled Parasite and Fungi","floor":24,"turns":2},{"damage":3,"enemies":"Slavers","floor":25,"turns":4},{"damage":12,"enemies":"Book of Stabbing","floor":27,"turns":5},{"damage":0,"enemies":"3 Cultists","floor":28,"turns":4},{"damage":12,"enemies":"Centurion and Healer","floor":29,"turns":5},{"damage":18,"enemies":"Snake Plant","floor":30,"turns":5},{"damage":0,"enemies":"Sentry and Sphere","floor":31,"turns":2},{"damage":81,"enemies":"Collector","floor":33,"turns":13}],"seed_played":"7769445899698276397","potions_obtained":[{"floor":2,"key":"SmokeBomb"},{"floor":5,"key":"Fire Potion"},{"floor":16,"key":"Fruit Juice"},{"floor":20,"key":"Block Potion"},{"floor":23,"key":"PowerPotion"},{"floor":28,"key":"SpeedPotion"},{"floor":29,"key":"Dexterity Potion"},{"floor":33,"key":"BlessingOfTheForge"}],"is_trial":true,"path_per_floor":["M","M","?","M","M","E","?","$","T","M","R","M","M","?","R","B",null,"M","$","M","M","M","E","M","E","T","E","M","M","M","M","R","B"],"character_chosen":"DEFECT","items_purchased":["Peace Pipe","Matryoshka","Melter"],"campfire_rested":0,"item_purchase_floors":[8,19,19],"current_hp_per_floor":[75,75,75,89,89,71,71,71,71,67,67,63,62,51,51,51,89,74,74,74,70,70,72,74,73,73,63,65,55,39,41,41,36,36],"gold":346,"neow_bonus":"","is_daily":false,"chose_seed":false,"campfire_upgraded":0,"win_rate":0.0,"timestamp":1613393988,"path_taken":["M","?","?","M","M","E","?","$","T","M","R","?","M","?","R","BOSS","M","$","M","M","M","E","M","E","T","E","M","M","M","M","R","BOSS"],"items_purchased_type":["Relic","Relic","Card"],"build_version":"2020-12-22","purchased_purges":0,"victory":false,"max_hp_per_floor":[75,75,75,89,89,89,89,89,89,89,89,89,89,89,89,89,89,94,94,94,94,94,94,94,94,94,94,94,94,94,94,94,94,94],"card_choices":[{"not_picked":["All For One","Multi-Cast"],"picked":"Buffer","floor":6},{"not_picked":["Meteor Strike","Amplify"],"picked":"Creative AI","floor":16},{"not_picked":["All For One","Thunder Strike"],"picked":"Hyperbeam","floor":23},{"not_picked":["Buffer","Meteor Strike"],"picked":"Rainbow","floor":25},{"not_picked":["Buffer+1","Fission"],"picked":"Machine Learning+1","floor":27},{"not_picked":["Rainbow","Creative AI+1","Biased Cognition+1"],"picked":"Echo Form+1","floor":33}],"player_experience":6517,"relics_obtained":[{"floor":1,"key":"Prayer Wheel"},{"floor":2,"key":"Dream Catcher"},{"floor":4,"key":"Mango"},{"floor":5,"key":"Incense Burner"},{"floor":6,"key":"Vajra"},{"floor":9,"key":"Gremlin Horn"},{"floor":10,"key":"Darkstone Periapt"},{"floor":12,"key":"Anchor"},{"floor":13,"key":"Kunai"},{"floor":20,"key":"ScarletDevilRocket"},{"floor":21,"key":"Calipers"},{"floor":22,"key":"Blood Vial"},{"floor":23,"key":"The Courier"},{"floor":24,"key":"Juzu Bracelet"},{"floor":25,"key":"Pantograph"},{"floor":26,"key":"Bottled Flame"},{"floor":27,"key":"Frozen Egg 2"},{"floor":28,"key":"Question Card"},{"floor":29,"key":"InkBottle"},{"floor":30,"key":"AntiCross"},{"floor":31,"key":"Lantern"}],"event_choices":[{"damage_healed":0,"gold_gain":175,"player_choice":"AGREE","damage_taken":0,"max_hp_gain":0,"max_hp_loss":0,"event_name":"Liars Game","floor":3,"gold_loss":0,"cards_obtained":["Doubt"]},{"damage_healed":0,"gold_gain":0,"player_choice":"Rummage","damage_taken":0,"relics_obtained":["WarpedTongs"],"max_hp_gain":0,"max_hp_loss":0,"event_name":"Accursed Blacksmith","floor":7,"gold_loss":0,"cards_obtained":["Pain"]},{"damage_healed":0,"gold_gain":75,"player_choice":"Gather Gold","damage_taken":11,"max_hp_gain":0,"max_hp_loss":0,"event_name":"World of Goop","floor":14,"gold_loss":0}],"is_beta":false,"boss_relics":[{"not_picked":["Sozu","Runic Pyramid"],"picked":"Philosopher\u0027s Stone"}],"items_purged_floors":[],"is_endless":false,"potions_floor_spawned":[2,5,16,18,20,23,28,29,33],"killed_by":"Collector","ascension_level":0}}