{"host":"1a1fa2nogmb21qcw","time":1613355853,"event":{"mods":["AchievementEnabler","BaseMod","Better Match","Better Note","Better Sensory Stone","Better Vampires","Block Reminder","Bossed Relics","Colored Map","Colored Powertips","Curses Come First","Downfall","Gremlin Mod","Infinite Spire","Key Reminder","Minty Spire (QoL Compilation)","Potionbrewer","Quick Restart","Rare Cards Sparkle","Relic Stats","Reliquary","Remove Card Discount Mod","Replay The Spire","Shop Mod","StSLib","Swap Starting Deck Mod","The Cursed","The Disciple","The Marked","The Necromancer","The Servant 0.9.4"],"gold_per_floor":[114,114,4,4,4,39,39,58,110,182,192,45,45,57,57,154,154,170,110,104,118,147,147,147],"floor_reached":23,"language":"ENG","playtime":1416,"items_purged":["Strike_B","Strike_B","Strike_B","Strike_B","Defend_B","Defend_B","Defend_B"],"score":196,"play_id":"03c65ed5-3e43-4aef-9141-11d305fa359b","local_time":"20210214212413","is_ascension_mode":true,"campfire_choices":[{"data":"White Noise","floor":7,"key":"SMITH"},{"data":"Beam Cell","floor":13,"key":"SMITH"},{"data":"Creative AI","floor":15,"key":"SMITH"}],"circlet_count":0,"master_deck":["Zap","Dualcast+1","Beam Cell+1","White Noise+1","Ball Lightning","Creative AI+1","Glacier","Amplify","Rip and Tear"],"relics":["Cracked Core","infinitespire:FocusingShard","ReplayTheSpireMod:Ring of Collecting","reliquary:Sideboard","Ring of Shattering","reliquary:PartyBalloon","Ring of Fury","reliquary:QuartzCube","infinitespire:Lucky Rock","ChewingGum","Red Mask"],"acts_visited":["Exordium","TheCity"],"potions_floor_usage":[1,6,6,16,16],"damage_taken":[{"damage":15,"enemies":"Jaw Worm","floor":1,"turns":5},{"damage":8,"enemies":"Gremlin Nob","floor":6,"turns":3},{"damage":0,"enemies":"Cultist","floor":8,"turns":3},{"damage":0,"enemies":"2 Louse","floor":11,"turns":1},{"damage":2,"enemies":"Looter","floor":14,"turns":2},{"damage":26,"enemies":"The Guardian","floor":16,"turns":6},{"damage":6,"enemies":"Chosen","floor":18,"turns":3},{"damage":24,"enemies":"Shell Parasite","floor":21,"turns":3},{"damage":12,"enemies":"Masked Bandits","floor":22,"turns":3},{"damage":42,"enemies":"Slavers","floor":23,"turns":3}],"seed_played":"3128273543226046742","potions_obtained":[{"floor":0,"key":"potionbrewer:FreezingPotion"},{"floor":0,"key":"GamblersBrew"},{"floor":0,"key":"Regen Potion"},{"floor":1,"key":"ColorlessPotion"},{"floor":6,"key":"AttackPotion"},{"floor":14,"key":"SkillPotion"},{"floor":16,"key":"GamblersBrew"},{"floor":22,"key":"bronze:BurnAndBuffPotion"}],"is_trial":false,"path_per_floor":["M","?","$","T","?","E","R","M","T","T","M","$","R","M","R","B",null,"M","?","$","M","?","E"],"character_chosen":"DEFECT","items_purchased":["White Noise","Ball Lightning","infinitespire:Lucky Rock"],"campfire_rested":0,"item_purchase_floors":[3,3,12],"current_hp_per_floor":[69,69,69,69,69,61,61,61,61,61,61,61,61,59,59,33,75,69,69,69,45,33,0,0],"gold":147,"neow_bonus":"THREE_SMALL_POTIONS","is_daily":false,"chose_seed":false,"campfire_upgraded":3,"win_rate":0.0,"timestamp":1613355853,"path_taken":["M","?","$","?","?","E","R","M","T","?","M","$","R","M","R","BOSS","M","?","$","?","?","E"],"items_purchased_type":["Card","Card","Relic"],"build_version":"2020-12-22","purchased_purges":7,"victory":false,"max_hp_per_floor":[75,75,75,75,75,75,75,75,75,75,75,75,75,75,75,75,75,75,75,75,75,75,75,75],"relic_stats":{"counters":[10,32],"obtain_stats":[{"reliquary:Sideboard":6,"reliquary:PartyBalloon":9,"ReplayTheSpireMod:Ring of Collecting":5,"Ring of Fury":10,"ChewingGum":17,"infinitespire:FocusingShard":4,"Ring of Shattering":9,"Red Mask":22,"infinitespire:Lucky Rock":12,"Cracked Core":0,"reliquary:QuartzCube":10},{"reliquary:Sideboard":2,"reliquary:PartyBalloon":3,"ReplayTheSpireMod:Ring of Collecting":1,"Ring of Fury":3,"ChewingGum":6,"infinitespire:FocusingShard":1,"Ring of Shattering":3,"Red Mask":9,"infinitespire:Lucky Rock":4,"Cracked Core":0,"reliquary:QuartzCube":3},{"reliquary:Sideboard":8,"reliquary:PartyBalloon":11,"ReplayTheSpireMod:Ring of Collecting":5,"Ring of Fury":11,"ChewingGum":20,"infinitespire:FocusingShard":5,"Ring of Shattering":11,"Red Mask":29,"infinitespire:Lucky Rock":12,"Cracked Core":0,"reliquary:QuartzCube":11}]},"card_choices":[{"not_picked":["Gash","Streamline"],"picked":"Beam Cell","floor":1},{"not_picked":["Barrage","Panic Button"],"picked":"Glacier","floor":6},{"not_picked":["Sweeping Beam","Streamline"],"picked":"Rip and Tear","floor":8},{"not_picked":["Coolheaded","Gash"],"picked":"Creative AI","floor":11},{"not_picked":["Compile Driver","Go for the Eyes","Turbo"],"picked":"SKIP","floor":14},{"not_picked":["Compile Driver","Go for the Eyes","Turbo"],"picked":"SKIP","floor":14},{"not_picked":["Machine Learning","Electrodynamics"],"picked":"Amplify","floor":16},{"not_picked":["Lockon","Gash"],"picked":"Static Discharge","floor":18},{"not_picked":["Redo","Steam","Self Repair"],"picked":"SKIP","floor":21}],"player_experience":869777,"relics_obtained":[{"floor":4,"key":"infinitespire:FocusingShard"},{"floor":5,"key":"ReplayTheSpireMod:Ring of Collecting"},{"floor":6,"key":"reliquary:Sideboard"},{"floor":9,"key":"Ring of Shattering"},{"floor":9,"key":"reliquary:PartyBalloon"},{"floor":10,"key":"Ring of Fury"},{"floor":10,"key":"reliquary:QuartzCube"},{"floor":22,"key":"Red Mask"}],"event_choices":[{"damage_healed":0,"gold_gain":0,"player_choice":"Upgraded","damage_taken":0,"max_hp_gain":0,"max_hp_loss":0,"event_name":"Upgrade Shrine","floor":2,"gold_loss":0,"cards_upgraded":["Dualcast"]},{"cards_removed":["Defend_B"],"damage_healed":0,"gold_gain":0,"player_choice":"Single Remove","damage_taken":0,"max_hp_gain":0,"max_hp_loss":0,"event_name":"Designer","floor":19,"gold_loss":60},{"damage_healed":0,"gold_gain":0,"player_choice":"Fought Bandits","damage_taken":0,"max_hp_gain":0,"max_hp_loss":0,"event_name":"Masked Bandits","floor":22,"gold_loss":0}],"is_beta":false,"boss_relics":[{"not_picked":["reliquary:RedPaperclip","Coffee Dripper"],"picked":"ChewingGum"}],"items_purged_floors":[3,3,12,12,20,20,20],"is_endless":false,"potions_floor_spawned":[1,6,14,16,22],"killed_by":"Slavers","ascension_level":1}}