{"host":"7c48c022du196gjj","time":1613372396,"event":{"mods":["BaseMod","Better Third Choice","Colored Map","Hubris","Minty Spire (QoL Compilation)","Monster B Gone","Quick Restart","Reliquary","Replay The Spire","Say the Spire","Smile Girya","Spicy Shops","StSLib"],"gold_per_floor":[110,137,137,62,81,81,109,129,129,129,145,145,176,199,199,296,296,336,316,358,410,410,410,160,232,232,302,336,336],"floor_reached":28,"language":"ENG","playtime":1270,"items_purged":[],"score":631,"play_id":"c0f01f43-6913-4be4-9eb4-0253f4f417c2","local_time":"20210215005956","is_ascension_mode":true,"campfire_choices":[{"data":"Caltrops","floor":6,"key":"SMITH"},{"data":"Blade Dance","floor":10,"key":"SMITH"},{"data":"ReplayTheSpireMod:From All Sides","floor":23,"key":"SMITH"}],"circlet_count":0,"master_deck":["AscendersBane","Strike_G","Strike_G","Strike_G","Defend_G","Defend_G","Defend_G","Defend_G","Defend_G","Survivor","Neutralize","Flying Knee","Caltrops+1","Venomology","Blade Dance+1","Blur","Poisoned Stab","Poisoned Stab","Dash","ReplayTheSpireMod:From All Sides+1","Outmaneuver","Blade Dance+1","Pot Of Greed","Pot Of Greed","Blur","Fluid Movement","Pot Of Greed","Bullet Time"],"relics":["Ring of the Snake","NeowsBlessing","Ring of Fury","ReplayTheSpireMod:Ring of Addiction","White Beast Statue","hubris:EmptyBottle","hubris:MedicalManual","hubris:64BitClover","Unceasing Top","Replay:Bandana","HoveringKite","Grinning Jar","hubris:BottledHeart","Cauldron","Juzu Bracelet","Bottled Lightning","Omamori","reliquary:PorcupineQuills"],"acts_visited":["Exordium","TheCity"],"potions_floor_usage":[8,11,11,13,13,14,14,16,16,16,16,16,16,18,18,20,20,20,20,21,21,21,21,21,21,21,21,25,25,25,25,27,27,27,27,28,28],"damage_taken":[{"damage":0,"enemies":"Cultist","floor":1,"turns":1},{"damage":0,"enemies":"Small Slimes","floor":5,"turns":1},{"damage":0,"enemies":"Lagavulin","floor":7,"turns":3},{"damage":2,"enemies":"2 Louse","floor":8,"turns":1},{"damage":0,"enemies":"2 Fungi Beasts","floor":11,"turns":1},{"damage":9,"enemies":"3 Sentries","floor":13,"turns":6},{"damage":3,"enemies":"Exordium Wildlife","floor":14,"turns":3},{"damage":15,"enemies":"Slime Boss","floor":16,"turns":6},{"damage":0,"enemies":"Spheric Guardian","floor":18,"turns":4},{"damage":0,"enemies":"2 Thieves","floor":20,"turns":3},{"damage":6,"enemies":"Snake Plant","floor":21,"turns":2},{"damage":0,"enemies":"Book of Stabbing","floor":25,"turns":4},{"damage":0,"enemies":"Gremlin Leader","floor":27,"turns":3},{"damage":8,"enemies":"Cultist and Chosen","floor":28,"turns":5}],"seed_played":"413097353272521543","potions_obtained":[{"floor":3,"key":"SkillPotion"},{"floor":3,"key":"Poison Potion"},{"floor":7,"key":"Fire Potion"},{"floor":8,"key":"Fire Potion"},{"floor":11,"key":"Fire Potion"},{"floor":14,"key":"PowerPotion"},{"floor":16,"key":"LifebloodPotion"},{"floor":18,"key":"SkillPotion"},{"floor":19,"key":"DistilledChaos"},{"floor":20,"key":"EntropicBrew"},{"floor":21,"key":"BlessingOfTheForge"},{"floor":24,"key":"CunningPotion"},{"floor":25,"key":"SteroidPotion"},{"floor":27,"key":"SkillPotion"}],"is_trial":false,"path_per_floor":["M","T","?","?","M","R","E","M","T","R","M","?","E","M","R_BF","B",null,"M","?","M","M","?","R","$","E","T","E","M"],"character_chosen":"THE_SILENT","items_purchased":["Cauldron","Juzu Bracelet"],"campfire_rested":0,"item_purchase_floors":[24,24],"current_hp_per_floor":[59,59,59,59,59,59,59,57,57,57,57,50,41,38,38,23,54,54,54,54,48,1,1,1,1,1,1,0,0],"gold":336,"neow_bonus":"THREE_ENEMY_KILL","is_daily":false,"chose_seed":false,"campfire_upgraded":3,"win_rate":0.0,"timestamp":1613372396,"path_taken":["M","?","?","?","M","R","E","M","T","R","M","?","E","?","R_BF","BOSS","M","?","?","M","?","R","?","E","T","E","M"],"items_purchased_type":["Relic","Relic"],"build_version":"2020-12-22","purchased_purges":0,"victory":false,"max_hp_per_floor":[66,66,66,66,66,66,64,64,64,64,64,64,64,64,64,64,64,64,64,64,64,1,1,1,1,1,1,1,1],"card_choices":[{"not_picked":["Quick Slash","Concentrate"],"picked":"Flying Knee","floor":1},{"not_picked":["Leg Sweep","Flying Knee"],"picked":"Caltrops","floor":5},{"not_picked":["Reflex","Sucker Punch"],"picked":"Venomology","floor":7},{"not_picked":["Backflip","Fluid Movement"],"picked":"Blade Dance","floor":8},{"not_picked":["Sucker Punch","Underhanded Strike"],"picked":"Blur","floor":11},{"not_picked":["hubris:SlightOfHand","Dodge and Roll"],"picked":"Poisoned Stab","floor":13},{"not_picked":["Dagger Throw","Bouncing Flask"],"picked":"Poisoned Stab","floor":14},{"not_picked":["Corpse Explosion","Storm of Steel"],"picked":"ReplayTheSpireMod:From All Sides","floor":16},{"not_picked":["Riddle With Holes","Draining Mist+1"],"picked":"Outmaneuver","floor":18},{"not_picked":["hubris:SlightOfHand","Bouncing Flask+1"],"picked":"Blade Dance+1","floor":20},{"not_picked":["Quick Slash","Catalyst"],"picked":"Blur","floor":21},{"not_picked":["Tactician","Expertise"],"picked":"Fluid Movement","floor":25},{"not_picked":["Choke","Slice"],"picked":"Bullet Time","floor":27}],"player_experience":890428,"relics_obtained":[{"floor":2,"key":"reliquary:FerryPass"},{"floor":3,"key":"Ring of Fury"},{"floor":3,"key":"ReplayTheSpireMod:Ring of Addiction"},{"floor":3,"key":"White Beast Statue"},{"floor":3,"key":"hubris:EmptyBottle"},{"floor":7,"key":"hubris:MedicalManual"},{"floor":7,"key":"hubris:64BitClover"},{"floor":9,"key":"Unceasing Top"},{"floor":13,"key":"Replay:Bandana"},{"floor":21,"key":"Grinning Jar"},{"floor":25,"key":"Bottled Lightning"},{"floor":26,"key":"Omamori"},{"floor":27,"key":"reliquary:PorcupineQuills"}],"event_choices":[{"cards_removed":["Looming Evil"],"damage_healed":0,"gold_gain":0,"player_choice":"Card Removal","damage_taken":0,"max_hp_gain":0,"max_hp_loss":0,"event_name":"The Cleric","floor":4,"gold_loss":75},{"cards_removed":["Strike_G"],"damage_healed":0,"gold_gain":0,"player_choice":"Card Removal","damage_taken":7,"max_hp_gain":0,"max_hp_loss":0,"event_name":"Golden Wing","floor":12,"gold_loss":0},{"damage_healed":0,"gold_gain":0,"player_choice":"Bought 1 Potion","damage_taken":0,"max_hp_gain":0,"max_hp_loss":0,"event_name":"The Woman in Blue","floor":19,"gold_loss":0}],"is_beta":false,"boss_relics":[{"not_picked":["hubris:Stopwatch","hubris:CrackedHourglass"],"picked":"HoveringKite"}],"items_purged_floors":[],"is_endless":false,"potions_floor_spawned":[5,7,8,11,13,14,16,18,20,21,25,27],"killed_by":"Cultist and Chosen","ascension_level":17}}