{"host":"rw1trt79hfpl7pom","time":1613357748,"event":{"mods":["BaseMod","Bestiary","Colored Map","Jorbs\u0027s Wanderer Trilogy","Minty Spire (QoL Compilation)","Relic Stats","StSLib","SuperFastMode"],"gold_per_floor":[18,18,93,110,110,110,145,160,160,192,192,192,219,236,236,336,336,348,447,467,15,25,58,58,91,91,91,123,123,123,139,139,234,234,249,261,18,68,68,103,103,128,128,141,141,168,0,0,0,0],"floor_reached":51,"language":"ENG","playtime":3856,"items_purged":["stsjorbsmod:Strike_Wanderer"],"score":1055,"play_id":"7be43219-7487-475c-a529-baa0e0fe5967","local_time":"20210214185548","is_ascension_mode":true,"campfire_choices":[{"data":"stsjorbsmod:Inferno","floor":6,"key":"SMITH"},{"data":"stsjorbsmod:Mending","floor":11,"key":"SMITH"},{"data":"stsjorbsmod:Firebolt","floor":15,"key":"SMITH"},{"data":"stsjorbsmod:Strike_Wanderer","floor":24,"key":"PURGE"},{"data":"stsjorbsmod:Strike_Wanderer","floor":29,"key":"PURGE"},{"data":"stsjorbsmod:WeightOfMemory","floor":32,"key":"SMITH"},{"data":"stsjorbsmod:FlameWard","floor":41,"key":"SMITH"},{"data":"stsjorbsmod:IvoryTower","floor":45,"key":"SMITH"},{"data":"stsjorbsmod:Defend_Wanderer","floor":49,"key":"PURGE"}],"circlet_count":0,"master_deck":["stsjorbsmod:ForbiddenGrimoire+1","stsjorbsmod:Defend_Wanderer","stsjorbsmod:Defend_Wanderer","stsjorbsmod:FreshAdventure+1","stsjorbsmod:EyeOfTheStorm","stsjorbsmod:Fireball+1","stsjorbsmod:Inferno+1","stsjorbsmod:Firebolt+1","stsjorbsmod:FranticSearch+1","stsjorbsmod:Firebolt","stsjorbsmod:Mending+1","stsjorbsmod:Firebolt+1","stsjorbsmod:Banish+1","stsjorbsmod:RayOfFrost","stsjorbsmod:WeightOfMemory+1","stsjorbsmod:Rediscovery+1","stsjorbsmod:Rest+1","stsjorbsmod:Channel","stsjorbsmod:SiphonEnergy+1","stsjorbsmod:FlameWard+1","stsjorbsmod:TinyHut","stsjorbsmod:RayOfFrost+1","stsjorbsmod:TrueStrike+1","stsjorbsmod:IvoryTower+1","stsjorbsmod:MagicMirror+1"],"relics":["stsjorbsmod:GrimoireRelic","Pear","Strawberry","Mummified Hand","Anchor","Snecko Eye","stsjorbsmod:MindPalaceRelic","Peace Pipe","Art of War","Juzu Bracelet","stsjorbsmod:AlchemistsFireRelic","stsjorbsmod:MindGlassRelic","Cursed Key","Membership Card","Ancient Tea Set","Dead Branch","InkBottle","Unceasing Top","Lantern","Red Mask"],"acts_visited":["Exordium","TheCity","TheBeyond"],"potions_floor_usage":[10,50,50,50,50,50,50],"damage_taken":[{"damage":0,"enemies":"2 Louse","floor":1,"turns":2},{"damage":4,"enemies":"Small Slimes","floor":4,"turns":4},{"damage":8,"enemies":"Lagavulin","floor":7,"turns":5},{"damage":1,"enemies":"Jaw Worm","floor":8,"turns":3},{"damage":9,"enemies":"3 Sentries","floor":10,"turns":5},{"damage":32,"enemies":"Lagavulin","floor":13,"turns":7},{"damage":0,"enemies":"Blue Slaver","floor":14,"turns":3},{"damage":0,"enemies":"Slime Boss","floor":16,"turns":5},{"damage":0,"enemies":"3 Byrds","floor":18,"turns":4},{"damage":0,"enemies":"Shell Parasite","floor":20,"turns":4},{"damage":2,"enemies":"Centurion and Healer","floor":22,"turns":2},{"damage":0,"enemies":"Slavers","floor":23,"turns":3},{"damage":2,"enemies":"Gremlin Leader","floor":25,"turns":3},{"damage":2,"enemies":"Slavers","floor":28,"turns":4},{"damage":0,"enemies":"Snake Plant","floor":31,"turns":4},{"damage":7,"enemies":"Collector","floor":33,"turns":4},{"damage":9,"enemies":"3 Darklings","floor":35,"turns":3},{"damage":6,"enemies":"Orb Walker","floor":36,"turns":3},{"damage":2,"enemies":"2 Orb Walkers","floor":38,"turns":4},{"damage":0,"enemies":"Reptomancer","floor":40,"turns":4},{"damage":0,"enemies":"Nemesis","floor":42,"turns":2},{"damage":0,"enemies":"3 Darklings","floor":44,"turns":3},{"damage":0,"enemies":"Giant Head","floor":46,"turns":3},{"damage":14,"enemies":"Awakened One","floor":50,"turns":4}],"seed_played":"4616095093549487840","potions_obtained":[{"floor":1,"key":"BlessingOfTheForge"},{"floor":10,"key":"Fire Potion"},{"floor":14,"key":"SneckoOil"},{"floor":18,"key":"EntropicBrew"},{"floor":23,"key":"DuplicationPotion"}],"is_trial":false,"path_per_floor":["M","?","?","M","?","R","E","M","T","E","R","T","E","M","R","B",null,"M","?","M","$","M","E","R","E","T","T","E","R","?","M","R","B",null,"M","M","$","?","?","E","R","E","T","M","R","E","?","$","R","B",null],"character_chosen":"WANDERER","items_purchased":["stsjorbsmod:MindPalaceRelic","stsjorbsmod:Rediscovery","Membership Card","stsjorbsmod:TinyHut","Ancient Tea Set"],"campfire_rested":0,"item_purchase_floors":[21,21,37,37,37],"current_hp_per_floor":[68,68,57,55,60,60,64,65,65,72,72,72,42,43,43,44,96,102,102,102,102,102,102,102,102,102,102,102,102,102,102,102,100,104,99,97,97,106,96,100,100,104,104,106,106,106,106,106,106,95],"gold":0,"neow_bonus":"THREE_RARE_CARDS","is_daily":false,"chose_seed":false,"campfire_upgraded":6,"win_rate":0.0,"timestamp":1613357748,"path_taken":["M","?","?","M","?","R","E","M","T","E","R","?","E","?","R","BOSS","M","?","M","$","M","E","R","E","T","?","E","R","?","M","R","BOSS","M","M","$","?","?","E","R","E","T","M","R","E","?","?","R","BOSS"],"items_purchased_type":["Relic","Card","Relic","Card","Relic"],"build_version":"2020-12-22","purchased_purges":1,"victory":true,"max_hp_per_floor":[68,68,68,68,73,73,83,83,83,96,96,96,96,96,96,96,96,102,102,102,102,102,102,102,102,102,102,102,102,102,102,102,104,104,106,106,106,106,106,106,106,106,106,106,106,106,106,106,106,106],"relic_stats":{"Peace Pipe":3,"counters":[24,88],"Mummified Hand":[39],"Dead Branch":[39],"Snecko Eye":[123,111,110,106],"Art of War":[2],"Juzu Bracelet":0,"Cursed Key":0,"obtain_stats":[{"Lantern":46,"Pear":7,"Dead Branch":38,"stsjorbsmod:GrimoireRelic":0,"Juzu Bracelet":26,"stsjorbsmod:AlchemistsFireRelic":27,"stsjorbsmod:MindPalaceRelic":21,"Cursed Key":34,"Ancient Tea Set":37,"Peace Pipe":23,"Anchor":13,"Mummified Hand":12,"Strawberry":10,"Snecko Eye":17,"Art of War":25,"Red Mask":47,"stsjorbsmod:MindGlassRelic":28,"Membership Card":37,"InkBottle":40,"Unceasing Top":42},{"Lantern":23,"Pear":3,"Dead Branch":19,"stsjorbsmod:GrimoireRelic":0,"Juzu Bracelet":13,"stsjorbsmod:AlchemistsFireRelic":13,"stsjorbsmod:MindPalaceRelic":10,"Cursed Key":16,"Ancient Tea Set":18,"Peace Pipe":12,"Anchor":6,"Mummified Hand":5,"Strawberry":5,"Snecko Eye":8,"Art of War":13,"Red Mask":23,"stsjorbsmod:MindGlassRelic":14,"Membership Card":18,"InkBottle":20,"Unceasing Top":21},{"Lantern":84,"Pear":11,"Dead Branch":72,"stsjorbsmod:GrimoireRelic":0,"Juzu Bracelet":50,"stsjorbsmod:AlchemistsFireRelic":50,"stsjorbsmod:MindPalaceRelic":42,"Cursed Key":62,"Ancient Tea Set":68,"Peace Pipe":47,"Anchor":26,"Mummified Hand":19,"Strawberry":19,"Snecko Eye":34,"Art of War":50,"Red Mask":84,"stsjorbsmod:MindGlassRelic":54,"Membership Card":68,"InkBottle":76,"Unceasing Top":78}],"InkBottle":[10],"Unceasing Top":[0]},"card_choices":[{"not_picked":["stsjorbsmod:IvoryTower","stsjorbsmod:HoldMonster"],"picked":"stsjorbsmod:Fireball","floor":0},{"not_picked":["stsjorbsmod:Will","stsjorbsmod:Message"],"picked":"stsjorbsmod:Inferno","floor":1},{"not_picked":["stsjorbsmod:RefuseToForget","stsjorbsmod:Prepare"],"picked":"stsjorbsmod:FranticSearch","floor":4},{"not_picked":["stsjorbsmod:Message","stsjorbsmod:BurningFlask"],"picked":"stsjorbsmod:Firebolt","floor":7},{"not_picked":["stsjorbsmod:FracturedMind","stsjorbsmod:Counterspell"],"picked":"stsjorbsmod:Mending","floor":8},{"not_picked":["stsjorbsmod:Prestidigitation","stsjorbsmod:Message"],"picked":"stsjorbsmod:Firebolt","floor":10},{"not_picked":["stsjorbsmod:ThirstingSword","stsjorbsmod:Counterspell","stsjorbsmod:ParryingBlow"],"picked":"SKIP","floor":13},{"not_picked":["stsjorbsmod:Materialize","stsjorbsmod:ArcaneWeapon","stsjorbsmod:Mania"],"picked":"SKIP","floor":14},{"not_picked":["stsjorbsmod:IvoryTower","stsjorbsmod:Fear"],"picked":"stsjorbsmod:Banish","floor":16},{"not_picked":["stsjorbsmod:TrueStrike","stsjorbsmod:ColorSpray"],"picked":"stsjorbsmod:RayOfFrost","floor":18},{"not_picked":["stsjorbsmod:DisguiseSelf","stsjorbsmod:ChainLightning"],"picked":"stsjorbsmod:WeightOfMemory","floor":20},{"not_picked":["stsjorbsmod:OldPocket","stsjorbsmod:MageArmor","stsjorbsmod:Will+1"],"picked":"SKIP","floor":22},{"not_picked":["stsjorbsmod:Channel","stsjorbsmod:Mindworm"],"picked":"stsjorbsmod:Rest+1","floor":23},{"not_picked":["stsjorbsmod:BlackTentacles","stsjorbsmod:Will+1","stsjorbsmod:Counterspell"],"picked":"SKIP","floor":25},{"not_picked":["stsjorbsmod:Mending","stsjorbsmod:ArcaneWeapon+1","stsjorbsmod:DisguiseSelf"],"picked":"SKIP","floor":28},{"not_picked":["stsjorbsmod:Hurt","stsjorbsmod:Index+1"],"picked":"stsjorbsmod:Channel","floor":31},{"not_picked":["stsjorbsmod:HoldMonster","stsjorbsmod:Fear"],"picked":"stsjorbsmod:SiphonEnergy","floor":33},{"not_picked":["stsjorbsmod:ParryingBlow+1","stsjorbsmod:MageArmor","stsjorbsmod:Hurt"],"picked":"SKIP","floor":35},{"not_picked":["stsjorbsmod:Rest+1","stsjorbsmod:Aid"],"picked":"stsjorbsmod:FlameWard","floor":36},{"not_picked":["stsjorbsmod:SmithingStrike","stsjorbsmod:HedgeWizard"],"picked":"stsjorbsmod:RayOfFrost+1","floor":38},{"not_picked":["stsjorbsmod:Prestidigitation+1","stsjorbsmod:ColorSpray"],"picked":"stsjorbsmod:TrueStrike+1","floor":40},{"not_picked":["stsjorbsmod:DoubleCheck","stsjorbsmod:Message"],"picked":"stsjorbsmod:IvoryTower","floor":42},{"not_picked":["stsjorbsmod:Message","stsjorbsmod:Hurt+1","stsjorbsmod:Prepare"],"picked":"SKIP","floor":44},{"not_picked":["stsjorbsmod:DoubleCheck","stsjorbsmod:ArcaneWeapon"],"picked":"stsjorbsmod:MagicMirror+1","floor":46}],"player_experience":2725322,"relics_obtained":[{"floor":7,"key":"Pear"},{"floor":10,"key":"Strawberry"},{"floor":12,"key":"Mummified Hand"},{"floor":13,"key":"Anchor"},{"floor":23,"key":"Peace Pipe"},{"floor":25,"key":"Art of War"},{"floor":26,"key":"Juzu Bracelet"},{"floor":27,"key":"stsjorbsmod:AlchemistsFireRelic"},{"floor":28,"key":"stsjorbsmod:MindGlassRelic"},{"floor":38,"key":"Dead Branch"},{"floor":40,"key":"InkBottle"},{"floor":42,"key":"Unceasing Top"},{"floor":46,"key":"Lantern"}],"event_choices":[{"damage_healed":0,"gold_gain":0,"cards_transformed":["stsjorbsmod:Strike_Wanderer"],"player_choice":"Change","damage_taken":0,"max_hp_gain":0,"max_hp_loss":0,"event_name":"Living Wall","floor":2,"gold_loss":0,"cards_obtained":["stsjorbsmod:Firebolt"]},{"damage_healed":0,"gold_gain":75,"player_choice":"Gather Gold","damage_taken":11,"max_hp_gain":0,"max_hp_loss":0,"event_name":"World of Goop","floor":3,"gold_loss":0},{"damage_healed":0,"gold_gain":0,"player_choice":"Donut","damage_taken":0,"max_hp_gain":5,"max_hp_loss":0,"event_name":"Big Fish","floor":5,"gold_loss":0},{"damage_healed":0,"gold_gain":99,"player_choice":"Stole From Cult","damage_taken":0,"max_hp_gain":0,"max_hp_loss":0,"event_name":"Nest","floor":19,"gold_loss":0},{"cards_removed":["stsjorbsmod:Defend_Wanderer"],"damage_healed":0,"gold_gain":0,"player_choice":"Purged","damage_taken":0,"max_hp_gain":0,"max_hp_loss":0,"event_name":"Purifier","floor":30,"gold_loss":0},{"damage_healed":0,"gold_gain":0,"player_choice":"Fight","damage_taken":0,"max_hp_gain":0,"max_hp_loss":0,"event_name":"Mysterious Sphere","floor":38,"gold_loss":0},{"damage_healed":0,"gold_gain":0,"player_choice":"Memory 3","damage_taken":10,"max_hp_gain":0,"max_hp_loss":0,"event_name":"SensoryStone","floor":39,"gold_loss":0},{"damage_healed":0,"gold_gain":0,"player_choice":"Paid","damage_taken":0,"relics_obtained":["Red Mask"],"max_hp_gain":0,"max_hp_loss":0,"event_name":"Tomb of Lord Red Mask","floor":47,"gold_loss":168}],"is_beta":false,"boss_relics":[{"not_picked":["Busted Crown","SacredBark"],"picked":"Snecko Eye"},{"not_picked":["Empty Cage","Pandora\u0027s Box"],"picked":"Cursed Key"}],"items_purged_floors":[21],"is_endless":false,"potions_floor_spawned":[1,10,14,18,22,23,33,36,46],"ascension_level":1}}