{"host":"o88u0awh8mkwl1l8","time":1613369198,"event":{"mods":["BaseMod","Colored Map","Highlight Path","Minty Spire (QoL Compilation)"],"gold_per_floor":[119,139,156,172,21,21,34,67,90,107,7,7,26,26,26,26,26],"floor_reached":16,"language":"JPN","playtime":909,"items_purged":["Strike_P","Strike_P"],"score":208,"play_id":"8d1778ea-c7e6-4839-8099-56a86cae8eba","local_time":"20210215150638","is_ascension_mode":true,"campfire_choices":[{"data":"BattleHymn","floor":6,"key":"SMITH"},{"floor":12,"key":"REST"},{"data":"Devotion","floor":15,"key":"SMITH"}],"circlet_count":0,"master_deck":["AscendersBane","Strike_P","Strike_P","Defend_P","Defend_P","Defend_P","Eruption","Vigilance","Establishment","Wireheading","Halt","CutThroughFate","BattleHymn+1","Devotion+1"],"relics":["PureWater","Boot","Bag of Marbles"],"acts_visited":["Exordium"],"potions_floor_usage":[4,7,8],"damage_taken":[{"damage":2.0,"enemies":"Cultist","floor":1.0,"turns":4.0},{"damage":6,"enemies":"Jaw Worm","floor":2,"turns":4},{"damage":9,"enemies":"Small Slimes","floor":3,"turns":6},{"damage":1,"enemies":"Looter","floor":4,"turns":3},{"damage":10,"enemies":"Lots of Slimes","floor":7,"turns":3},{"damage":25,"enemies":"3 Sentries","floor":8,"turns":6},{"damage":3,"enemies":"2 Fungi Beasts","floor":10,"turns":4},{"damage":15,"enemies":"Large Slime","floor":13,"turns":3},{"damage":30,"enemies":"Slime Boss","floor":16,"turns":3}],"seed_played":"2198701481536483121","potions_obtained":[{"floor":1.0,"key":"DistilledChaos"},{"floor":3,"key":"FearPotion"},{"floor":7,"key":"DistilledChaos"},{"floor":10,"key":"LiquidMemories"}],"is_trial":false,"path_per_floor":["M","M","M","M","$","R","M","E","T","M","$","R","M","?","R","B"],"character_chosen":"WATCHER","items_purchased":["BattleHymn"],"campfire_rested":1,"item_purchase_floors":[5],"current_hp_per_floor":[59,53,44,43,43,43,33,8,8,5,5,25,10,10,10,0,0],"gold":26,"neow_bonus":"ONE_RANDOM_RARE_CARD","is_daily":false,"chose_seed":false,"campfire_upgraded":2,"win_rate":0.0,"timestamp":1613369198,"path_taken":["M","M","M","M","?","R","M","E","T","?","$","R","M","?","R","BOSS"],"items_purchased_type":["Card"],"build_version":"2020-12-22","purchased_purges":2,"victory":false,"max_hp_per_floor":[68,68,68,68,68,68,68,68,68,68,68,68,68,68,68,68,68],"card_choices":[{"not_picked":["Prostrate","FlurryOfBlows"],"picked":"Wireheading","floor":1.0},{"not_picked":["EmptyBody","Establishment"],"picked":"Halt","floor":2},{"not_picked":["CrushJoints","WaveOfTheHand"],"picked":"CutThroughFate","floor":3},{"not_picked":["Weave","WaveOfTheHand","Prostrate"],"picked":"SKIP","floor":4},{"not_picked":["Study","FlurryOfBlows"],"picked":"Devotion","floor":7},{"not_picked":["Evaluate","CrushJoints","Weave"],"picked":"SKIP","floor":8},{"not_picked":["Swivel","EmptyFist","Consecrate"],"picked":"SKIP","floor":10},{"not_picked":["InnerPeace","WreathOfFlame","Halt"],"picked":"SKIP","floor":13}],"player_experience":1245797,"relics_obtained":[{"floor":8,"key":"Boot"},{"floor":9,"key":"Bag of Marbles"}],"event_choices":[{"cards_removed":["Defend_P"],"damage_healed":0,"gold_gain":0,"player_choice":"Purged","damage_taken":0,"max_hp_gain":0,"max_hp_loss":0,"event_name":"Purifier","floor":14,"gold_loss":0}],"is_beta":false,"boss_relics":[],"items_purged_floors":[5,11],"is_endless":false,"potions_floor_spawned":[1,3,7,10],"killed_by":"Slime Boss","ascension_level":20}}