{"host":"fff5e1uasnm04x18","time":1613423272,"event":{"mods":["BaseMod","Highlight Path","Minty Spire (QoL Compilation)","StSLib"],"gold_per_floor":[112,130,140,65,140,140,166,189,189,203,223,173,173,173],"floor_reached":13,"language":"ENG","playtime":461,"items_purged":["Strike_P"],"score":98,"play_id":"50a90788-e25f-485c-9bec-c25f05641769","local_time":"20210215160752","is_ascension_mode":true,"campfire_choices":[{"data":"Weave","floor":6,"key":"SMITH"}],"circlet_count":0,"master_deck":["Strike_P","Strike_P","Defend_P","Defend_P","Defend_P","Defend_P","Eruption","Vigilance","Weave+1","Weave","CutThroughFate","Nirvana"],"relics":["PureWater","Lantern","Boot","Orichalcum"],"acts_visited":["Exordium"],"potions_floor_usage":[7],"damage_taken":[{"damage":1,"enemies":"Cultist","floor":1,"turns":3},{"damage":0,"enemies":"Small Slimes","floor":2,"turns":2},{"damage":2,"enemies":"Jaw Worm","floor":3,"turns":3},{"damage":32,"enemies":"Gremlin Nob","floor":7,"turns":4},{"damage":0,"enemies":"Blue Slaver","floor":10,"turns":2},{"damage":6,"enemies":"2 Fungi Beasts","floor":11,"turns":3},{"damage":31,"enemies":"Lagavulin","floor":13,"turns":7}],"seed_played":"-2442474583310451810","potions_obtained":[{"floor":2,"key":"StancePotion"},{"floor":3,"key":"Weak Potion"},{"floor":10,"key":"EssenceOfSteel"}],"is_trial":false,"path_per_floor":["M","M","M","$","?","R","E","T","T","M","M","?","E"],"character_chosen":"WATCHER","items_purchased":[],"campfire_rested":0,"item_purchase_floors":[],"current_hp_per_floor":[78,78,76,76,65,65,33,33,33,33,27,27,0,0],"gold":173,"neow_bonus":"TEN_PERCENT_HP_BONUS","is_daily":false,"chose_seed":false,"campfire_upgraded":1,"win_rate":0.0,"timestamp":1613423272,"path_taken":["M","M","M","?","?","R","E","?","T","M","?","?","E"],"items_purchased_type":[],"build_version":"2020-12-22","purchased_purges":1,"victory":false,"max_hp_per_floor":[79,79,79,79,79,79,79,79,79,79,79,79,79,79],"card_choices":[{"not_picked":["FollowUp","PathToVictory"],"picked":"Weave","floor":1},{"not_picked":["Wallop","SignatureMove","Worship"],"picked":"SKIP","floor":2},{"not_picked":["Study","Halt","ForeignInfluence"],"picked":"SKIP","floor":3},{"not_picked":["Brilliance","WheelKick"],"picked":"Weave","floor":7},{"not_picked":["ClearTheMind","Crescendo"],"picked":"CutThroughFate","floor":10},{"not_picked":["FlyingSleeves","SashWhip"],"picked":"Nirvana","floor":11}],"player_experience":596430,"relics_obtained":[{"floor":7,"key":"Lantern"},{"floor":8,"key":"Boot"},{"floor":9,"key":"Orichalcum"}],"event_choices":[{"damage_healed":0,"gold_gain":75,"player_choice":"Gather Gold","damage_taken":11,"max_hp_gain":0,"max_hp_loss":0,"event_name":"World of Goop","floor":5,"gold_loss":0},{"cards_removed":["Strike_P"],"damage_healed":0,"gold_gain":0,"player_choice":"Card Removal","damage_taken":0,"max_hp_gain":0,"max_hp_loss":0,"event_name":"The Cleric","floor":12,"gold_loss":50}],"is_beta":false,"boss_relics":[],"items_purged_floors":[4],"is_endless":false,"potions_floor_spawned":[2,3,10],"killed_by":"Lagavulin","ascension_level":3}}