{"host":"pmmuxs046gii331m","time":1613415064,"event":{"mods":["AchievementEnabler","BaseMod","Colored Powertips","Downfall","Gold Saver","Infinite Spire","Minty Spire (QoL Compilation)","Permanent Neow","Quick Restart","StSLib"],"gold_per_floor":[4740,4740,4755,4774,4787,4787,4787,4798,4822,4475,4503,4516,4422,4436,4436,4540,4540,4558,4658,4658,4677,4692,4720,4738,4446,4446,4459,4459,4486,4498,4517,4517,4620,4620,4635,4650,4350,4368,4368,4368,4418,4418,4418,4430,4303,4334,4334,4344,4344,4344,4344],"floor_reached":50,"language":"ENG","playtime":6154,"items_purged":["Strike_P","Defend_P","Strike_P","Strike_P","Defend_P","Defend_P"],"score":568,"play_id":"7404033b-056c-46a6-b130-df980158636b","local_time":"20210215135104","is_ascension_mode":false,"campfire_choices":[{"data":"Vigilance","floor":6,"key":"SMITH"},{"data":"Nirvana","floor":15,"key":"SMITH"},{"data":"Prostrate","floor":32,"key":"SMITH"},{"floor":40,"key":"REST"},{"data":"TalkToTheHand","floor":42,"key":"SMITH"},{"floor":49,"key":"REST"}],"circlet_count":0,"master_deck":["Defend_P","Eruption+1","Vigilance+1","PathToVictory","CutThroughFate","CrushJoints","Nirvana+1","ThirdEye","FollowUp","BowlingBash+1","Prostrate+1","Wireheading+1","PathToVictory","FlurryOfBlows+1","LessonLearned","SashWhip+1","Indignation+1","LikeWater","TalkToTheHand+1","BattleHymn+1","ReachHeaven+1","PathToVictory+1","DevaForm+1","PathToVictory","Consecrate+1"],"relics":["PureWater","MealTicket","Ancient Tea Set","Membership Card","Pear","Centennial Puzzle","bronze:MakeshiftBattery","HolyWater","Pantograph","Smiling Mask","Frozen Egg 2","PreservedInsect","Molten Egg 2","Toy Ornithopter","infinitespire:Lucky Rock","Black Star","Kunai","Bottled Lightning","Blue Candle","Lizard Tail","Juzu Bracelet","Bag of Marbles","Sundial"],"acts_visited":["Exordium","TheCity","TheBeyond"],"potions_floor_usage":[11,12,16,29,29,30,31,33,46,46,50],"damage_taken":[{"damage":0,"enemies":"Cultist","floor":1,"turns":2},{"damage":1,"enemies":"Jaw Worm","floor":3,"turns":3},{"damage":0,"enemies":"Small Slimes","floor":4,"turns":2},{"damage":7,"enemies":"Gremlin Gang","floor":5,"turns":5},{"damage":0,"enemies":"Looter","floor":8,"turns":2},{"damage":10,"enemies":"Lagavulin","floor":11,"turns":4},{"damage":0,"enemies":"Blue Slaver","floor":12,"turns":2},{"damage":0,"enemies":"Exordium Wildlife","floor":14,"turns":2},{"damage":13,"enemies":"The Guardian","floor":16,"turns":9},{"damage":10,"enemies":"Spheric Guardian","floor":18,"turns":3},{"damage":0,"enemies":"Chosen","floor":21,"turns":3},{"damage":7,"enemies":"Centurion and Healer","floor":22,"turns":5},{"damage":6,"enemies":"Book of Stabbing","floor":23,"turns":5},{"damage":6,"enemies":"3 Cultists","floor":24,"turns":6},{"damage":1,"enemies":"Cultist and Chosen","floor":27,"turns":4},{"damage":0,"enemies":"Nightmare","floor":29,"turns":5},{"damage":16,"enemies":"Centurion and Healer","floor":30,"turns":4},{"damage":5,"enemies":"Chosen and Byrds","floor":31,"turns":3},{"damage":66,"enemies":"Automaton","floor":33,"turns":8},{"damage":27,"enemies":"3 Shapes","floor":35,"turns":4},{"damage":10,"enemies":"Orb Walker","floor":36,"turns":4},{"damage":30,"enemies":"Sphere and 2 Shapes","floor":38,"turns":6},{"damage":18,"enemies":"Mind Bloom Boss Battle","floor":41,"turns":5},{"damage":3,"enemies":"Maw","floor":44,"turns":6},{"damage":111,"enemies":"Nightmare","floor":46,"turns":6},{"damage":0,"enemies":"Spire Growth","floor":48,"turns":2},{"damage":100,"enemies":"Awakened One","floor":50,"turns":10}],"seed_played":"-7628101244720084507","potions_obtained":[{"floor":5,"key":"Energy Potion"},{"floor":8,"key":"champ:CounterPotion"},{"floor":14,"key":"GamblersBrew"},{"floor":16,"key":"Block Potion"},{"floor":18,"key":"ColorlessPotion"},{"floor":21,"key":"Regen Potion"},{"floor":29,"key":"Slimebound:ThreeZeroPotion"},{"floor":31,"key":"bronze:BurnAndBuffPotion"},{"floor":36,"key":"CultistPotion"},{"floor":44,"key":"SteroidPotion"},{"floor":48,"key":"Weak Potion"}],"is_trial":false,"path_per_floor":["M","?","M","M","M","R","?","M","T","$","E","M","$","M","R","B",null,"M","?","AVR","M","M","E","M","$","T","M","?","NM","M","M","R","B",null,"M","M","$","M","?","R","?","R","T","M","$","NM","?","M","R","B"],"character_chosen":"WATCHER","items_purchased":["Membership Card","Pear","FollowUp","BowlingBash","Wireheading","PathToVictory","Frozen Egg 2","PreservedInsect","BattleHymn+1","Kunai","Bottled Lightning","Juzu Bracelet"],"campfire_rested":2,"item_purchase_floors":[10,10,10,10,13,13,25,25,25,37,37,45],"current_hp_per_floor":[72,72,71,71,64,64,57,57,57,82,72,72,82,82,82,69,82,72,72,72,72,65,59,53,68,68,67,67,82,66,66,66,16,82,55,45,60,30,25,49,56,56,56,53,68,29,29,29,53,0,0],"gold":4344,"neow_bonus":"UPGRADE_CARD","is_daily":false,"chose_seed":false,"campfire_upgraded":4,"win_rate":0.0,"timestamp":1613415064,"path_taken":["M","?","M","M","M","R","?","M","T","$","E","M","$","M","R","BOSS","M","?","AVR","?","M","E","M","$","T","M","?","NM","M","M","R","BOSS","M","M","$","M","?","R","?","R","T","M","?","NM","?","M","R","BOSS"],"items_purchased_type":["Relic","Relic","Card","Card","Card","Card","Relic","Relic","Card","Relic","Relic","Relic"],"build_version":"2020-12-22","purchased_purges":6,"victory":false,"max_hp_per_floor":[72,72,72,72,72,72,72,72,72,82,82,82,82,82,82,82,82,82,82,82,82,82,82,82,82,82,82,82,82,82,82,82,82,82,82,82,82,82,82,82,82,82,82,82,82,82,82,82,82,82,82],"card_choices":[{"not_picked":["MentalFortress","FlyingSleeves"],"picked":"PathToVictory","floor":1},{"not_picked":["Brilliance","WheelKick"],"picked":"CutThroughFate","floor":3},{"not_picked":["JustLucky","SandsOfTime"],"picked":"CrushJoints","floor":4},{"not_picked":["Study","JustLucky"],"picked":"Nirvana","floor":5},{"not_picked":["CrushJoints","FollowUp"],"picked":"ThirdEye","floor":8},{"not_picked":["Crescendo","WheelKick","CrushJoints"],"picked":"SKIP","floor":11},{"not_picked":["EmptyFist","CutThroughFate"],"picked":"Prostrate","floor":12},{"not_picked":["Blasphemy","PathToVictory"],"picked":"FlurryOfBlows","floor":14},{"not_picked":["Omniscience","Wish"],"picked":"LessonLearned","floor":16},{"not_picked":["Crescendo","FollowUp","CrushJoints+1"],"picked":"SKIP","floor":18},{"not_picked":["Evaluate","Conclude"],"picked":"SashWhip+1","floor":21},{"not_picked":["SignatureMove+1","Adaptation"],"picked":"Indignation+1","floor":22},{"not_picked":["SandsOfTime","JustLucky"],"picked":"LikeWater","floor":23},{"not_picked":["LikeWater+1","Halt"],"picked":"TalkToTheHand","floor":24},{"not_picked":["PathToVictory","JustLucky+1","ThirdEye+1"],"picked":"SKIP","floor":27},{"not_picked":["Scrawl","CutThroughFate+1"],"picked":"ReachHeaven+1","floor":29},{"not_picked":["Tantrum+1","Crescendo","CrushJoints+1"],"picked":"SKIP","floor":30},{"not_picked":["Halt","Evaluate"],"picked":"PathToVictory+1","floor":31},{"not_picked":["Omniscience","Blasphemy"],"picked":"DevaForm+1","floor":33},{"not_picked":["Weave+1","FlurryOfBlows+1"],"picked":"PathToVictory","floor":35},{"not_picked":["SignatureMove+1","FlurryOfBlows+1","Wish"],"picked":"SKIP","floor":36},{"not_picked":["BowlingBash+1","Adaptation+1"],"picked":"Consecrate+1","floor":38},{"not_picked":["Protect+1","SashWhip+1","Crescendo+1"],"picked":"SKIP","floor":44},{"not_picked":["Swivel","Study+1","SashWhip+1"],"picked":"SKIP","floor":46},{"not_picked":["EmptyFist+1","Evaluate","FollowUp+1"],"picked":"SKIP","floor":48}],"player_experience":522667,"relics_obtained":[{"floor":2,"key":"MealTicket"},{"floor":9,"key":"Ancient Tea Set"},{"floor":11,"key":"Centennial Puzzle"},{"floor":23,"key":"Smiling Mask"},{"floor":26,"key":"Molten Egg 2"},{"floor":29,"key":"infinitespire:Lucky Rock"},{"floor":41,"key":"Lizard Tail"},{"floor":46,"key":"Bag of Marbles"},{"floor":46,"key":"Sundial"}],"event_choices":[{"cards_removed":["Strike_P"],"damage_healed":0,"gold_gain":0,"player_choice":"Card Removal","damage_taken":7,"max_hp_gain":0,"max_hp_loss":0,"event_name":"Golden Wing","floor":7,"gold_loss":0},{"damage_healed":0,"gold_gain":100,"player_choice":"Pray","damage_taken":0,"max_hp_gain":0,"max_hp_loss":0,"event_name":"Golden Shrine","floor":19,"gold_loss":0},{"damage_healed":0,"gold_gain":0,"player_choice":"Opened","damage_taken":0,"relics_obtained":["Toy Ornithopter"],"max_hp_gain":0,"max_hp_loss":0,"event_name":"The Mausoleum","floor":28,"gold_loss":0},{"damage_healed":0,"gold_gain":0,"player_choice":"Fight","damage_taken":0,"max_hp_gain":0,"max_hp_loss":0,"event_name":"MindBloom","floor":41,"gold_loss":0}],"is_beta":false,"boss_relics":[{"not_picked":["Velvet Choker","Tiny House"],"picked":"bronze:MakeshiftBattery"},{"not_picked":["Snecko Eye","Coffee Dripper"],"picked":"Black Star"}],"items_purged_floors":[10,13,20,25,37,45],"is_endless":true,"potions_floor_spawned":[5,8,14,16,18,21,22,29,31,36,44,48],"killed_by":"Awakened One","ascension_level":0}}