{"host":"2d926qfvvz477zl6","time":1613353202,"event":{"mods":["Aspiration","BaseMod","Bossed Relics","Challenge The Spire","Conspire","Downfall","Energized Spire","GungeonMod","Halation","Hermit","Hubris","Infinite Spire","Marked Mod","Minty Spire (QoL Compilation)","Morshu Shopkeeper","Rare Cards Sparkle","Reliquary","Replay The Spire","Retaliation","Shedinja","Somnambulant","Spicy Shops","StSLib","Td1madao Mod","The Blue Laboratory","The Bug Knight","The Disciple","The Hierophant","The IronCluck","The Senshi","Wandering Minibosses","Wide Potions","everything is the same but u backflip on backflip","slay the spire mod where everything is the same but ironclad has a cowboy hat"],"gold_per_floor":[15,90,9,9,27,27,27,27,52,95,118,134,134],"floor_reached":12,"language":"ENG","playtime":209,"items_purged":[],"score":125,"play_id":"9d343902-4c03-45d2-a092-112a58d34acc","local_time":"20210214204002","is_ascension_mode":true,"campfire_choices":[{"data":"1","floor":6,"key":"LIFT"},{"data":"2","floor":8,"key":"LIFT"}],"circlet_count":0,"master_deck":["AscendersBane","Strike_R","Strike_R","Strike_R","Strike_R","Defend_R","Defend_R","Defend_R","Defend_R","Bash","Uppercut","Burn","ReplayTheSpireMod:LeadingStrike","ReplayTheSpireMod:LeadingStrike","Rage"],"relics":["Burning Blood","Turnip","Girya","FaceOfCleric","Replay:Bandana","Another Sword"],"acts_visited":["Exordium"],"potions_floor_usage":[],"damage_taken":[{"damage":12.0,"enemies":"2 Louse","floor":1.0,"turns":3.0},{"damage":17,"enemies":"Jaw Worm","floor":5,"turns":5},{"damage":54,"enemies":"Gremlin Nob","floor":10,"turns":5},{"damage":0,"enemies":"Cultist","floor":11,"turns":2},{"damage":25,"enemies":"Lagavulin","floor":12,"turns":3}],"seed_played":"-2480459878096609572","potions_obtained":[{"floor":1.0,"key":"blueLaboratory:LouseDecoction"},{"floor":11,"key":"blueLaboratory:SmithPotion"}],"is_trial":false,"path_per_floor":["M","?","$","?","M","R","?","R","T","E","M","E"],"character_chosen":"IRONCLAD","items_purchased":["Girya"],"campfire_rested":0,"item_purchase_floors":[3],"current_hp_per_floor":[66,66,66,66,55,55,55,55,55,8,15,0,0],"gold":134,"neow_bonus":"ONE_RARE_RELIC","is_daily":false,"chose_seed":false,"campfire_upgraded":0,"win_rate":0.0,"timestamp":1613353202,"path_taken":["M","?","$","?","M","R","?","R","T","E","?","E"],"items_purchased_type":["Relic"],"build_version":"2020-12-22","purchased_purges":0,"victory":false,"max_hp_per_floor":[80,80,80,80,80,80,80,80,80,81,82,82,82],"card_choices":[{"not_picked":["DDmod:CallousedSkill","Armaments"],"picked":"Uppercut","floor":1.0},{"not_picked":["Body Slam","Dark Embrace"],"picked":"ReplayTheSpireMod:LeadingStrike","floor":5},{"not_picked":["ReplayTheSpireMod:Corrosion Curse","DDmod:SpikeInjectionSkill"],"picked":"ReplayTheSpireMod:LeadingStrike","floor":10},{"not_picked":["DDmod:CallousedSkill","Iron Wave"],"picked":"Rage","floor":11}],"player_experience":425441,"relics_obtained":[{"floor":9,"key":"Replay:Bandana"},{"floor":10,"key":"Another Sword"}],"event_choices":[{"damage_healed":0,"gold_gain":0,"player_choice":"Trade","damage_taken":0,"relics_obtained":["FaceOfCleric"],"max_hp_gain":0,"max_hp_loss":0,"event_name":"FaceTrader","floor":7,"gold_loss":0}],"is_beta":false,"boss_relics":[],"items_purged_floors":[],"is_endless":false,"potions_floor_spawned":[1,11],"killed_by":"Lagavulin","ascension_level":13}}