{"host":"bp3tm7tvk8nf4kb2","time":1613357617,"event":{"mods":["2.2 Compatiblity","AchievementEnabler","BaseMod","Bestiary","Better Match","Better Third Choice","BetterRewards","Colored Map","Colored Powertips","Curses Come First","DeckTracker","Downfall","Friendly Minions","Googly Eyes","Halation","Highlight Path","Lobotomy","LobotomyExtend","Marisa????????","Minty Spire (QoL Compilation)","Morshu Shopkeeper - ENHANCED","Permanent Neow","Quick Restart","Rare Cards Sparkle","Reorder Act Four","Replay The Spire","Shop Mod","Spicy Shops","StSLib","The Marked","TheBandit","TheSwordswoman","Waifu the Spire","Wide Potions","everything is the same but u backflip on backflip"],"gold_per_floor":[109,109,124,124,145,145,145],"floor_reached":6,"language":"ENG","playtime":358,"items_purged":[],"score":36,"play_id":"b408f831-e237-4745-ae3c-a00b97307a2e","local_time":"20210214185337","is_ascension_mode":false,"campfire_choices":[],"circlet_count":0,"master_deck":["Strike_P","Strike_P","Strike_P","Strike_P","Defend_P","Defend_P","Defend_P","Defend_P","Eruption","Vigilance","WallGazer","PathToVictory","FairyFestival","FlurryOfBlows","ShyLook","FollowUp"],"relics":["PureWater","CogitoBucket","LetterFromLob","Golden Idol"],"acts_visited":["Exordium"],"potions_floor_usage":[6],"damage_taken":[{"damage":2,"enemies":"2 Louse","floor":1,"turns":4},{"damage":5,"enemies":"Small Slimes","floor":3,"turns":4},{"damage":2,"enemies":"Cultist","floor":5,"turns":2},{"damage":45,"enemies":"3 Sentries","floor":6,"turns":4}],"seed_played":"-7640046269702385673","potions_obtained":[{"floor":1,"key":"SkillPotion"},{"floor":3,"key":"sneckomod:MuddlingPotion"}],"is_trial":false,"path_per_floor":["M","?","M","?","M","E"],"character_chosen":"WATCHER","items_purchased":[],"campfire_rested":0,"item_purchase_floors":[],"current_hp_per_floor":[70,52,47,40,38,0,0],"gold":145,"neow_bonus":"","is_daily":false,"chose_seed":false,"campfire_upgraded":0,"win_rate":0.0,"timestamp":1613357617,"path_taken":["M","?","M","?","?","E"],"items_purchased_type":[],"build_version":"2020-12-22","purchased_purges":0,"victory":false,"max_hp_per_floor":[72,72,72,72,72,72,72],"card_choices":[{"not_picked":["BlackSwan","VoidDream"],"picked":"WallGazer","floor":1},{"not_picked":["Consecrate","EmptyFist"],"picked":"PathToVictory","floor":1},{"not_picked":["SpiderBud","OSAHOGD"],"picked":"FairyFestival","floor":3},{"not_picked":["Worship","ThirdEye"],"picked":"FlurryOfBlows","floor":3},{"not_picked":["GalaxyChild","Bloodbath"],"picked":"ShyLook","floor":5},{"not_picked":["Wallop","EmptyFist"],"picked":"FollowUp","floor":5}],"player_experience":66964,"relics_obtained":[{"floor":1,"key":"LetterFromLob"}],"event_choices":[{"damage_healed":0,"gold_gain":0,"player_choice":"Take Damage","damage_taken":18,"relics_obtained":["Golden Idol"],"max_hp_gain":0,"max_hp_loss":0,"event_name":"Golden Idol","floor":2,"gold_loss":0},{"damage_healed":0,"gold_gain":0,"player_choice":"Damaged","damage_taken":7,"max_hp_gain":0,"max_hp_loss":0,"event_name":"Wheel of Change","floor":4,"gold_loss":0}],"is_beta":false,"boss_relics":[],"items_purged_floors":[],"is_endless":false,"potions_floor_spawned":[1,3],"killed_by":"3 Sentries","ascension_level":0}}