{"host":"jngeqill3bw7azzz","time":1613414767,"event":{"mods":["BaseMod","Highlight Path","Minty Spire (QoL Compilation)","Permanent Neow","Relic Stats"],"gold_per_floor":[111,36,56,68,79,105,105,163,163,197,260,291,311,360,360,467,467,517,595,690,187,187,217,217],"floor_reached":23,"language":"ENG","playtime":2046,"items_purged":["Defend_P","Strike_P"],"score":488,"play_id":"03ef2932-728b-419e-983a-174a2e82f75e","local_time":"20210215134607","is_ascension_mode":true,"campfire_choices":[{"data":"Wish","floor":7,"key":"SMITH"},{"data":"Ragnarok","floor":15,"key":"SMITH"}],"circlet_count":0,"master_deck":["AscendersBane","Strike_P","Strike_P","Strike_P","Defend_P","Defend_P","Defend_P","Eruption","Vigilance","EmptyFist","Wish+1","ThirdEye","LikeWater","Ragnarok+1","CutThroughFate","Omniscience","FearNoEvil","SandsOfTime+1","Vault","SandsOfTime","Fasting2","Eruption"],"relics":["Snecko Eye","White Beast Statue","Ancient Tea Set","Letter Opener","Mummified Hand","Oddly Smooth Stone","Lantern","Odd Mushroom","Runic Dome","Red Mask","Sling"],"acts_visited":["Exordium","TheCity"],"potions_floor_usage":[8,10,11,12,13,16,16,19,20],"damage_taken":[{"damage":0,"enemies":"Jaw Worm","floor":1,"turns":3},{"damage":7,"enemies":"2 Louse","floor":3,"turns":4},{"damage":3,"enemies":"Cultist","floor":4,"turns":4},{"damage":3,"enemies":"Exordium Thugs","floor":5,"turns":5},{"damage":8,"enemies":"Gremlin Nob","floor":6,"turns":3},{"damage":17,"enemies":"Lagavulin","floor":8,"turns":7},{"damage":8,"enemies":"Gremlin Nob","floor":10,"turns":3},{"damage":8,"enemies":"3 Sentries","floor":11,"turns":4},{"damage":0,"enemies":"3 Sentries","floor":12,"turns":13},{"damage":10,"enemies":"The Mushroom Lair","floor":13,"turns":3},{"damage":0,"enemies":"Large Slime","floor":14,"turns":3},{"damage":7,"enemies":"Slime Boss","floor":16,"turns":6},{"damage":0,"enemies":"Shell Parasite","floor":18,"turns":3},{"damage":0,"enemies":"3 Byrds","floor":19,"turns":2},{"damage":25,"enemies":"Masked Bandits","floor":20,"turns":5},{"damage":27,"enemies":"Gremlin Leader","floor":23,"turns":2}],"seed_played":"7086646252765205336","potions_obtained":[{"floor":3,"key":"BottledMiracle"},{"floor":5,"key":"PowerPotion"},{"floor":6,"key":"Explosive Potion"},{"floor":8,"key":"Strength Potion"},{"floor":10,"key":"PowerPotion"},{"floor":11,"key":"Regen Potion"},{"floor":12,"key":"GamblersBrew"},{"floor":13,"key":"Block Potion"},{"floor":16,"key":"Weak Potion"},{"floor":18,"key":"LiquidMemories"},{"floor":19,"key":"PowerPotion"},{"floor":20,"key":"EssenceOfSteel"}],"is_trial":false,"path_per_floor":["M","$","M","M","M","E","R","E","T","E","?","E","?","M","R","B",null,"M","M","?","$","?","E"],"character_chosen":"WATCHER","items_purchased":["Vault","SandsOfTime","Sling","Fasting2"],"campfire_rested":0,"item_purchase_floors":[21,21,21,21],"current_hp_per_floor":[61,61,54,51,48,40,40,23,23,15,7,22,12,12,12,5,52,52,52,27,27,27,0,0],"gold":217,"neow_bonus":"BOSS_RELIC","is_daily":false,"chose_seed":false,"campfire_upgraded":2,"win_rate":0.0,"timestamp":1613414767,"path_taken":["M","$","M","M","M","E","R","E","T","E","?","E","?","M","R","BOSS","M","M","?","$","?","E"],"items_purchased_type":["Card","Card","Relic","Card"],"build_version":"2020-12-22","purchased_purges":2,"victory":false,"max_hp_per_floor":[68,68,68,68,68,68,68,68,68,68,68,68,68,68,68,68,68,68,68,68,68,68,68,68],"relic_stats":{"counters":[16,70],"Mummified Hand":[16],"Snecko Eye":[106,106,119,116],"Letter Opener":[60],"obtain_stats":[{"Runic Dome":17,"Lantern":12,"Mummified Hand":10,"Snecko Eye":0,"Oddly Smooth Stone":11,"Red Mask":20,"Letter Opener":9,"PureWater":0,"Odd Mushroom":13,"Ancient Tea Set":8,"Sling":21,"White Beast Statue":6},{"Runic Dome":12,"Lantern":9,"Mummified Hand":7,"Snecko Eye":0,"Oddly Smooth Stone":8,"Red Mask":15,"Letter Opener":6,"PureWater":0,"Odd Mushroom":10,"Ancient Tea Set":6,"Sling":15,"White Beast Statue":5},{"Runic Dome":58,"Lantern":46,"Mummified Hand":29,"Snecko Eye":0,"Oddly Smooth Stone":33,"Red Mask":68,"Letter Opener":26,"PureWater":0,"Odd Mushroom":49,"Ancient Tea Set":26,"Sling":68,"White Beast Statue":19}]},"card_choices":[{"not_picked":["Halt","PathToVictory","Sanctity"],"picked":"SKIP","floor":1},{"not_picked":["Nirvana","Conclude","Perseverance"],"picked":"SKIP","floor":3},{"not_picked":["ForeignInfluence","EmptyMind","Crescendo"],"picked":"SKIP","floor":4},{"not_picked":["LikeWater","PathToVictory"],"picked":"EmptyFist","floor":5},{"not_picked":["JustLucky","BowlingBash"],"picked":"Wish","floor":6},{"not_picked":["Consecrate","CrushJoints"],"picked":"ThirdEye","floor":8},{"not_picked":["FollowUp","WreathOfFlame","FearNoEvil"],"picked":"SKIP","floor":10},{"not_picked":["FlurryOfBlows","FlyingSleeves"],"picked":"LikeWater","floor":11},{"not_picked":["SashWhip","Halt"],"picked":"Ragnarok","floor":12},{"not_picked":["PathToVictory","EmptyBody"],"picked":"CutThroughFate","floor":13},{"not_picked":["Sanctity","Prostrate","FollowUp"],"picked":"SKIP","floor":14},{"not_picked":["Establishment","Alpha"],"picked":"Omniscience","floor":16},{"not_picked":["SashWhip","Crescendo"],"picked":"FearNoEvil","floor":18},{"not_picked":["Protect","Meditate"],"picked":"SandsOfTime+1","floor":19}],"player_experience":2646976,"relics_obtained":[{"floor":6,"key":"White Beast Statue"},{"floor":8,"key":"Ancient Tea Set"},{"floor":9,"key":"Letter Opener"},{"floor":10,"key":"Mummified Hand"},{"floor":11,"key":"Oddly Smooth Stone"},{"floor":12,"key":"Lantern"},{"floor":13,"key":"Odd Mushroom"},{"floor":20,"key":"Red Mask"}],"event_choices":[{"damage_healed":0,"gold_gain":30,"player_choice":"Searched \u00273\u0027 times","damage_taken":0,"max_hp_gain":0,"max_hp_loss":0,"event_name":"Dead Adventurer","floor":11,"gold_loss":0},{"damage_healed":0,"gold_gain":0,"player_choice":"Fought Mushrooms","damage_taken":0,"max_hp_gain":0,"max_hp_loss":0,"event_name":"Mushrooms","floor":13,"gold_loss":0},{"damage_healed":0,"gold_gain":0,"player_choice":"Fought Bandits","damage_taken":0,"max_hp_gain":0,"max_hp_loss":0,"event_name":"Masked Bandits","floor":20,"gold_loss":0},{"damage_healed":0,"gold_gain":0,"player_choice":"1 cards matched","damage_taken":0,"max_hp_gain":0,"max_hp_loss":0,"event_name":"Match and Keep!","floor":22,"gold_loss":0,"cards_obtained":["Eruption"]}],"is_beta":false,"boss_relics":[{"not_picked":["Calling Bell","Tiny House"],"picked":"Runic Dome"}],"items_purged_floors":[2,21],"is_endless":false,"potions_floor_spawned":[3,5,6,8,10,11,12,13,14,16,18,19,20],"killed_by":"Gremlin Leader","ascension_level":20}}