{"host":"d0btaf6p0msba79e","time":1613395376,"event":{"mods":["BaseMod","BetterRewards","Minty Spire (QoL Compilation)"],"gold_per_floor":[168,118,118,133,133,159,159,187,213,251,251,426,454,454,454,552,552,534,71,95,95,105,105,105],"floor_reached":23,"language":"ENG","playtime":1332,"items_purged":["Doubt"],"score":251,"play_id":"dd5721f3-5b0e-45d5-b6d1-c3ef9d2e8471","local_time":"20210216002256","is_ascension_mode":true,"campfire_choices":[{"data":"WindmillStrike","floor":7,"key":"SMITH"},{"floor":11,"key":"REST"},{"floor":15,"key":"REST"}],"circlet_count":0,"master_deck":["Strike_P","Strike_P","Strike_P","Defend_P","Defend_P","Defend_P","Defend_P","Eruption+1","Vigilance+1","WindmillStrike+1","Halt","Wish","Prostrate","Sanctity","Alpha","CutThroughFate+1","Establishment","Swift Strike+1","Writhe"],"relics":["Tiny House","Anchor","Orichalcum","Tiny Chest","Molten Egg 2","The Courier","Black Star","ClockworkSouvenir","Ancient Tea Set","Singing Bowl"],"acts_visited":["Exordium","TheCity"],"potions_floor_usage":[6,8,13,16,23,23],"damage_taken":[{"damage":0,"enemies":"Small Slimes","floor":1,"turns":2},{"damage":0,"enemies":"2 Louse","floor":4,"turns":3},{"damage":22,"enemies":"Lagavulin","floor":6,"turns":6},{"damage":31,"enemies":"3 Sentries","floor":8,"turns":11},{"damage":4,"enemies":"Jaw Worm","floor":10,"turns":4},{"damage":7,"enemies":"Lagavulin","floor":13,"turns":7},{"damage":43,"enemies":"Slime Boss","floor":16,"turns":12},{"damage":19,"enemies":"2 Thieves","floor":18,"turns":5},{"damage":67,"enemies":"3 Byrds","floor":22,"turns":8},{"damage":28,"enemies":"Book of Stabbing","floor":23,"turns":5}],"seed_played":"3414677295795829148","potions_obtained":[{"floor":0,"key":"StancePotion"},{"floor":1,"key":"Dexterity Potion"},{"floor":10,"key":"Strength Potion"},{"floor":13,"key":"SteroidPotion"},{"floor":18,"key":"Dexterity Potion"},{"floor":22,"key":"Fruit Juice"}],"is_trial":false,"path_per_floor":["M","?","?","M","?","E","R","E","T","M","R","?","E","?","R","B",null,"M","$","T","?","M","E"],"character_chosen":"WATCHER","items_purchased":["ClockworkSouvenir","Establishment","Swift Strike+1","FairyPotion"],"campfire_rested":2,"item_purchase_floors":[19,19,19,19],"current_hp_per_floor":[77,77,82,82,82,60,60,29,29,25,49,49,42,30,54,11,82,63,63,63,63,26,3,3],"gold":105,"neow_bonus":"BOSS_RELIC","is_daily":false,"chose_seed":false,"campfire_upgraded":1,"win_rate":0.0,"timestamp":1613395376,"path_taken":["M","?","?","M","?","E","R","E","T","?","R","?","E","?","R","BOSS","M","$","?","?","M","E"],"items_purchased_type":["Relic","Card","Card","Potion"],"build_version":"2020-12-22","purchased_purges":1,"victory":false,"max_hp_per_floor":[77,77,82,82,82,82,82,82,82,82,82,82,82,82,82,82,82,82,82,82,82,84,89,89],"card_choices":[{"not_picked":["Meditate","Wireheading"],"picked":"WindmillStrike","floor":0},{"not_picked":["CrushJoints","SashWhip"],"picked":"Halt","floor":1},{"not_picked":["SignatureMove","Weave","CrushJoints"],"picked":"SKIP","floor":4},{"not_picked":["Adaptation","Indignation","EmptyBody"],"picked":"SKIP","floor":6},{"not_picked":["Crescendo","Collect"],"picked":"Wish","floor":8},{"not_picked":["FlyingSleeves","Collect"],"picked":"Prostrate","floor":10},{"not_picked":["JustLucky+1","EmptyFist+1"],"picked":"Sanctity","floor":13},{"not_picked":["LessonLearned+1","Omniscience"],"picked":"Alpha","floor":16},{"not_picked":["Indignation+1","BowlingBash+1"],"picked":"CutThroughFate+1","floor":18},{"not_picked":["EmptyMind","JustLucky+1","Conclude+1"],"picked":"Singing Bowl","floor":22}],"player_experience":1016906,"relics_obtained":[{"floor":6,"key":"Anchor"},{"floor":8,"key":"Orichalcum"},{"floor":9,"key":"Tiny Chest"},{"floor":13,"key":"Molten Egg 2"},{"floor":20,"key":"Ancient Tea Set"}],"event_choices":[{"cards_removed":["Strike_P"],"damage_healed":0,"gold_gain":0,"player_choice":"Card Removal","damage_taken":0,"max_hp_gain":0,"max_hp_loss":0,"event_name":"The Cleric","floor":2,"gold_loss":50},{"damage_healed":0,"gold_gain":0,"player_choice":"Donut","damage_taken":0,"max_hp_gain":5,"max_hp_loss":0,"event_name":"Big Fish","floor":3,"gold_loss":0},{"damage_healed":0,"gold_gain":0,"player_choice":"Grow","damage_taken":0,"max_hp_gain":0,"max_hp_loss":0,"event_name":"Living Wall","floor":5,"gold_loss":0,"cards_upgraded":["Eruption"]},{"damage_healed":0,"gold_gain":175,"player_choice":"AGREE","damage_taken":0,"max_hp_gain":0,"max_hp_loss":0,"event_name":"Liars Game","floor":12,"gold_loss":0,"cards_obtained":["Doubt"]},{"damage_healed":0,"gold_gain":0,"player_choice":"Success","damage_taken":12,"relics_obtained":["The Courier"],"max_hp_gain":0,"max_hp_loss":0,"event_name":"Scrap Ooze","floor":14,"gold_loss":0},{"damage_healed":0,"gold_gain":0,"player_choice":"Opened","damage_taken":0,"relics_obtained":["Singing Bowl"],"max_hp_gain":0,"max_hp_loss":0,"event_name":"The Mausoleum","floor":21,"gold_loss":0,"cards_obtained":["Writhe"]}],"is_beta":false,"boss_relics":[{"not_picked":["Velvet Choker","Ectoplasm"],"picked":"Black Star"}],"items_purged_floors":[19],"is_endless":false,"potions_floor_spawned":[1,10,13,18,22],"killed_by":"Book of Stabbing","ascension_level":2}}