{"host":"wf1r1zhguvoo22rf","time":1613349423,"event":{"mods":["BaseMod","Colored Powertips","Minty Spire (QoL Compilation)","StSLib"],"gold_per_floor":[113,65,65,30,4,34,45,45,70,245,276,276,287,131,131,228,228,243,253,253,264,274,274,309,309,334,334,24,50,50,50,50],"floor_reached":31,"language":"ENG","playtime":2072,"items_purged":[],"score":304,"play_id":"0a094d3b-0684-458d-82fc-a77e7e45911b","local_time":"20210215023703","is_ascension_mode":false,"campfire_choices":[{"floor":12,"key":"REST"},{"data":"WindmillStrike","floor":15,"key":"SMITH"},{"floor":23,"key":"REST"},{"floor":25,"key":"REST"}],"circlet_count":0,"master_deck":["Strike_P","Strike_P","Strike_P","Strike_P","Defend_P","Defend_P+1","Defend_P","Defend_P+1","Eruption","Vigilance","FearNoEvil","Consecrate","SashWhip","PathToVictory","ReachHeaven","ClearTheMind","Collect","WindmillStrike+1","Consecrate","ReachHeaven","FlyingSleeves","Judgement","PathToVictory+1","LikeWater","BattleHymn","DevaForm","BowlingBash"],"relics":["PureWater","NeowsBlessing","Girya","WingedGreaves","Lantern","Regal Pillow","Orrery","Runic Pyramid","Bronze Scales","Blood Vial","Matryoshka","Calipers"],"acts_visited":["Exordium","TheCity"],"potions_floor_usage":[11,16,16,21,24,29,29,31],"damage_taken":[{"damage":0,"enemies":"Jaw Worm","floor":1,"turns":1},{"damage":0,"enemies":"3 Sentries","floor":6,"turns":1},{"damage":0,"enemies":"Small Slimes","floor":7,"turns":1},{"damage":20,"enemies":"Lagavulin","floor":11,"turns":5},{"damage":5,"enemies":"2 Louse","floor":13,"turns":3},{"damage":44,"enemies":"Hexaghost","floor":16,"turns":8},{"damage":10,"enemies":"3 Byrds","floor":18,"turns":3},{"damage":38,"enemies":"Shell Parasite","floor":19,"turns":3},{"damage":14,"enemies":"Chosen and Byrds","floor":21,"turns":5},{"damage":12,"enemies":"Sentry and Sphere","floor":22,"turns":4},{"damage":38,"enemies":"Slavers","floor":24,"turns":5},{"damage":31,"enemies":"Book of Stabbing","floor":29,"turns":5},{"damage":16,"enemies":"Centurion and Healer","floor":31,"turns":1}],"seed_played":"599846580776097627","potions_obtained":[{"floor":6,"key":"SneckoOil"},{"floor":7,"key":"Regen Potion"},{"floor":11,"key":"Energy Potion"},{"floor":13,"key":"BlessingOfTheForge"},{"floor":22,"key":"AttackPotion"},{"floor":24,"key":"Strength Potion"},{"floor":29,"key":"Dexterity Potion"}],"is_trial":false,"path_per_floor":["M","$","?","?","$","E","M","?","T","?","E","R","M","$","R","B",null,"M","M","?","M","M","R","E","R","T","?","$","E","$","M"],"character_chosen":"WATCHER","items_purchased":["Consecrate","SashWhip","Orrery","Matryoshka","AttackPotion"],"campfire_rested":3,"item_purchase_floors":[2,5,14,28,28],"current_hp_per_floor":[72,72,54,72,72,72,72,58,58,58,47,72,67,67,67,23,72,62,24,29,15,3,39,1,37,37,37,37,8,8,0,0],"gold":50,"neow_bonus":"THREE_ENEMY_KILL","is_daily":false,"chose_seed":false,"campfire_upgraded":1,"win_rate":0.0,"timestamp":1613349423,"path_taken":["M","$","?","?","$","E","M","?","T","?","E","R","?","$","R","BOSS","M","M","?","?","M","R","E","R","T","?","$","E","$","?"],"items_purchased_type":["Card","Card","Relic","Relic","Potion"],"build_version":"2020-12-22","purchased_purges":0,"victory":false,"max_hp_per_floor":[72,72,72,72,72,72,72,72,72,72,72,72,72,72,72,72,72,72,72,72,72,72,72,72,72,72,72,72,72,72,72,72],"card_choices":[{"not_picked":["FlyingSleeves","Weave"],"picked":"FearNoEvil","floor":1},{"not_picked":["Weave","Protect"],"picked":"PathToVictory","floor":6},{"not_picked":["Wallop","Fasting2"],"picked":"ReachHeaven","floor":7},{"not_picked":["FlyingSleeves","TalkToTheHand"],"picked":"ClearTheMind","floor":11},{"not_picked":["Vault","JustLucky"],"picked":"Collect","floor":13},{"not_picked":["Crescendo","TalkToTheHand"],"picked":"Protect","floor":14},{"not_picked":["CrushJoints","Evaluate"],"picked":"WindmillStrike","floor":14},{"not_picked":["WaveOfTheHand","Collect"],"picked":"Consecrate","floor":14},{"not_picked":["WheelKick","InnerPeace"],"picked":"ReachHeaven","floor":14},{"not_picked":["Vault","EmptyMind"],"picked":"FlyingSleeves","floor":14},{"not_picked":["Omniscience","Brilliance"],"picked":"Judgement","floor":16},{"not_picked":["EmptyFist+1","CrushJoints+1"],"picked":"PathToVictory+1","floor":18},{"not_picked":["FollowUp+1","Consecrate"],"picked":"LikeWater","floor":19},{"not_picked":["FollowUp+1","Meditate+1"],"picked":"BattleHymn","floor":21},{"not_picked":["CrushJoints","Protect","Swivel"],"picked":"SKIP","floor":22},{"not_picked":["FlyingSleeves","BattleHymn"],"picked":"DevaForm","floor":24},{"not_picked":["LikeWater","Perseverance"],"picked":"BowlingBash","floor":29}],"player_experience":238601,"relics_obtained":[{"floor":6,"key":"WingedGreaves"},{"floor":9,"key":"Lantern"},{"floor":11,"key":"Regal Pillow"},{"floor":24,"key":"Bronze Scales"},{"floor":26,"key":"Blood Vial"},{"floor":29,"key":"Calipers"}],"event_choices":[{"damage_healed":0,"gold_gain":0,"player_choice":"Success","damage_taken":18,"relics_obtained":["Girya"],"max_hp_gain":0,"max_hp_loss":0,"event_name":"Scrap Ooze","floor":3,"gold_loss":0},{"damage_healed":18,"gold_gain":0,"player_choice":"Healed","damage_taken":0,"max_hp_gain":0,"max_hp_loss":0,"event_name":"The Cleric","floor":4,"gold_loss":35},{"damage_healed":0,"gold_gain":0,"player_choice":"Entered Light","damage_taken":14,"max_hp_gain":0,"max_hp_loss":0,"event_name":"Shining Light","floor":8,"gold_loss":0,"cards_upgraded":["Defend_P","Defend_P"]},{"damage_healed":0,"gold_gain":175,"player_choice":"AGREE","damage_taken":0,"max_hp_gain":0,"max_hp_loss":0,"event_name":"Liars Game","floor":10,"gold_loss":0,"cards_obtained":["Doubt"]},{"cards_removed":["Protect"],"damage_healed":5,"gold_gain":0,"player_choice":"Offered Common","damage_taken":0,"max_hp_gain":0,"max_hp_loss":0,"event_name":"Bonfire Elementals","floor":20,"gold_loss":0},{"cards_removed":["Protect"],"damage_healed":5,"gold_gain":0,"player_choice":"Offered Special","damage_taken":0,"max_hp_gain":0,"max_hp_loss":0,"event_name":"Bonfire Elementals","floor":20,"gold_loss":0},{"cards_removed":["Doubt"],"damage_healed":0,"gold_gain":0,"player_choice":"Removed Curses","damage_taken":0,"max_hp_gain":0,"max_hp_loss":0,"event_name":"Fountain of Cleansing","floor":27,"gold_loss":0}],"is_beta":false,"boss_relics":[{"not_picked":["Coffee Dripper","Philosopher\u0027s Stone"],"picked":"Runic Pyramid"}],"items_purged_floors":[],"is_endless":false,"potions_floor_spawned":[6,7,11,13,22,24,29],"killed_by":"Centurion and Healer","ascension_level":0}}