{"host":"bf5upntvbdompq33","time":1613365658,"event":{"mods":["BaseMod","Bestiary","Colored Map","Colored Powertips","Curses Come First","Minty Spire (QoL Compilation)","StSLib","ojb\u0027s Info Mod"],"gold_per_floor":[109,109,127,143,163,163,192,207,207,207,220,220,35,55,55,55,55],"floor_reached":16,"language":"ENG","playtime":860,"items_purged":["Regret"],"score":161,"play_id":"23cd1bf3-9de8-49a9-9f5e-57c6533b6762","local_time":"20210214220738","is_ascension_mode":true,"campfire_choices":[{"floor":12,"key":"REST"},{"floor":15,"key":"REST"}],"circlet_count":0,"master_deck":["AscendersBane","Strike_B","Strike_B","Strike_B","Defend_B","Defend_B","Defend_B","Zap+1","Dualcast","Doom and Gloom","Stack","Darkness+1","Sunder","Sweeping Beam","Chill+1","Conserve Battery","Ball Lightning","Defragment","Chaos","Self Repair"],"relics":["Cracked Core","Torii","InkBottle","Bottled Lightning"],"acts_visited":["Exordium"],"potions_floor_usage":[11,16,16],"damage_taken":[{"damage":3,"enemies":"Small Slimes","floor":1,"turns":3},{"damage":0,"enemies":"Cultist","floor":3,"turns":3},{"damage":9,"enemies":"Jaw Worm","floor":4,"turns":3},{"damage":5,"enemies":"2 Fungi Beasts","floor":5,"turns":4},{"damage":20,"enemies":"3 Sentries","floor":7,"turns":5},{"damage":13,"enemies":"Blue Slaver","floor":8,"turns":4},{"damage":0,"enemies":"Exordium Thugs","floor":11,"turns":4},{"damage":16,"enemies":"Large Slime","floor":14,"turns":5},{"damage":30,"enemies":"The Guardian","floor":16,"turns":8}],"seed_played":"7968507805064507640","potions_obtained":[{"floor":3,"key":"ColorlessPotion"},{"floor":11,"key":"Block Potion"},{"floor":14,"key":"Weak Potion"}],"is_trial":false,"path_per_floor":["M","?","M","M","M","?","E","M","T","?","M","R","$","M","R","B"],"character_chosen":"DEFECT","items_purchased":["Chaos","Self Repair"],"campfire_rested":2,"item_purchase_floors":[13,13],"current_hp_per_floor":[65,65,65,56,51,51,31,18,18,4,4,24,24,8,28,0,0],"gold":55,"neow_bonus":"TRANSFORM_TWO_CARDS","is_daily":false,"chose_seed":false,"campfire_upgraded":0,"win_rate":0.0,"timestamp":1613365658,"path_taken":["M","?","?","M","M","?","E","M","T","?","M","R","?","M","R","BOSS"],"items_purchased_type":["Card","Card"],"build_version":"2020-12-22","purchased_purges":1,"victory":false,"max_hp_per_floor":[68,68,68,68,68,68,68,68,68,68,68,68,68,68,68,68,68],"card_choices":[{"not_picked":["Turbo","Hologram"],"picked":"Darkness","floor":1},{"not_picked":["Rip and Tear","Stack"],"picked":"Sunder","floor":3},{"not_picked":["Barrage","Steam"],"picked":"Sweeping Beam","floor":4},{"not_picked":["Heatsinks","Gash"],"picked":"Chill","floor":5},{"not_picked":["Stack","Barrage"],"picked":"Conserve Battery","floor":7},{"not_picked":["Cold Snap","Redo"],"picked":"Ball Lightning","floor":8},{"not_picked":["Barrage","Ball Lightning"],"picked":"Defragment","floor":11},{"not_picked":["Streamline","Rebound","Barrage"],"picked":"SKIP","floor":14}],"player_experience":1592942,"relics_obtained":[{"floor":7,"key":"InkBottle"},{"floor":9,"key":"Bottled Lightning"}],"event_choices":[{"damage_healed":0,"gold_gain":0,"player_choice":"Upgraded","damage_taken":0,"max_hp_gain":0,"max_hp_loss":0,"event_name":"Upgrade Shrine","floor":2,"gold_loss":0,"cards_upgraded":["Zap"]},{"damage_healed":0,"gold_gain":0,"player_choice":"Box","damage_taken":0,"relics_obtained":["Torii"],"max_hp_gain":0,"max_hp_loss":0,"event_name":"Big Fish","floor":6,"gold_loss":0,"cards_obtained":["Regret"]},{"damage_healed":0,"gold_gain":0,"player_choice":"Entered Light","damage_taken":14,"max_hp_gain":0,"max_hp_loss":0,"event_name":"Shining Light","floor":10,"gold_loss":0,"cards_upgraded":["Chill","Darkness"]}],"is_beta":false,"boss_relics":[],"items_purged_floors":[13],"is_endless":false,"potions_floor_spawned":[3,11,14],"killed_by":"The Guardian","ascension_level":11}}