{"host":"mo324zvkdr1xwprd","time":1613391417,"event":{"mods":["A Penny For Your Troubles","BaseMod","Better Note","Better Third Choice","BetterRewards","Hermit","Highlight Path","Hubris","Infinite Spire","Minty Spire (QoL Compilation)","Quick Restart","Rare Cards Sparkle","Shop Mod","StSLib","The Cursed","The Hierophant","Transform Curses"],"gold_per_floor":[109,29,44,56,76,76,101,101,124,141,152,171,183,209,209,209,209],"floor_reached":16,"language":"ENG","playtime":2956,"items_purged":[],"score":257,"play_id":"76c2ff4f-f5ea-4521-8d24-58a160ad581c","local_time":"20210215121657","is_ascension_mode":true,"campfire_choices":[{"floor":6,"key":"REST"},{"floor":15,"key":"REST"}],"circlet_count":0,"master_deck":["AscendersBane","Strike_G","Strike_G","Strike_G","Strike_G","Strike_G","Defend_G","Defend_G","Defend_G","Defend_G","Defend_G","hubris:DuctTapeCard","Flying Knee","Deadly Poison","Dagger Spray","Slice","Dodge and Roll","Cloak And Dagger","Blade Dance","Distraction","Slice","Terror","Footwork","Dash","Escape Plan","PiercingWail"],"relics":["Ring of the Snake","Oddly Smooth Stone","Mango","hubris:EmptyBottle","Letter Opener","hubris:DeckOfHolding","Bag of Preparation"],"acts_visited":["Exordium"],"potions_floor_usage":[7,7,7,10,10,11,11,11],"damage_taken":[{"damage":0,"enemies":"Small Slimes","floor":1,"turns":3},{"damage":0,"enemies":"2 Louse","floor":3,"turns":2},{"damage":6,"enemies":"Jaw Worm","floor":4,"turns":4},{"damage":0,"enemies":"Looter","floor":5,"turns":3},{"damage":3,"enemies":"Gremlin Nob","floor":7,"turns":3},{"damage":0,"enemies":"Lots of Slimes","floor":10,"turns":3},{"damage":0,"enemies":"Large Slime","floor":11,"turns":2},{"damage":0,"enemies":"2 Fungi Beasts","floor":12,"turns":2},{"damage":0,"enemies":"Red Slaver","floor":13,"turns":3},{"damage":12,"enemies":"3 Sentries","floor":14,"turns":7},{"damage":47,"enemies":"Slime Boss","floor":16,"turns":9}],"seed_played":"-3750969605481020256","potions_obtained":[{"floor":5,"key":"SkillPotion"},{"floor":7,"key":"AttackPotion"},{"floor":10,"key":"DistilledChaos"}],"is_trial":false,"path_per_floor":["M","$","M","M","M","R","E","?","T","M","M","M","M","E","R","B"],"character_chosen":"THE_SILENT","items_purchased":["hubris:EmptyBottle","Letter Opener","Flying Knee","Deadly Poison","Fire Potion","Slice","Dodge and Roll"],"campfire_rested":2,"item_purchase_floors":[0,0,0,0,0,2,2],"current_hp_per_floor":[42,42,42,36,36,60,57,62,62,62,62,62,62,50,75,28,28],"gold":209,"neow_bonus":"","is_daily":false,"chose_seed":false,"campfire_upgraded":0,"win_rate":0.0,"timestamp":1613391417,"path_taken":["M","$","M","M","M","R","E","?","T","M","M","M","M","E","R","BOSS"],"items_purchased_type":["Relic","Relic","Card","Card","Potion","Card","Card"],"build_version":"2020-12-22","purchased_purges":0,"victory":false,"max_hp_per_floor":[80,80,80,80,80,80,80,85,85,85,85,85,85,85,85,85,85],"card_choices":[{"not_picked":["Bane","Sucker Punch"],"picked":"Dagger Spray","floor":1},{"not_picked":["hubris:SlightOfHand","hubris:TrickCloak"],"picked":"Cloak And Dagger","floor":3},{"not_picked":["Infinite Blades","Dagger Spray"],"picked":"Blade Dance","floor":4},{"not_picked":["Caltrops","Dagger Throw"],"picked":"Distraction","floor":5},{"not_picked":["Dodge and Roll","Outmaneuver"],"picked":"Slice","floor":7},{"not_picked":["Deflect","PiercingWail"],"picked":"Terror","floor":10},{"not_picked":["Quick Slash","Prepared"],"picked":"Footwork","floor":11},{"not_picked":["Bullet Time","Prepared"],"picked":"Dash","floor":12},{"not_picked":["Flechettes","Dodge and Roll"],"picked":"Escape Plan","floor":13},{"not_picked":["Backflip","Finisher"],"picked":"PiercingWail","floor":14}],"player_experience":673334,"relics_obtained":[{"floor":7,"key":"hubris:DeckOfHolding"},{"floor":14,"key":"Bag of Preparation"}],"event_choices":[{"damage_healed":0,"gold_gain":0,"player_choice":"Donut","damage_taken":0,"max_hp_gain":5,"max_hp_loss":0,"event_name":"Big Fish","floor":8,"gold_loss":0}],"is_beta":false,"boss_relics":[],"items_purged_floors":[],"is_endless":false,"potions_floor_spawned":[5,7,10],"killed_by":"Slime Boss","ascension_level":20}}