{"host":"vlqej45p0v31lhdi","time":1613418973,"event":{"mods":["AchievementEnabler","BaseMod","Bestiary","Colored Powertips","Minty Spire (QoL Compilation)","Relic Stats"],"gold_per_floor":[110,160,174,193,83,83,109,124,124,124,160,180,201,223,223,311,320,342,362,362,371,371,371,405,434,434,453,453,488,130,139,139,227,227,246,260,260,282,9,43,43,69,69,102,129,152,190,208,208,208],"floor_reached":51,"language":"ENG","playtime":9594,"items_purged":["Decay"],"score":1402,"play_id":"095db609-8ad4-421d-bb8b-4a0340b36429","local_time":"20210215135613","is_ascension_mode":true,"campfire_choices":[{"data":"Carnage","floor":6.0,"key":"SMITH"},{"floor":10.0,"key":"REST"},{"data":"Combust","floor":15.0,"key":"SMITH"},{"data":"Barricade","floor":23.0,"key":"SMITH"},{"floor":28.0,"key":"REST"},{"floor":32.0,"key":"REST"},{"data":"Demon Form","floor":41.0,"key":"SMITH"},{"data":"Dual Wield","floor":49,"key":"SMITH"}],"circlet_count":0,"master_deck":["AscendersBane","Strike_R+1","Strike_R+1","Strike_R+1","Strike_R+1","Strike_R+1","Defend_R+1","Defend_R+1","Defend_R+1","Defend_R+1","Bash","Clothesline","Carnage+1","Double Tap","Combust+1","Pummel","Wild Strike","Spot Weakness","Pommel Strike","Dual Wield+1","Thunderclap","Demon Form+1","CurseOfTheBell","Ghostly Armor+1","Barricade+1","Blood for Blood+1","Sword Boomerang+1","Spot Weakness","Battle Trance","Feel No Pain","Reaper+1","Iron Wave+1","Intimidate","Feel No Pain","Heavy Blade+1","Disarm+1","Madness","Finesse","Discovery","Entrench","Headbutt+1","Madness","Madness"],"relics":["Velvet Choker","Bronze Scales","CeramicFish","White Beast Statue","Calling Bell","Art of War","Mummified Hand","Gambling Chip","Molten Egg 2","Juzu Bracelet","Matryoshka","Oddly Smooth Stone","Bag of Preparation","SlaversCollar","Bag of Marbles","Omamori","Orichalcum","Centennial Puzzle"],"acts_visited":["Exordium","TheCity","TheBeyond"],"potions_floor_usage":[50],"damage_taken":[{"damage":9.0,"enemies":"Jaw Worm","floor":1.0,"turns":3.0},{"damage":1.0,"enemies":"Cultist","floor":3.0,"turns":3.0},{"damage":1.0,"enemies":"2 Louse","floor":4.0,"turns":2.0},{"damage":16.0,"enemies":"Lagavulin","floor":7.0,"turns":3.0},{"damage":5.0,"enemies":"2 Fungi Beasts","floor":8.0,"turns":2.0},{"damage":0.0,"enemies":"Gremlin Nob","floor":11.0,"turns":2.0},{"damage":9.0,"enemies":"Blue Slaver","floor":12.0,"turns":2.0},{"damage":1.0,"enemies":"Large Slime","floor":13.0,"turns":4.0},{"damage":3.0,"enemies":"2 Fungi Beasts","floor":14.0,"turns":3.0},{"damage":16.0,"enemies":"Slime Boss","floor":16.0,"turns":7.0},{"damage":11.0,"enemies":"Spheric Guardian","floor":18.0,"turns":3.0},{"damage":0.0,"enemies":"Chosen","floor":19.0,"turns":3.0},{"damage":29.0,"enemies":"Gremlin Leader","floor":24.0,"turns":5.0},{"damage":0.0,"enemies":"Snecko","floor":25.0,"turns":3.0},{"damage":12.0,"enemies":"Snake Plant","floor":27.0,"turns":3.0},{"damage":27.0,"enemies":"Slavers","floor":29.0,"turns":4.0},{"damage":21.0,"enemies":"Champ","floor":33.0,"turns":6.0},{"damage":40.0,"enemies":"3 Darklings","floor":35.0,"turns":4.0},{"damage":32.0,"enemies":"Orb Walker","floor":36.0,"turns":4.0},{"damage":20.0,"enemies":"Spire Growth","floor":38.0,"turns":4.0},{"damage":34.0,"enemies":"Reptomancer","floor":40.0,"turns":6.0},{"damage":37.0,"enemies":"Jaw Worm Horde","floor":42.0,"turns":4.0},{"damage":17.0,"enemies":"Giant Head","floor":44.0,"turns":7.0},{"damage":14.0,"enemies":"Transient","floor":46.0,"turns":5.0},{"damage":37,"enemies":"Reptomancer","floor":47,"turns":6},{"damage":47,"enemies":"Donu and Deca","floor":50,"turns":8}],"seed_played":"-1164424346503013063","potions_obtained":[{"floor":3.0,"key":"SteroidPotion"},{"floor":4.0,"key":"DuplicationPotion"},{"floor":8.0,"key":"FearPotion"},{"floor":12.0,"key":"BlessingOfTheForge"},{"floor":13.0,"key":"Strength Potion"},{"floor":18.0,"key":"Block Potion"},{"floor":19.0,"key":"DistilledChaos"},{"floor":24.0,"key":"FearPotion"},{"floor":27.0,"key":"Fire Potion"},{"floor":29.0,"key":"EntropicBrew"},{"floor":33.0,"key":"DuplicationPotion"},{"floor":35.0,"key":"Regen Potion"},{"floor":36.0,"key":"BlessingOfTheForge"},{"floor":38.0,"key":"FairyPotion"},{"floor":40.0,"key":"BloodPotion"},{"floor":44.0,"key":"FearPotion"},{"floor":46.0,"key":"Swift Potion"}],"is_trial":false,"path_per_floor":["M","?","M","M","$","R","E","M","T","R","E","M","M","M","R","B",null,"M","M","?","?","?","R","E","M","T","M","R","E","$","?","R","B",null,"M","M","?","M","$","E","R","M","T","E","?","M","E","?","R","B",null],"character_chosen":"IRONCLAD","items_purchased":["Combust","Pummel","Oddly Smooth Stone","Feel No Pain","Bag of Preparation","DuplicationPotion","Intimidate","Feel No Pain"],"campfire_rested":3,"item_purchase_floors":[5,5,30,30,30,39,39,39],"current_hp_per_floor":[59,52,51,50,50,50,34,29,29,51,51,42,41,38,38,22,62,51,51,51,51,51,51,22,22,22,10,32,5,5,5,27,6,58,23,21,21,9,9,40,40,46,46,44,34,32,55,41,41,22],"gold":208,"neow_bonus":"BOSS_RELIC","is_daily":false,"chose_seed":false,"campfire_upgraded":5,"win_rate":0.0,"timestamp":1613418973,"path_taken":["M","?","M","M","$","R","E","M","T","R","E","M","?","M","R","BOSS","M","M","?","?","?","R","E","M","T","M","R","E","?","?","R","BOSS","M","M","?","M","$","E","R","M","T","E","?","M","E","?","R","BOSS"],"items_purchased_type":["Card","Card","Relic","Card","Relic","Potion","Card","Card"],"build_version":"2020-12-22","purchased_purges":1,"victory":true,"max_hp_per_floor":[75,75,75,75,75,75,75,75,75,75,75,75,75,75,75,75,75,75,75,75,75,75,75,75,75,75,75,75,75,75,75,75,75,75,75,75,75,75,75,75,75,75,75,75,75,75,75,75,75,75],"relic_stats":{"Centennial Puzzle":[3],"counters":[26,106],"Mummified Hand":[49],"Bronze Scales":[197],"CeramicFish":252,"Gambling Chip":[62],"Art of War":[3],"Juzu Bracelet":0,"Bag of Preparation":[20],"Orichalcum":[12],"obtain_stats":[{"CeramicFish":9,"Velvet Choker":0,"Oddly Smooth Stone":30,"Juzu Bracelet":26,"Bag of Preparation":30,"Omamori":43,"Orichalcum":44,"Burning Blood":0,"White Beast Statue":11,"Calling Bell":17,"SlaversCollar":34,"Centennial Puzzle":47,"Matryoshka":29,"Mummified Hand":17,"Bronze Scales":7,"Gambling Chip":17,"Molten Egg 2":24,"Art of War":17,"Bag of Marbles":40},{"CeramicFish":5,"Velvet Choker":0,"Oddly Smooth Stone":16,"Juzu Bracelet":14,"Bag of Preparation":16,"Omamori":22,"Orichalcum":23,"Burning Blood":0,"White Beast Statue":6,"Calling Bell":10,"SlaversCollar":17,"Centennial Puzzle":25,"Matryoshka":16,"Mummified Hand":10,"Bronze Scales":4,"Gambling Chip":10,"Molten Egg 2":13,"Art of War":10,"Bag of Marbles":21},{"CeramicFish":13,"Velvet Choker":0,"Oddly Smooth Stone":52,"Juzu Bracelet":45,"Bag of Preparation":52,"Omamori":80,"Orichalcum":87,"Burning Blood":0,"White Beast Statue":15,"Calling Bell":31,"SlaversCollar":58,"Centennial Puzzle":98,"Matryoshka":52,"Mummified Hand":31,"Bronze Scales":11,"Gambling Chip":31,"Molten Egg 2":42,"Art of War":31,"Bag of Marbles":76}]},"card_choices":[{"not_picked":["Armaments","Sever Soul"],"picked":"Clothesline","floor":1.0},{"not_picked":["Spot Weakness","Pummel"],"picked":"Carnage","floor":3.0},{"not_picked":["Havoc","Twin Strike"],"picked":"Double Tap","floor":4.0},{"not_picked":["Dark Embrace","Clothesline"],"picked":"Wild Strike","floor":7.0},{"not_picked":["Perfected Strike","Entrench","Dropkick"],"picked":"SKIP","floor":8.0},{"not_picked":["Armaments","Thunderclap"],"picked":"Spot Weakness","floor":11.0},{"not_picked":["Intimidate","Second Wind"],"picked":"Pommel Strike","floor":12.0},{"not_picked":["Perfected Strike","Dark Embrace"],"picked":"Dual Wield","floor":13.0},{"not_picked":["Iron Wave","Clothesline"],"picked":"Thunderclap","floor":14.0},{"not_picked":["Barricade","Brutality"],"picked":"Demon Form","floor":16.0},{"not_picked":["Armaments","Carnage"],"picked":"Ghostly Armor+1","floor":18.0},{"not_picked":["Heavy Blade","Rage","Clothesline"],"picked":"SKIP","floor":19.0},{"not_picked":["Clothesline+1","Rampage+1"],"picked":"Blood for Blood+1","floor":24.0},{"not_picked":["Perfected Strike+1","Heavy Blade+1"],"picked":"Sword Boomerang+1","floor":25.0},{"not_picked":["Clash+1","Heavy Blade+1"],"picked":"Spot Weakness","floor":27.0},{"not_picked":["Inflame","Havoc"],"picked":"Battle Trance","floor":29.0},{"not_picked":["Demon Form","Barricade"],"picked":"Reaper+1","floor":33.0},{"not_picked":["Armaments","Perfected Strike+1"],"picked":"Shrug It Off","floor":35.0},{"not_picked":["Battle Trance","True Grit","Anger+1"],"picked":"SKIP","floor":36.0},{"not_picked":["Sentinel","Anger+1"],"picked":"Iron Wave+1","floor":38.0},{"not_picked":["Hemokinesis+1","Anger+1"],"picked":"Heavy Blade+1","floor":40.0},{"not_picked":["Thunderclap+1","Ghostly Armor"],"picked":"Disarm+1","floor":42.0},{"not_picked":["Bloodletting","Perfected Strike+1","Clash+1"],"picked":"SKIP","floor":44.0},{"not_picked":["Swift Strike+1","Magnetism"],"picked":"Madness","floor":45.0},{"not_picked":["Deep Breath","Swift Strike+1"],"picked":"Finesse","floor":45.0},{"not_picked":["The Bomb","Jack Of All Trades"],"picked":"Discovery","floor":45.0},{"not_picked":["Cleave+1","Armaments"],"picked":"Entrench","floor":46.0},{"not_picked":["Iron Wave+1","Anger+1"],"picked":"Headbutt+1","floor":47}],"player_experience":2896954,"relics_obtained":[{"floor":7.0,"key":"Bronze Scales"},{"floor":9.0,"key":"CeramicFish"},{"floor":11.0,"key":"White Beast Statue"},{"floor":17.0,"key":"Art of War"},{"floor":17.0,"key":"Mummified Hand"},{"floor":17.0,"key":"Gambling Chip"},{"floor":24.0,"key":"Molten Egg 2"},{"floor":26.0,"key":"Juzu Bracelet"},{"floor":29.0,"key":"Matryoshka"},{"floor":40.0,"key":"Bag of Marbles"},{"floor":43.0,"key":"Omamori"},{"floor":44.0,"key":"Orichalcum"},{"floor":47,"key":"Centennial Puzzle"}],"event_choices":[{"damage_healed":0.0,"max_hp_gain":0.0,"max_hp_loss":0.0,"gold_gain":50.0,"event_name":"FaceTrader","player_choice":"Touch","floor":2.0,"gold_loss":0.0,"damage_taken":7.0},{"damage_healed":0.0,"max_hp_gain":0.0,"max_hp_loss":0.0,"gold_gain":0.0,"event_name":"Back to Basics","player_choice":"Simplicity","floor":20.0,"gold_loss":0.0,"damage_taken":0.0,"cards_upgraded":["Strike_R","Strike_R","Strike_R","Strike_R","Strike_R","Defend_R","Defend_R","Defend_R","Defend_R"]},{"damage_healed":0.0,"max_hp_gain":0.0,"max_hp_loss":0.0,"gold_gain":0.0,"event_name":"The Library","player_choice":"Read","floor":21.0,"gold_loss":0.0,"damage_taken":0.0,"cards_obtained":["Barricade"]},{"damage_healed":0.0,"max_hp_gain":0.0,"max_hp_loss":0.0,"gold_gain":0.0,"event_name":"Vampires","player_choice":"Ignored","floor":22.0,"gold_loss":0.0,"damage_taken":0.0},{"damage_healed":0.0,"max_hp_gain":0.0,"max_hp_loss":0.0,"gold_gain":0.0,"event_name":"Forgotten Altar","player_choice":"Smashed Altar","floor":31.0,"gold_loss":0.0,"damage_taken":0.0,"cards_obtained":["Decay"]},{"cards_removed":["Shrug It Off"],"damage_healed":0.0,"max_hp_gain":0.0,"max_hp_loss":0.0,"gold_gain":0.0,"event_name":"Falling","player_choice":"Removed Skill","floor":37.0,"gold_loss":0.0,"damage_taken":0.0},{"damage_healed":0.0,"max_hp_gain":0.0,"max_hp_loss":0.0,"gold_gain":0.0,"event_name":"SensoryStone","player_choice":"Memory 3","floor":45.0,"gold_loss":0.0,"damage_taken":10.0},{"damage_healed":0,"gold_gain":0,"player_choice":"Embrace Madness","damage_taken":14,"max_hp_gain":0,"max_hp_loss":0,"event_name":"Winding Halls","floor":48,"gold_loss":0,"cards_obtained":["Madness","Madness"]}],"is_beta":false,"boss_relics":[{"not_picked":["Busted Crown","Mark of Pain"],"picked":"Calling Bell"},{"not_picked":["Cursed Key","Runic Dome"],"picked":"SlaversCollar"}],"items_purged_floors":[39],"is_endless":false,"potions_floor_spawned":[3,4,8,12,13,14,16,18,19,24,25,27,29,33,35,36,38,40,42,44,46,47],"ascension_level":15}}