{"host":"l15sdf2mmi0nobpi","time":1613363998,"event":{"mods":["ATMod(°¢èªMod)","BaseMod","Highlight Path","Minty Spire (QoL Compilation)","Quick Restart","StSLib","The Runesmith","The Senshi","¡¾¹¦ÄÜMod¡¿Neow½±Àø"],"gold_per_floor":[114,114,189,199,12,42,42,69,69,84,84,104,134,147,147,252,252,269,286,236,254,254,282,282,307,307,307,333,333,243,277,277,381,381,398,1397,1227,1237,1037,1064,1064,1093,1093,1123,1123,332,360,48,48,48,48,48,48,76,76],"floor_reached":56,"language":"ZHS","playtime":43235,"items_purged":["Runesmith:Strike_RS","Runesmith:Strike_RS","Normality","Normality","Runesmith:RuneHurl","Runesmith:CraftFirestone"],"score":2257,"play_id":"9c39ed58-df83-4503-92a1-9678e4cfe1da","local_time":"20210215123958","is_ascension_mode":true,"campfire_choices":[{"data":"AT_OneInchPunch","floor":7.0,"key":"SMITH"},{"data":"Runesmith:LithiumIon","floor":11.0,"key":"SMITH"},{"data":"Runesmith:CraftObretio","floor":15.0,"key":"SMITH"},{"data":"Runesmith:MetallurgicalResearch","floor":24.0,"key":"SMITH"},{"data":"Runesmith:DuctTape","floor":29.0,"key":"SMITH"},{"floor":32.0,"key":"RECALL"},{"data":"Runesmith:Permafrost","floor":49,"key":"SMITH"},{"data":"Runesmith:Firestorm","floor":52,"key":"SMITH"}],"circlet_count":0,"master_deck":["AscendersBane","Runesmith:Defend_RS","Runesmith:Defend_RS","Runesmith:Defend_RS","Runesmith:Defend_RS","Runesmith:Fortify","AT_OneInchPunch+1","Runesmith:CraftMagma","Runesmith:MetallurgicalResearch+1","Runesmith:LithiumIon+1","Runesmith:CraftObretio+1","Runesmith:LightningRod","Runesmith:DuctTape+1","Runesmith:LithiumIon+1","Runesmith:EnergizedChisel+1","Runesmith:Retool+1","Runesmith:DuctTape+1","Runesmith:CraftProtectio","Runesmith:PoweredAnvil","Runesmith:Firestorm+1","Runesmith:Permafrost+1","Runesmith:BackupBattery+1","Runesmith:OneForEveryone+1","Purity","Runesmith:Repurpose"],"relics":["Runesmith:BrokenRuby","AT_ATBox","NeowsBlessing","Letter Opener","Smiling Mask","Ice Cream","AT_DeathDance","Coffee Dripper","Happy Flower","Runesmith:Nanobots","Strawberry","Darkstone Periapt","Black Star","Toy Ornithopter","Centennial Puzzle","Frozen Egg 2","Turnip","InkBottle","Vajra","AT_BellDemon","theSenshi:SuperSailorFukuRelic","FossilizedHelix","Eternal Feather","Bag of Preparation","Pantograph","Sundial","Runesmith:EmergencyProvisions","AT_ForceNature"],"acts_visited":["Exordium","TheCity","TheBeyond","TheEnding"],"potions_floor_usage":[55],"damage_taken":[{"damage":0.0,"enemies":"2 Louse","floor":1.0,"turns":2.0},{"damage":0.0,"enemies":"Small Slimes","floor":4.0,"turns":1.0},{"damage":0.0,"enemies":"Lagavulin","floor":6.0,"turns":1.0},{"damage":8.0,"enemies":"Gremlin Nob","floor":8.0,"turns":3.0},{"damage":0.0,"enemies":"Jaw Worm","floor":10.0,"turns":1.0},{"damage":0.0,"enemies":"Exordium Thugs","floor":12.0,"turns":3.0},{"damage":5.0,"enemies":"3 Sentries","floor":13.0,"turns":7.0},{"damage":0.0,"enemies":"Large Slime","floor":14.0,"turns":3.0},{"damage":26.0,"enemies":"The Guardian","floor":16.0,"turns":8.0},{"damage":1.0,"enemies":"2 Thieves","floor":18.0,"turns":4.0},{"damage":6.0,"enemies":"3 Byrds","floor":19.0,"turns":4.0},{"damage":9.0,"enemies":"Sentry and Sphere","floor":21.0,"turns":6.0},{"damage":9.0,"enemies":"Book of Stabbing","floor":23.0,"turns":6.0},{"damage":16.0,"enemies":"Slavers","floor":25.0,"turns":6.0},{"damage":0.0,"enemies":"Book of Stabbing","floor":28.0,"turns":5.0},{"damage":8.0,"enemies":"Gremlin Leader","floor":31.0,"turns":9.0},{"damage":0.0,"enemies":"Automaton","floor":33.0,"turns":7.0},{"damage":0.0,"enemies":"3 Darklings","floor":35.0,"turns":5.0},{"damage":10.0,"enemies":"Orb Walker","floor":38.0,"turns":2.0},{"damage":1.0,"enemies":"Giant Head","floor":40.0,"turns":7.0},{"damage":3.0,"enemies":"Nemesis","floor":42.0,"turns":7.0},{"damage":3.0,"enemies":"Reptomancer","floor":44.0,"turns":6.0},{"damage":0,"enemies":"Nemesis","floor":47,"turns":9},{"damage":31,"enemies":"Awakened One","floor":50,"turns":11},{"damage":32,"enemies":"Shield and Spear","floor":54,"turns":12},{"damage":0,"enemies":"The Heart","floor":55,"turns":11}],"seed_played":"-7829531917702050817","potions_obtained":[{"floor":1.0,"key":"Weak Potion"},{"floor":4.0,"key":"Ancient Potion"},{"floor":10.0,"key":"BlessingOfTheForge"},{"floor":16.0,"key":"SneckoOil"},{"floor":19.0,"key":"Fire Potion"},{"floor":23.0,"key":"SkillPotion"},{"floor":33.0,"key":"FearPotion"},{"floor":35.0,"key":"Ancient Potion"},{"floor":38.0,"key":"Block Potion"}],"is_trial":false,"path_per_floor":["M","?","?","M","$","E","R","E","T","M","R","M","E","M","R","B",null,"M","M","$","M","?","E","R","E","T","?","E","R","?","E","R","B",null,"M","?","$","M","$","E","?","E","T","E","?","$","E","$","R","B",null,"R","$","E","B",null],"character_chosen":"RUNESMITH_CLASS","items_purchased":["Runesmith:LithiumIon","Runesmith:CraftObretio","Runesmith:Permafrost","PowerPotion","Toy Ornithopter","Runesmith:Repurpose","FossilizedHelix","Eternal Feather","GamblersBrew","Weak Potion","Sundial"],"campfire_rested":0,"item_purchase_floors":[5,5,37,37,39,46,46,46,46,46,48],"current_hp_per_floor":[63,56,45,45,45,45,45,37,37,37,37,37,32,32,32,6,54,53,47,47,38,38,29,29,13,13,13,20,20,20,12,12,12,61,61,73,73,63,63,62,62,59,59,66,66,66,66,66,81,58,81,89,89,57,87],"gold":76,"neow_bonus":"THREE_ENEMY_KILL","is_daily":false,"chose_seed":false,"campfire_upgraded":7,"win_rate":0.0,"timestamp":1613363998,"path_taken":["M","?","?","M","$","E","R","E","T","M","R","M","E","M","R","BOSS","M","M","$","M","?","E","R","E","T","?","E","R","?","E","R","BOSS","M","?","$","M","$","E","?","E","T","E","?","$","E","?","R","BOSS","R","$","E","BOSS"],"items_purchased_type":["Card","Card","Card","Potion","Relic","Card","Relic","Relic","Potion","Potion","Relic"],"build_version":"2020-12-22","purchased_purges":6,"victory":true,"max_hp_per_floor":[70,70,70,70,70,70,70,70,70,70,70,70,70,70,70,70,70,70,70,70,70,70,70,70,70,70,70,77,77,77,77,77,77,77,77,89,89,89,89,89,89,89,89,89,89,89,89,89,89,89,89,89,89,89,89],"card_choices":[{"not_picked":["Runesmith:HammerThrow","Runesmith:StaticCage"],"picked":"Runesmith:CraftMagma","floor":1.0},{"not_picked":["Runesmith:Overpower","Runesmith:Repurpose"],"picked":"Runesmith:MetallurgicalResearch","floor":4.0},{"not_picked":["Runesmith:HeatedChisel","Runesmith:EarthShield"],"picked":"Runesmith:LightningRod","floor":6.0},{"not_picked":["Runesmith:DoubleUp","Runesmith:CraftVitae"],"picked":"Runesmith:RuneHurl","floor":8.0},{"not_picked":["Runesmith:CraftIncendium","Runesmith:BackupBattery","Runesmith:HammerThrow"],"picked":"SKIP","floor":10.0},{"not_picked":["Runesmith:StaticCage","Runesmith:NanitesCloud","Runesmith:ArcReactor"],"picked":"SKIP","floor":12.0},{"not_picked":["Runesmith:PerfectChisel","Runesmith:HeatedChisel","Runesmith:Overpower"],"picked":"SKIP","floor":13.0},{"not_picked":["Runesmith:CraftVitae","Runesmith:ChiselStab","Runesmith:HammerTime"],"picked":"SKIP","floor":14.0},{"not_picked":["Runesmith:GenerateForcefield","Runesmith:ArcReactor"],"picked":"Runesmith:DuctTape","floor":16.0},{"not_picked":["Runesmith:Discharge","Runesmith:Grindstone","Runesmith:Overpower"],"picked":"SKIP","floor":18.0},{"not_picked":["Runesmith:RuneHurl+1","Runesmith:ChiselStab+1"],"picked":"Runesmith:LithiumIon+1","floor":19.0},{"not_picked":["Runesmith:RunicBlueprint","Runesmith:LithiumIon"],"picked":"Runesmith:EnergizedChisel+1","floor":21.0},{"not_picked":["Runesmith:FieryHammer","Runesmith:LightningRod"],"picked":"Runesmith:Retool+1","floor":23.0},{"not_picked":["Runesmith:StaticCage","Runesmith:EnergizedChisel","Runesmith:WhiteBalance"],"picked":"SKIP","floor":25.0},{"not_picked":["Runesmith:NanitesCloud","Runesmith:Repurpose"],"picked":"Runesmith:CraftProtectio","floor":28.0},{"not_picked":["Runesmith:ElementalConversion+1","Runesmith:NegativeSpace+1"],"picked":"Runesmith:PoweredAnvil","floor":31.0},{"not_picked":["Runesmith:CraftMagma+1","Runesmith:ShiftingStrike"],"picked":"Runesmith:Firestorm","floor":35.0},{"not_picked":["Runesmith:CraftSpiculum","Runesmith:Permafrost+1"],"picked":"Runesmith:BackupBattery+1","floor":38.0},{"not_picked":["Runesmith:HeatedChisel","Runesmith:CraftMedicinae"],"picked":"Runesmith:OneForEveryone+1","floor":40.0},{"not_picked":["Thinking Ahead","The Bomb"],"picked":"Purity","floor":41.0},{"not_picked":["Runesmith:ShiftingStrike+1","Runesmith:Refine","Runesmith:Augment"],"picked":"SKIP","floor":42.0},{"not_picked":["Runesmith:GenerateForcefield","Runesmith:HeatedChisel+1","Runesmith:PerfectChisel"],"picked":"SKIP","floor":44.0},{"not_picked":["Runesmith:Overpower","Runesmith:HeatExchange","Runesmith:StaticCage"],"picked":"SKIP","floor":47},{"not_picked":["Runesmith:EnergizedChisel+1","Runesmith:CraftProtectio","Runesmith:StaticCage+1"],"picked":"SKIP","floor":54}],"player_experience":866667,"relics_obtained":[{"floor":6.0,"key":"Smiling Mask"},{"floor":8.0,"key":"Ice Cream"},{"floor":13.0,"key":"AT_DeathDance"},{"floor":25.0,"key":"Happy Flower"},{"floor":26.0,"key":"Runesmith:Nanobots"},{"floor":28.0,"key":"Strawberry"},{"floor":31.0,"key":"Darkstone Periapt"},{"floor":40.0,"key":"Centennial Puzzle"},{"floor":40.0,"key":"Frozen Egg 2"},{"floor":42.0,"key":"Turnip"},{"floor":42.0,"key":"InkBottle"},{"floor":43.0,"key":"Vajra"},{"floor":44.0,"key":"AT_BellDemon"},{"floor":44.0,"key":"theSenshi:SuperSailorFukuRelic"},{"floor":47,"key":"Bag of Preparation"},{"floor":47,"key":"Pantograph"},{"floor":54,"key":"Runesmith:EmergencyProvisions"},{"floor":54,"key":"AT_ForceNature"}],"event_choices":[{"damage_healed":0.0,"max_hp_gain":0.0,"max_hp_loss":0.0,"gold_gain":0.0,"event_name":"Scrap Ooze","player_choice":"Success","floor":2.0,"gold_loss":0.0,"damage_taken":7.0,"relics_obtained":["Letter Opener"]},{"damage_healed":0.0,"max_hp_gain":0.0,"max_hp_loss":0.0,"gold_gain":75.0,"event_name":"World of Goop","player_choice":"Gather Gold","floor":3.0,"gold_loss":0.0,"damage_taken":11.0},{"damage_healed":0.0,"max_hp_gain":0.0,"max_hp_loss":0.0,"gold_gain":0.0,"event_name":"N\u0027loth","player_choice":"Ignored","floor":22.0,"gold_loss":0.0,"damage_taken":0.0},{"damage_healed":0.0,"max_hp_gain":0.0,"max_hp_loss":0.0,"gold_gain":0.0,"cards_transformed":["Runesmith:Strike_RS","Runesmith:Strike_RS"],"event_name":"Drug Dealer","player_choice":"Became Test Subject","floor":27.0,"gold_loss":0.0,"damage_taken":0.0,"cards_obtained":["Runesmith:HeatExchange","Runesmith:DuctTape"]},{"cards_removed":["Runesmith:HeatExchange"],"damage_healed":0.0,"max_hp_gain":0.0,"max_hp_loss":0.0,"gold_gain":0.0,"event_name":"Designer","player_choice":"Upgrade and Remove","floor":30.0,"gold_loss":90.0,"damage_taken":0.0,"cards_upgraded":["Runesmith:DuctTape"]},{"damage_healed":0.0,"max_hp_gain":0.0,"max_hp_loss":0.0,"gold_gain":999.0,"event_name":"MindBloom","player_choice":"Gold","floor":36.0,"gold_loss":0.0,"damage_taken":0.0,"cards_obtained":["Normality","Normality"]},{"damage_healed":0.0,"max_hp_gain":0.0,"max_hp_loss":0.0,"gold_gain":0.0,"event_name":"SensoryStone","player_choice":"Memory 1","floor":41.0,"gold_loss":0.0,"damage_taken":0.0},{"damage_healed":0,"gold_gain":0,"player_choice":"Ignored","damage_taken":0,"max_hp_gain":0,"max_hp_loss":0,"event_name":"Mysterious Sphere","floor":45,"gold_loss":0}],"is_beta":false,"boss_relics":[{"not_picked":["Velvet Choker","AT_TrinityForce"],"picked":"Coffee Dripper"},{"not_picked":["Empty Cage","Philosopher\u0027s Stone"],"picked":"Black Star"}],"items_purged_floors":[5,20,37,39,46,48],"is_endless":false,"potions_floor_spawned":[1,4,10,13,16,19,23,33,35,38,42],"ascension_level":11}}