{"host":"rmsq46plbpwfbxcc","time":1613394820,"event":{"mods":["AchievementEnabler","BaseMod","Colored Map","Colored Powertips","DeckTracker","KOR Keyword Fix","Minty Spire (QoL Compilation)","Permanent Neow","Quick Restart","SuperFastMode"],"gold_per_floor":[114,114,189,66,81,81,94,112,137,163,16,16,16,48,48,146,146,161,61,61,76,175,175,204,204,227,256,276,276,276,65,65,169,169,189,203,203,203,253,279,290,321,346,196,209,209,34,51,51,51,51,51,3,31,31],"floor_reached":56,"language":"KOR","playtime":2208,"items_purged":["Strike_G","Defend_G","Writhe","Normality","Defend_G"],"score":1681,"play_id":"fe37e70a-2c58-4aa9-86d0-d54f5864f05a","local_time":"20210215221340","is_ascension_mode":true,"campfire_choices":[{"data":"Blade Dance","floor":6.0,"key":"SMITH"},{"data":"After Image","floor":12.0,"key":"SMITH"},{"data":"Choke","floor":15.0,"key":"SMITH"},{"data":"Envenom","floor":23.0,"key":"SMITH"},{"data":"Well Laid Plans","floor":25.0,"key":"SMITH"},{"data":"Neutralize","floor":29.0,"key":"SMITH"},{"data":"Trip","floor":32.0,"key":"SMITH"},{"data":"Expertise","floor":46.0,"key":"SMITH"},{"floor":49.0,"key":"RECALL"},{"data":"Survivor","floor":52.0,"key":"SMITH"}],"circlet_count":0,"master_deck":["Strike_G","Strike_G","Defend_G+1","Defend_G+1","Defend_G","Survivor+1","Neutralize+1","Choke+1","Blade Dance+1","PiercingWail","After Image+1","Expertise+1","Envenom+1","Backflip+1","Well Laid Plans+1","Cloak And Dagger+1","Trip+1","Catalyst+1","Noxious Fumes+1","Escape Plan","Wraith Form v2+1"],"relics":["Coffee Dripper","Lantern","Potion Belt","Snake Skull","Cursed Key","Matryoshka","War Paint","Toy Ornithopter","Lizard Tail","Black Star","Du-Vu Doll","Mercury Hourglass","Prayer Wheel","Frozen Egg 2","Pantograph","Ninja Scroll","Akabeko","Orichalcum","Anchor"],"acts_visited":["Exordium","TheCity","TheBeyond","TheEnding"],"potions_floor_usage":[55,55,55],"damage_taken":[{"damage":5.0,"enemies":"Small Slimes","floor":1.0,"turns":5.0},{"damage":0.0,"enemies":"Jaw Worm","floor":5.0,"turns":3.0},{"damage":0.0,"enemies":"Cultist","floor":7.0,"turns":3.0},{"damage":4.0,"enemies":"Exordium Thugs","floor":8.0,"turns":5.0},{"damage":10.0,"enemies":"3 Sentries","floor":10.0,"turns":9.0},{"damage":5.0,"enemies":"Gremlin Nob","floor":14.0,"turns":3.0},{"damage":14.0,"enemies":"Slime Boss","floor":16.0,"turns":10.0},{"damage":0.0,"enemies":"Shell Parasite","floor":18.0,"turns":4.0},{"damage":4.0,"enemies":"2 Thieves","floor":21.0,"turns":4.0},{"damage":2.0,"enemies":"Book of Stabbing","floor":24.0,"turns":4.0},{"damage":22.0,"enemies":"Gremlin Leader","floor":27.0,"turns":6.0},{"damage":13.0,"enemies":"Snake Plant","floor":28.0,"turns":3.0},{"damage":1.0,"enemies":"Collector","floor":33.0,"turns":7.0},{"damage":6.0,"enemies":"3 Darklings","floor":35.0,"turns":6.0},{"damage":0.0,"enemies":"Orb Walker","floor":36.0,"turns":4.0},{"damage":0.0,"enemies":"Mind Bloom Boss Battle","floor":39.0,"turns":6.0},{"damage":31.0,"enemies":"Reptomancer","floor":40.0,"turns":8.0},{"damage":5.0,"enemies":"Sphere and 2 Shapes","floor":41.0,"turns":5.0},{"damage":6.0,"enemies":"Nemesis","floor":42.0,"turns":7.0},{"damage":29.0,"enemies":"Jaw Worm Horde","floor":45.0,"turns":4.0},{"damage":1.0,"enemies":"Writhing Mass","floor":48.0,"turns":3.0},{"damage":16.0,"enemies":"Donu and Deca","floor":50.0,"turns":8.0},{"damage":36.0,"enemies":"Shield and Spear","floor":54.0,"turns":8.0},{"damage":107,"enemies":"The Heart","floor":55,"turns":9}],"seed_played":"5952619533979681116","potions_obtained":[{"floor":10.0,"key":"AttackPotion"},{"floor":14.0,"key":"LiquidBronze"},{"floor":18.0,"key":"DistilledChaos"},{"floor":28.0,"key":"EssenceOfSteel"},{"floor":33.0,"key":"SpeedPotion"},{"floor":35.0,"key":"BlessingOfTheForge"},{"floor":39.0,"key":"Regen Potion"},{"floor":40.0,"key":"LiquidBronze"},{"floor":41.0,"key":"SteroidPotion"},{"floor":48.0,"key":"Swift Potion"}],"is_trial":false,"path_per_floor":["M","?","?","$","M","R","M","M","T","E","$","R","T","E","R","B",null,"M","$","?","M","?","R","E","R","T","E","M","R","?","$","R","B",null,"M","M","?","?","?","E","M","E","T","$","M","R","$","M","R","B",null,"R","$","E","B",null],"character_chosen":"THE_SILENT","items_purchased":["Blade Dance","After Image","Expertise","Trip","SkillPotion"],"campfire_rested":0,"item_purchase_floors":[4,11,11,31,53],"current_hp_per_floor":[58,58,47,47,47,47,47,43,43,33,33,33,33,28,28,14,56,56,56,56,52,52,52,50,50,50,28,15,15,15,15,15,14,56,55,55,55,55,55,43,38,32,32,32,8,8,8,7,7,16,54,54,54,23,20],"gold":31,"neow_bonus":"BOSS_RELIC","is_daily":false,"chose_seed":false,"campfire_upgraded":9,"win_rate":0.0,"timestamp":1613394820,"path_taken":["M","?","?","?","M","R","M","?","T","E","$","R","?","E","R","BOSS","M","$","?","M","?","R","E","R","T","E","M","R","?","$","R","BOSS","M","M","?","?","?","E","M","E","T","$","M","R","?","M","R","BOSS","R","$","E","BOSS"],"items_purchased_type":["Card","Card","Card","Card","Potion"],"build_version":"2020-12-22","purchased_purges":5,"victory":true,"max_hp_per_floor":[70,70,70,70,70,70,70,70,70,70,70,70,70,70,70,70,70,70,70,70,70,70,70,70,70,70,70,70,70,70,70,70,70,70,70,70,66,66,66,66,66,66,66,66,66,66,66,66,66,66,66,66,66,66,66],"card_choices":[{"not_picked":["Outmaneuver","Infinite Blades"],"picked":"Choke","floor":1.0},{"not_picked":["Deflect","Bane","Heel Hook"],"picked":"SKIP","floor":5.0},{"not_picked":["Eviscerate","Dodge and Roll"],"picked":"PiercingWail","floor":7.0},{"not_picked":["Dagger Throw","Masterful Stab","Poisoned Stab"],"picked":"SKIP","floor":8.0},{"not_picked":["Deflect","Dagger Throw","Poisoned Stab"],"picked":"SKIP","floor":10.0},{"not_picked":["Reflex","Slice","Deflect"],"picked":"SKIP","floor":14.0},{"not_picked":["After Image","Malaise"],"picked":"Envenom","floor":16.0},{"not_picked":["Infinite Blades","Masterful Stab+1"],"picked":"Backflip+1","floor":18.0},{"not_picked":["Backflip","Expertise"],"picked":"Well Laid Plans","floor":21.0},{"not_picked":["Sucker Punch","Dodge and Roll+1","Dash"],"picked":"SKIP","floor":24.0},{"not_picked":["Poisoned Stab","Sucker Punch"],"picked":"Cloak And Dagger+1","floor":27.0},{"not_picked":["Deflect","Setup","Tactician"],"picked":"SKIP","floor":28.0},{"not_picked":["Blade Dance","Flying Knee","Cloak And Dagger+1"],"picked":"SKIP","floor":35.0},{"not_picked":["Bouncing Flask+1","Deadly Poison","Prepared"],"picked":"SKIP","floor":36.0},{"not_picked":["Concentrate","Bullet Time"],"picked":"Catalyst+1","floor":40.0},{"not_picked":["Backstab","Flying Knee+1"],"picked":"Noxious Fumes+1","floor":41.0},{"not_picked":["Poisoned Stab+1","Quick Slash","Backflip"],"picked":"SKIP","floor":41.0},{"not_picked":["Predator","Sucker Punch","Catalyst"],"picked":"SKIP","floor":42.0},{"not_picked":["Outmaneuver","PiercingWail","Backflip"],"picked":"SKIP","floor":45.0},{"not_picked":["Deflect+1","Dodge and Roll+1","Underhanded Strike+1"],"picked":"SKIP","floor":45.0},{"not_picked":["Slice","Dodge and Roll+1"],"picked":"Escape Plan","floor":48.0},{"not_picked":["Endless Agony","Well Laid Plans+1","Dagger Throw"],"picked":"SKIP","floor":48.0},{"not_picked":["Masterful Stab+1","Crippling Poison+1"],"picked":"Wraith Form v2+1","floor":54.0}],"player_experience":648094,"relics_obtained":[{"floor":9.0,"key":"Lantern"},{"floor":10.0,"key":"Potion Belt"},{"floor":14.0,"key":"Snake Skull"},{"floor":24.0,"key":"Matryoshka"},{"floor":26.0,"key":"War Paint"},{"floor":26.0,"key":"Toy Ornithopter"},{"floor":27.0,"key":"Lizard Tail"},{"floor":39.0,"key":"Du-Vu Doll"},{"floor":40.0,"key":"Mercury Hourglass"},{"floor":40.0,"key":"Prayer Wheel"},{"floor":42.0,"key":"Frozen Egg 2"},{"floor":42.0,"key":"Pantograph"},{"floor":43.0,"key":"Ninja Scroll"},{"floor":43.0,"key":"Akabeko"},{"floor":54.0,"key":"Orichalcum"},{"floor":54.0,"key":"Anchor"}],"event_choices":[{"damage_healed":0.0,"max_hp_gain":0.0,"max_hp_loss":0.0,"gold_gain":0.0,"event_name":"Liars Game","player_choice":"Ignored","floor":2.0,"gold_loss":0.0,"damage_taken":0.0},{"damage_healed":0.0,"max_hp_gain":0.0,"max_hp_loss":0.0,"gold_gain":75.0,"event_name":"World of Goop","player_choice":"Gather Gold","floor":3.0,"gold_loss":0.0,"damage_taken":11.0},{"cards_removed":["Strike_G"],"damage_healed":0.0,"max_hp_gain":0.0,"max_hp_loss":0.0,"gold_gain":0.0,"event_name":"Back to Basics","player_choice":"Elegance","floor":20.0,"gold_loss":0.0,"damage_taken":0.0},{"damage_healed":0.0,"max_hp_gain":0.0,"max_hp_loss":0.0,"gold_gain":99.0,"event_name":"Nest","player_choice":"Stole From Cult","floor":22.0,"gold_loss":0.0,"damage_taken":0.0},{"damage_healed":0.0,"max_hp_gain":0.0,"max_hp_loss":0.0,"gold_gain":0.0,"event_name":"Ghosts","player_choice":"Ignored","floor":30.0,"gold_loss":0.0,"damage_taken":0.0},{"damage_healed":0.0,"max_hp_gain":0.0,"max_hp_loss":4.0,"gold_gain":0.0,"event_name":"Winding Halls","player_choice":"Max HP","floor":37.0,"gold_loss":0.0,"damage_taken":0.0},{"cards_removed":["Strike_G"],"damage_healed":0.0,"max_hp_gain":0.0,"max_hp_loss":0.0,"gold_gain":0.0,"event_name":"Falling","player_choice":"Removed Attack","floor":38.0,"gold_loss":0.0,"damage_taken":0.0},{"damage_healed":0.0,"max_hp_gain":0.0,"max_hp_loss":0.0,"gold_gain":0.0,"event_name":"MindBloom","player_choice":"Fight","floor":39.0,"gold_loss":0.0,"damage_taken":0.0}],"is_beta":false,"boss_relics":[{"not_picked":["Ectoplasm","Snecko Eye"],"picked":"Cursed Key"},{"not_picked":["Tiny House","Sozu"],"picked":"Black Star"}],"items_purged_floors":[4,19,31,44,47],"is_endless":false,"potions_floor_spawned":[10,14,18,28,33,35,39,40,41,48],"ascension_level":7}}