{"host":"q8mjpf3krl0t4p3x","time":1613424717,"event":{"mods":["BaseMod","Colored Map","Colored Powertips","Googly Eyes","Minty Spire (QoL Compilation)","Quick Restart","StSLib","everything is the same but u backflip on backflip","slay the spire mod where everything is the same but ironclad has a cowboy hat"],"gold_per_floor":[114,114,172,51,51,77,77,93,139,139,86,101,101,115,115,210,260,280,60,60,60,60,60,60,60,60,60,72,88,88,3,3,3,3],"floor_reached":33,"language":"ENG","playtime":1334,"items_purged":[],"score":251,"play_id":"f2d4690e-290c-44e3-8c67-35258fb5198e","local_time":"20210215133156","is_ascension_mode":true,"campfire_choices":[{"data":"Poisoned Stab","floor":7,"key":"SMITH"},{"data":"Quick Slash","floor":10,"key":"SMITH"},{"data":"All Out Attack","floor":13,"key":"SMITH"},{"data":"Neutralize","floor":15,"key":"SMITH"},{"data":"Leg Sweep","floor":23,"key":"SMITH"},{"data":"Survivor","floor":25,"key":"SMITH"},{"data":"Phantasmal Killer","floor":27,"key":"SMITH"},{"data":"Dagger Spray","floor":30,"key":"SMITH"},{"floor":32,"key":"REST"}],"circlet_count":0,"master_deck":["Strike_G","Strike_G","Strike_G+1","Strike_G","Strike_G","Defend_G","Defend_G","Defend_G","Defend_G","Defend_G","Survivor+1","Neutralize+1","Backstab","Poisoned Stab+1","Crippling Poison","Quick Slash+1","PiercingWail","All Out Attack+1","Phantasmal Killer+1","Footwork+1","Leg Sweep+1","Backflip","Dagger Spray+1"],"relics":["Ring of the Snake","Omamori","Bag of Preparation","Tiny House","Vajra","Peace Pipe","Necronomicon","Snake Skull","Darkstone Periapt"],"acts_visited":["Exordium","TheCity"],"potions_floor_usage":[16,16,16,33,33],"damage_taken":[{"damage":1,"enemies":"Jaw Worm","floor":1,"turns":4},{"damage":20,"enemies":"Gremlin Nob","floor":6,"turns":4},{"damage":4,"enemies":"2 Louse","floor":8,"turns":3},{"damage":0,"enemies":"Cultist","floor":12,"turns":3},{"damage":12,"enemies":"Exordium Thugs","floor":14,"turns":3},{"damage":8,"enemies":"Hexaghost","floor":16,"turns":8},{"damage":19,"enemies":"Spheric Guardian","floor":18,"turns":4},{"damage":0,"enemies":"3 Byrds","floor":28,"turns":5},{"damage":12,"enemies":"Centurion and Healer","floor":29,"turns":4},{"damage":64,"enemies":"Champ","floor":33,"turns":12}],"seed_played":"6259614299196518961","potions_obtained":[{"floor":1,"key":"DistilledChaos"},{"floor":6,"key":"FearPotion"},{"floor":14,"key":"FearPotion"},{"floor":16,"key":"PowerPotion"},{"floor":17,"key":"SmokeBomb"},{"floor":18,"key":"AttackPotion"}],"is_trial":false,"path_per_floor":["M","?","?","$","?","E","R","M","T","R","$","M","R","M","R","B",null,"M","$","T","$","?","R","?","R","T","R","M","M","R","?","R","B"],"character_chosen":"THE_SILENT","items_purchased":["Poisoned Stab","Crippling Poison","PiercingWail","Leg Sweep","Vajra"],"campfire_rested":1,"item_purchase_floors":[4,4,11,19,19],"current_hp_per_floor":[76,76,76,76,76,56,56,52,52,52,52,52,52,40,40,32,82,63,63,63,63,47,47,52,52,52,52,52,40,40,40,64,0,0],"gold":3,"neow_bonus":"TEN_PERCENT_HP_BONUS","is_daily":false,"chose_seed":false,"campfire_upgraded":8,"win_rate":0.0,"timestamp":1613424716,"path_taken":["M","?","?","$","?","E","R","M","T","R","?","M","R","?","R","BOSS","M","$","?","?","?","R","?","R","T","R","M","?","R","?","R","BOSS"],"items_purchased_type":["Card","Card","Card","Card","Relic"],"build_version":"2020-12-22","purchased_purges":0,"victory":false,"max_hp_per_floor":[77,77,77,77,77,77,77,77,77,77,77,77,77,77,77,77,82,82,82,82,82,82,82,82,82,82,82,82,82,82,82,82,82,82],"card_choices":[{"not_picked":["Leg Sweep","Bane"],"picked":"Backstab","floor":1},{"not_picked":["Flying Knee","Tactician","Dagger Throw"],"picked":"SKIP","floor":6},{"not_picked":["Flechettes","Bane"],"picked":"Quick Slash","floor":8},{"not_picked":["Deadly Poison","Cloak And Dagger"],"picked":"All Out Attack","floor":12},{"not_picked":["Dodge and Roll","Well Laid Plans","Choke"],"picked":"SKIP","floor":14},{"not_picked":["After Image","Night Terror"],"picked":"Phantasmal Killer","floor":16},{"not_picked":["Finisher","PiercingWail"],"picked":"Slice","floor":17},{"not_picked":["Bane","Blur+1"],"picked":"Footwork+1","floor":18},{"not_picked":["Expertise","Crippling Poison"],"picked":"Backflip","floor":28},{"not_picked":["Blade Dance","Leg Sweep"],"picked":"Dagger Spray","floor":29}],"player_experience":181588,"relics_obtained":[{"floor":6,"key":"Omamori"},{"floor":9,"key":"Bag of Preparation"},{"floor":20,"key":"Peace Pipe"},{"floor":22,"key":"Necronomicon"},{"floor":26,"key":"Snake Skull"}],"event_choices":[{"damage_healed":0,"gold_gain":0,"player_choice":"Ignored","damage_taken":0,"max_hp_gain":0,"max_hp_loss":0,"event_name":"Liars Game","floor":2,"gold_loss":0},{"damage_healed":0,"gold_gain":58,"player_choice":"Gained Gold","damage_taken":0,"max_hp_gain":0,"max_hp_loss":0,"event_name":"Golden Wing","floor":3,"gold_loss":0},{"damage_healed":0,"gold_gain":0,"player_choice":"Leave","damage_taken":0,"max_hp_gain":0,"max_hp_loss":0,"event_name":"The Cleric","floor":5,"gold_loss":0},{"damage_healed":0,"gold_gain":0,"player_choice":"Obtained Book","damage_taken":16,"max_hp_gain":0,"max_hp_loss":0,"event_name":"Cursed Tome","floor":22,"gold_loss":0},{"cards_removed":["Slice"],"damage_healed":5,"gold_gain":0,"player_choice":"Offered Common","damage_taken":0,"max_hp_gain":0,"max_hp_loss":0,"event_name":"Bonfire Elementals","floor":24,"gold_loss":0},{"cards_removed":["Slice"],"damage_healed":5,"gold_gain":0,"player_choice":"Offered Special","damage_taken":0,"max_hp_gain":0,"max_hp_loss":0,"event_name":"Bonfire Elementals","floor":24,"gold_loss":0},{"damage_healed":0,"gold_gain":0,"player_choice":"Obtained Relic","damage_taken":0,"relics_obtained":["Darkstone Periapt"],"max_hp_gain":0,"max_hp_loss":0,"event_name":"Addict","floor":31,"gold_loss":85}],"is_beta":false,"boss_relics":[{"not_picked":["Sozu","Pandora\u0027s Box"],"picked":"Tiny House"}],"items_purged_floors":[],"is_endless":false,"potions_floor_spawned":[1,6,14,16,18],"killed_by":"Champ","ascension_level":1}}