{"host":"knk89g45d3vzr5fm","time":1613418959,"event":{"mods":["2.2 Compatiblity","BaseMod","Downfall","Minty Spire (QoL Compilation)","Relic Stats","Reliquary","Replay The Spire","StSLib","The Marked"],"gold_per_floor":[99,116,131,131,131,144,144,175,193,213,225,225,225,225],"floor_reached":12,"language":"FRA","playtime":402,"items_purged":[],"score":123,"play_id":"e6d95b7e-0797-4a19-9169-fd330659b34f","local_time":"20210215205559","is_ascension_mode":true,"campfire_choices":[{"data":"sneckomod:SnekBite","floor":1,"key":"SMITH"}],"circlet_count":0,"master_deck":["AscendersBane","sneckomod:Strike","sneckomod:Strike","sneckomod:Defend","sneckomod:Defend","sneckomod:Defend","sneckomod:TailWhip","sneckomod:SnekBite+1","sneckomod:Unknown","sneckomod:Unknown","sneckomod:SnekBite+1","sneckomod:UnknownColorless","sneckomod:UnknownClassRED","sneckomod:UnknownClassRED"],"relics":["Busted Crown","Regal Pillow","Frozen Egg 2"],"acts_visited":["Exordium"],"potions_floor_usage":[8,8,10],"damage_taken":[{"damage":0,"enemies":"Small Slimes","floor":2,"turns":3},{"damage":0,"enemies":"2 Louse","floor":3,"turns":2},{"damage":1,"enemies":"Cultist","floor":6,"turns":3},{"damage":40,"enemies":"Lagavulin","floor":8,"turns":6},{"damage":12,"enemies":"Exordium Wildlife","floor":9,"turns":2},{"damage":8,"enemies":"Gremlin Gang","floor":10,"turns":3},{"damage":11,"enemies":"Blue Slaver","floor":11,"turns":3},{"damage":20,"enemies":"3 Sentries","floor":12,"turns":2}],"seed_played":"5995312610072361600","potions_obtained":[{"floor":2,"key":"AttackPotion"},{"floor":3,"key":"GamblersBrew"},{"floor":6,"key":"ColorlessPotion"}],"is_trial":false,"path_per_floor":["R","M","M","?","?","M","T","E","M","M","M","E"],"character_chosen":"THE_SNECKO","items_purchased":[],"campfire_rested":0,"item_purchase_floors":[],"current_hp_per_floor":[81,81,81,81,81,80,80,40,28,20,13,0,0,0],"gold":225,"neow_bonus":"BOSS_RELIC","is_daily":false,"chose_seed":false,"campfire_upgraded":1,"win_rate":0.0,"timestamp":1613418959,"path_taken":["R","M","M","?","?","M","T","E","M","M","?","E"],"items_purchased_type":[],"build_version":"2020-12-22","purchased_purges":0,"victory":false,"max_hp_per_floor":[90,90,90,90,90,90,90,90,90,90,90,90,90,90],"relic_stats":{"Regal Pillow":0,"Busted Crown":14,"counters":[8,24],"obtain_stats":[{"Regal Pillow":7,"Busted Crown":0,"Frozen Egg 2":8,"sneckomod:SneckoSoul":0},{"Regal Pillow":3,"Busted Crown":0,"Frozen Egg 2":4,"sneckomod:SneckoSoul":0},{"Regal Pillow":8,"Busted Crown":0,"Frozen Egg 2":14,"sneckomod:SneckoSoul":0}]},"card_choices":[{"not_picked":["sneckomod:RainOfDice"],"picked":"SKIP","floor":2},{"not_picked":["sneckomod:UnknownClassGUARDIAN"],"picked":"SKIP","floor":3},{"not_picked":[],"picked":"sneckomod:UnknownColorless","floor":6},{"not_picked":["sneckomod:UnknownClassMARKED_PURPLE_COLOR"],"picked":"SKIP","floor":8},{"not_picked":["sneckomod:UnknownWeak"],"picked":"SKIP","floor":9},{"not_picked":[],"picked":"sneckomod:UnknownClassRED","floor":10},{"not_picked":[],"picked":"sneckomod:UnknownClassRED","floor":11}],"player_experience":2175109,"relics_obtained":[{"floor":7,"key":"Regal Pillow"},{"floor":8,"key":"Frozen Egg 2"}],"event_choices":[],"is_beta":false,"boss_relics":[],"items_purged_floors":[],"is_endless":false,"potions_floor_spawned":[2,3,6],"killed_by":"3 Sentries","ascension_level":10}}