{"host":"eeb412nj2w7f9cz8","time":1613371027,"event":{"mods":["ATMod(°¢èªMod)","Act Like it!","BaseMod","Minty Spire (QoL Compilation)","StSLib"],"gold_per_floor":[114,114,129,141,151,151,161,194,194,194,238,238,313,359,359,487,487,507,507,507,530,551,551,589,589,589,629,629,645,684,684,684,805,805,818,881,894,917,917,917,938,78,78,119,133,171,171,171,171,171],"floor_reached":51,"language":"ZHS","playtime":4160,"items_purged":["Strike_B"],"score":877,"play_id":"4e3264f1-fe2e-4fab-9135-bba056647e16","local_time":"20210215143707","is_ascension_mode":false,"campfire_choices":[{"data":"AT_TwilightShroud","floor":6.0,"key":"SMITH"},{"data":"Chaos","floor":12.0,"key":"SMITH"},{"data":"Zap","floor":15.0,"key":"SMITH"},{"data":"Static Discharge","floor":23.0,"key":"SMITH"},{"data":"AT_WaterDrop","floor":25.0,"key":"SMITH"},{"data":"Thunder Strike","floor":32.0,"key":"SMITH"},{"data":"Buffer","floor":40,"key":"SMITH"},{"data":"Capacitor","floor":48,"key":"SMITH"},{"data":"Fission","floor":49,"key":"SMITH"}],"circlet_count":0,"master_deck":["Strike_B+1","Defend_B","Defend_B","Defend_B","Defend_B","Zap+1","Dualcast","AT_TwilightShroud+1","Chaos+1","Static Discharge+1","Sweeping Beam","Melter","BootSequence","AT_HeatAcrobatics","Sweeping Beam","Echo Form","Force Field","Heatsinks","AT_WaterDrop+1","J.A.X.","Thunder Strike+1","Buffer+1","AT_EmpoweredMortalDraw+1","Capacitor+1","Redo","AT_DarkMatter+1","Darkness+1","Fission+1","Metamorphosis","AT_ThreeBodyProblem"],"relics":["Cracked Core","AT_ATBox","Boot","AT_RedTearstoneRing","Golden Idol","AT_SunfireAegis","Philosopher\u0027s Stone","Symbiotic Virus","Ancient Tea Set","Pen Nib","Enchiridion","AT_MortalBlade","StoneCalendar","Whetstone","Toolbox","Bag of Preparation","Cables","Dream Catcher","MealTicket"],"acts_visited":["Exordium","TheCity","TheBeyond"],"potions_floor_usage":[],"damage_taken":[{"damage":0.0,"enemies":"Small Slimes","floor":1.0,"turns":5.0},{"damage":1.0,"enemies":"Jaw Worm","floor":3.0,"turns":4.0},{"damage":0.0,"enemies":"2 Louse","floor":4.0,"turns":3.0},{"damage":1.0,"enemies":"2 Fungi Beasts","floor":5.0,"turns":3.0},{"damage":2.0,"enemies":"3 Louse","floor":7.0,"turns":4.0},{"damage":16.0,"enemies":"Lagavulin","floor":8.0,"turns":8.0},{"damage":0.0,"enemies":"3 Sentries","floor":11.0,"turns":6.0},{"damage":0.0,"enemies":"Looter","floor":14.0,"turns":3.0},{"damage":14.0,"enemies":"Hexaghost","floor":16.0,"turns":9.0},{"damage":0.0,"enemies":"Shell Parasite","floor":18.0,"turns":4.0},{"damage":0.0,"enemies":"Chosen","floor":21.0,"turns":5.0},{"damage":0.0,"enemies":"Snake Plant","floor":22.0,"turns":4.0},{"damage":0.0,"enemies":"Book of Stabbing","floor":24.0,"turns":5.0},{"damage":24.0,"enemies":"Gremlin Leader","floor":27.0,"turns":5.0},{"damage":13.0,"enemies":"Chosen and Byrds","floor":29.0,"turns":6.0},{"damage":18.0,"enemies":"Slavers","floor":30.0,"turns":5.0},{"damage":3.0,"enemies":"Champ","floor":33.0,"turns":7.0},{"damage":0.0,"enemies":"3 Darklings","floor":35.0,"turns":3.0},{"damage":7.0,"enemies":"Mind Bloom Boss Battle","floor":36.0,"turns":3.0},{"damage":1,"enemies":"Orb Walker","floor":37,"turns":2},{"damage":0,"enemies":"Transient","floor":38,"turns":5},{"damage":0,"enemies":"Maw","floor":41,"turns":6},{"damage":0,"enemies":"Reptomancer","floor":44,"turns":6},{"damage":0,"enemies":"Spire Growth","floor":45,"turns":5},{"damage":0,"enemies":"Nemesis","floor":46,"turns":5},{"damage":0,"enemies":"Sphere and 2 Shapes","floor":47,"turns":1},{"damage":15,"enemies":"Awakened One","floor":50,"turns":7}],"seed_played":"-5207984042562645307","potions_obtained":[{"floor":3.0,"key":"EssenceOfSteel"},{"floor":5.0,"key":"SpeedPotion"},{"floor":7.0,"key":"Regen Potion"},{"floor":14.0,"key":"FearPotion"},{"floor":22.0,"key":"DuplicationPotion"},{"floor":24.0,"key":"Dexterity Potion"},{"floor":27.0,"key":"FearPotion"},{"floor":33.0,"key":"PotionOfCapacity"}],"is_trial":false,"path_per_floor":["M","?","M","M","M","R","M","E","T","?","E","R","?","M","R","B",null,"M","?","?","M","M","R","E","R","T","E","?","M","E","?","R","B",null,"M","?","M","M","?","R","M","$","T","E","M","E","M","R","R","B",null],"character_chosen":"DEFECT","items_purchased":["Whetstone","Toolbox","Bag of Preparation","Fission","Metamorphosis"],"campfire_rested":0,"item_purchase_floors":[42,42,42,42,42],"current_hp_per_floor":[82,75,74,74,73,73,71,70,70,50,50,50,39,39,39,25,82,82,82,82,82,82,82,82,82,82,58,58,45,27,11,11,8,82,82,75,74,74,74,74,74,74,74,74,74,74,74,74,74,59],"gold":171,"neow_bonus":"TEN_PERCENT_HP_BONUS","is_daily":false,"chose_seed":false,"campfire_upgraded":9,"win_rate":0.0,"timestamp":1613371027,"path_taken":["M","?","M","M","M","R","M","E","T","?","E","R","?","M","R","BOSS","M","?","?","M","M","R","E","R","T","E","?","?","E","?","R","BOSS","M","?","M","M","?","R","M","$","T","E","M","E","M","?","R","BOSS"],"items_purchased_type":["Relic","Relic","Relic","Card","Card"],"build_version":"2020-12-22","purchased_purges":1,"victory":true,"max_hp_per_floor":[82,82,82,82,82,82,82,82,82,82,82,82,82,82,82,82,82,82,82,82,82,82,82,82,82,82,82,82,82,82,82,82,82,82,82,82,82,82,82,82,82,82,82,82,82,82,82,82,82,82],"card_choices":[{"not_picked":["Gash","Hologram"],"picked":"Chaos","floor":1.0},{"not_picked":["Aggregate","Heatsinks"],"picked":"Static Discharge","floor":3.0},{"not_picked":["Melter","Steam"],"picked":"Sweeping Beam","floor":4.0},{"not_picked":["Beam Cell","Rip and Tear"],"picked":"Melter","floor":5.0},{"not_picked":["Consume","Streamline"],"picked":"BootSequence","floor":7.0},{"not_picked":["Turbo","Barrage"],"picked":"AT_HeatAcrobatics","floor":8.0},{"not_picked":["Barrage","Beam Cell"],"picked":"Sweeping Beam","floor":11.0},{"not_picked":["Leap","Coolheaded","Conserve Battery"],"picked":"SKIP","floor":14.0},{"not_picked":["Core Surge","Machine Learning"],"picked":"Echo Form","floor":16.0},{"not_picked":["Barrage+1","Turbo+1","Blizzard"],"picked":"SKIP","floor":18.0},{"not_picked":["FTL+1","Barrage"],"picked":"Force Field","floor":21.0},{"not_picked":["Conserve Battery","Gash"],"picked":"Heatsinks","floor":22.0},{"not_picked":["AT_HeatAcrobatics+1","Rebound+1"],"picked":"AT_WaterDrop","floor":24.0},{"not_picked":["Beam Cell+1","Ball Lightning+1","Streamline"],"picked":"SKIP","floor":27.0},{"not_picked":["Hologram","Leap","Reprogram"],"picked":"SKIP","floor":29.0},{"not_picked":["AT_StudyProgram","AT_RobotInSpace"],"picked":"Thunder Strike","floor":30.0},{"not_picked":["Reboot","All For One"],"picked":"Buffer","floor":33.0},{"not_picked":["Cold Snap+1","AT_DarkMatter+1"],"picked":"Capacitor","floor":35.0},{"not_picked":["Steam","Streamline+1"],"picked":"Redo","floor":37},{"not_picked":["Leap+1","Reinforced Body+1"],"picked":"AT_DarkMatter+1","floor":38},{"not_picked":["Rebound+1","Streamline"],"picked":"Darkness+1","floor":41},{"not_picked":["Conserve Battery","Gash","Barrage"],"picked":"SKIP","floor":44},{"not_picked":["AT_HeatAcrobatics","Cold Snap","Ball Lightning+1"],"picked":"SKIP","floor":45},{"not_picked":["AT_RobotInSpace","Compile Driver+1"],"picked":"AT_ThreeBodyProblem","floor":46}],"player_experience":107811,"relics_obtained":[{"floor":8.0,"key":"Boot"},{"floor":9.0,"key":"AT_RedTearstoneRing"},{"floor":11.0,"key":"AT_SunfireAegis"},{"floor":24.0,"key":"Symbiotic Virus"},{"floor":27.0,"key":"Ancient Tea Set"},{"floor":30.0,"key":"Pen Nib"},{"floor":31.0,"key":"Enchiridion"},{"floor":36.0,"key":"StoneCalendar"},{"floor":43,"key":"Cables"},{"floor":44,"key":"Dream Catcher"},{"floor":46,"key":"MealTicket"}],"event_choices":[{"cards_removed":["Strike_B"],"damage_healed":0.0,"max_hp_gain":0.0,"max_hp_loss":0.0,"gold_gain":0.0,"event_name":"Golden Wing","player_choice":"Card Removal","floor":2.0,"gold_loss":0.0,"damage_taken":7.0},{"damage_healed":0.0,"max_hp_gain":0.0,"max_hp_loss":0.0,"gold_gain":0.0,"event_name":"Golden Idol","player_choice":"Take Damage","floor":10.0,"gold_loss":0.0,"damage_taken":20.0,"relics_obtained":["Golden Idol"]},{"damage_healed":0.0,"max_hp_gain":0.0,"max_hp_loss":0.0,"gold_gain":75.0,"event_name":"World of Goop","player_choice":"Gather Gold","floor":13.0,"gold_loss":0.0,"damage_taken":11.0},{"damage_healed":0.0,"max_hp_gain":0.0,"max_hp_loss":0.0,"gold_gain":0.0,"event_name":"Vampires","player_choice":"Ignored","floor":19.0,"gold_loss":0.0,"damage_taken":0.0},{"cards_removed":["Strike_B"],"damage_healed":0.0,"max_hp_gain":0.0,"max_hp_loss":0.0,"gold_gain":0.0,"event_name":"Back to Basics","player_choice":"Elegance","floor":20.0,"gold_loss":0.0,"damage_taken":0.0},{"damage_healed":0.0,"max_hp_gain":0.0,"max_hp_loss":0.0,"gold_gain":0.0,"event_name":"Drug Dealer","player_choice":"Obtain J.A.X.","floor":28.0,"gold_loss":0.0,"damage_taken":0.0,"cards_obtained":["J.A.X."]},{"damage_healed":0.0,"max_hp_gain":0.0,"max_hp_loss":0.0,"gold_gain":0.0,"event_name":"Cursed Tome","player_choice":"Obtained Book","floor":31.0,"gold_loss":0.0,"damage_taken":16.0},{"damage_healed":0.0,"max_hp_gain":0.0,"max_hp_loss":0.0,"gold_gain":0.0,"event_name":"MindBloom","player_choice":"Fight","floor":36.0,"gold_loss":0.0,"damage_taken":0.0},{"damage_healed":0,"gold_gain":0,"player_choice":"Ignored","damage_taken":0,"max_hp_gain":0,"max_hp_loss":0,"event_name":"Tomb of Lord Red Mask","floor":39,"gold_loss":0}],"is_beta":false,"boss_relics":[{"not_picked":["Tiny House","Runic Pyramid"],"picked":"Philosopher\u0027s Stone"},{"not_picked":["FrozenCore","SlaversCollar"],"picked":"AT_MortalBlade"}],"items_purged_floors":[42],"is_endless":false,"potions_floor_spawned":[3,5,7,14,22,24,27,33,41,44,46],"ascension_level":0}}