{"host":"clf2hd4adhiiw0zf","time":1613412305,"event":{"mods":["AchievementEnabler","BaseMod","Beaked The Cultist","Bestiary","Dark Map","Downfall","Gremlin Mod","Hermit","Jorbs\u0027s Wanderer Trilogy","Marisa????????","Minty Spire (QoL Compilation)","Shop Mod","StSLib","The Cursed","Wide Potions"],"gold_per_floor":[99,115,125,144,144,174,200,200,234,134,152,252,265,265,282,359,359,359,374,388,404,404,404,404],"floor_reached":22,"language":"ENG","playtime":675,"items_purged":[],"score":356,"play_id":"8c272bcd-56df-4fab-97a8-55b6ff51eb73","local_time":"20210215110505","is_ascension_mode":true,"campfire_choices":[{"data":"champ:Execute","floor":1,"key":"SMITH"},{"data":"champ:PerfectedStrike","floor":10,"key":"SMITH"},{"data":"1","floor":18,"key":"LIFT"}],"circlet_count":0,"master_deck":["AscendersBane","champ:Strike","champ:Strike","champ:Strike","champ:Strike","champ:Defend","champ:Defend","champ:Defend","champ:Defend","champ:Execute+1","champ:Taunt","champ:PerfectedStrike+1","champ:PerfectedStrike","champ:PerfectedStrike","champ:Duel","champ:FlashCut","champ:BladeFlurry","champ:Endure","champ:RisingSlash","champ:VampiricStrike","champ:SwordThrow","champ:Backstep","champ:Backstep+1","champ:TripleStrike"],"relics":["champ:ChampionCrown","Centennial Puzzle","bronze:BronzeIdol","Omamori","champ:LiftRelic","Torii","downfall:HeartBlessingGreen","CloakClasp","Ancient Tea Set","Calling Bell","Strawberry","hexamod:CandleOfCauterizing","Girya"],"acts_visited":["Exordium","TheCity"],"potions_floor_usage":[9,12,15,16,21],"damage_taken":[{"damage":11,"enemies":"2 Louse","floor":2,"turns":3},{"damage":4,"enemies":"Jaw Worm","floor":3,"turns":2},{"damage":2,"enemies":"Small Slimes","floor":4,"turns":2},{"damage":18,"enemies":"Gremlin Nob","floor":6,"turns":3},{"damage":33,"enemies":"Lagavulin","floor":9,"turns":5},{"damage":13,"enemies":"3 Louse","floor":11,"turns":3},{"damage":15,"enemies":"3 Louse","floor":12,"turns":3},{"damage":1,"enemies":"downfall:LooterAlt","floor":13,"turns":2},{"damage":0,"enemies":"Exordium Wildlife","floor":15,"turns":3},{"damage":13,"enemies":"DF_ARCHETYPE_STREAMLINE","floor":16,"turns":14},{"damage":12,"enemies":"downfall:LooterAlt2","floor":19,"turns":4},{"damage":16,"enemies":"Chosen","floor":20,"turns":3},{"damage":0,"enemies":"Sentry and Sphere","floor":21,"turns":3},{"damage":54,"enemies":"Sentry and Sphere","floor":22,"turns":6}],"seed_played":"-7840281345907194940","potions_obtained":[{"floor":6,"key":"Block Potion"},{"floor":9,"key":"bronze:BurnAndBuffPotion"},{"floor":11,"key":"Explosive Potion"},{"floor":13,"key":"Swift Potion"},{"floor":15,"key":"Block Potion"},{"floor":19,"key":"BlessingOfTheForge"}],"is_trial":false,"path_per_floor":["R","M","M","M","?","E","T","?","E","R","M","?","M","?","M","B",null,"R","M","M","M","?"],"character_chosen":"THE_CHAMP","items_purchased":[],"campfire_rested":0,"item_purchase_floors":[],"current_hp_per_floor":[73,72,68,66,66,58,58,58,35,35,32,17,16,16,16,13,71,71,59,53,53,0,0,0],"gold":404,"neow_bonus":"RANDOM_COMMON_RELIC","is_daily":false,"chose_seed":false,"campfire_upgraded":2,"win_rate":0.0,"timestamp":1613412305,"path_taken":["R","M","M","M","?","E","T","?","E","R","M","?","M","?","M","BOSS","R","M","M","M","?"],"items_purchased_type":[],"build_version":"2020-12-22","purchased_purges":0,"victory":false,"max_hp_per_floor":[81,81,81,81,81,81,81,81,81,81,81,81,81,81,81,81,88,88,88,88,88,88,88,88],"card_choices":[{"not_picked":["champ:Circumvent","champ:SetATrap"],"picked":"champ:PerfectedStrike","floor":2},{"not_picked":["champ:FanOfKnives","champ:Haymaker"],"picked":"champ:PerfectedStrike","floor":3},{"not_picked":["champ:TornadoPunch","champ:Parry"],"picked":"champ:PerfectedStrike","floor":4},{"not_picked":["champ:ShieldSigil","champ:FocusedDefense"],"picked":"champ:Duel","floor":6},{"not_picked":["champ:Shatter","champ:StanceDance"],"picked":"champ:FlashCut","floor":9},{"not_picked":["champ:AdrenalArmor","champ:ViciousMockery"],"picked":"champ:BladeFlurry","floor":11},{"not_picked":["champ:SwordSigil","champ:PreemptiveStrike"],"picked":"champ:Endure","floor":12},{"not_picked":["champ:Circumvent","champ:ShieldSigil"],"picked":"champ:RisingSlash","floor":13},{"not_picked":["champ:FanOfKnives","champ:ArenaPreparation"],"picked":"champ:VampiricStrike","floor":15},{"not_picked":["champ:CheapShot","champ:Improvising"],"picked":"champ:SwordThrow","floor":16},{"not_picked":["champ:AdrenalArmor","champ:Circumvent"],"picked":"champ:Backstep","floor":19},{"not_picked":["champ:Shatter","champ:FocusedDefense"],"picked":"champ:Backstep+1","floor":20},{"not_picked":["champ:FanOfKnives","champ:BerserkersShout"],"picked":"champ:TripleStrike","floor":21}],"player_experience":309295,"relics_obtained":[{"floor":6,"key":"bronze:BronzeIdol"},{"floor":7,"key":"Omamori"},{"floor":9,"key":"Torii"},{"floor":12,"key":"CloakClasp"},{"floor":17,"key":"Strawberry"},{"floor":17,"key":"hexamod:CandleOfCauterizing"},{"floor":17,"key":"Girya"}],"event_choices":[],"is_beta":false,"boss_relics":[{"not_picked":["Runic Dome","beaked:SacredDeck"],"picked":"Calling Bell"}],"items_purged_floors":[],"is_endless":false,"potions_floor_spawned":[6,9,11,13,15,19],"killed_by":"Sentry and Sphere","ascension_level":16}}