{"host":"cw5mrddkw4tq3s8v","time":1613418867,"event":{"mods":["BaseMod","Block Reminder","Colored Map","Colored Powertips","DeckTracker","Downfall","Highlight Path","Infinite Spire","Minty Spire (QoL Compilation)","Permanent Neow","Quick Restart","Random Character Button","Relic Sorter","Relic Stats","StSLib","SuperFastMode","The Jungle"],"gold_per_floor":[209,209,220,234,204,54,67,100,127,143,162,162,190,206,206,310,310,321,321,334,351,367,395,395,395,419,438,438,463,130,130,130,229,229,239,239,239,256,266,294,294,309,309,309,309,325,325,73,73,73],"floor_reached":51,"language":"ENG","playtime":3766,"items_purged":["Pain","downfall:Haunted","Writhe","infinitespire:Pacifist"],"score":704,"play_id":"2f16a5db-be37-4635-b921-cf504b854156","local_time":"20210215215427","is_ascension_mode":false,"campfire_choices":[{"data":"Bash","floor":12.0,"key":"SMITH"},{"floor":15,"key":"REST"},{"data":"Demon Form","floor":25,"key":"SMITH"},{"data":"infinitespire:SevenWalls","floor":32,"key":"SMITH"},{"data":"infinitespire:Punishment","floor":41,"key":"SMITH"},{"data":"Metallicize","floor":44,"key":"SMITH"},{"data":"Offering","floor":49,"key":"SMITH"}],"circlet_count":0,"master_deck":["Strike_R","Strike_R","Strike_R","Defend_R","Defend_R","Defend_R","Defend_R","Bash+1","Inflame","Twin Strike","Headbutt","Demon Form+1","Metallicize+1","Cleave","Reaper","Shrug It Off+1","Impervious","infinitespire:SevenWalls+1","True Grit","Uppercut","infinitespire:Punishment+1","Offering+1","Battle Trance","Madness","Madness"],"relics":["Burning Blood","Centennial Puzzle","ClockworkSouvenir","Vajra","Regal Pillow","Omamori","Sozu","Cursed Key","infinitespire:Satchel","Matryoshka","Anchor","Dream Catcher","Eternal Feather","InkBottle","SacredBark","infinitespire:Bottled Soul","Strawberry","Potion Belt","Pear","Bronze Scales"],"acts_visited":["TheCity","TheBeyond"],"potions_floor_usage":[13,13,16],"damage_taken":[{"damage":1.0,"enemies":"Cultist","floor":1.0,"turns":4.0},{"damage":5.0,"enemies":"Small Slimes","floor":3.0,"turns":3.0},{"damage":3.0,"enemies":"Jaw Worm","floor":4.0,"turns":4.0},{"damage":2.0,"enemies":"3 Louse","floor":7.0,"turns":4.0},{"damage":26.0,"enemies":"Lagavulin","floor":8.0,"turns":9.0},{"damage":4.0,"enemies":"2 Fungi Beasts","floor":10.0,"turns":3.0},{"damage":3.0,"enemies":"Lots of Slimes","floor":11.0,"turns":2.0},{"damage":23,"enemies":"3 Sentries","floor":13,"turns":5},{"damage":20,"enemies":"Exordium Thugs","floor":14,"turns":5},{"damage":32,"enemies":"Slime Boss","floor":16,"turns":8},{"damage":36,"enemies":"2 Thieves","floor":18,"turns":4},{"damage":22,"enemies":"Spheric Guardian","floor":20,"turns":4},{"damage":20,"enemies":"Shelled Parasite and Fungi","floor":21,"turns":5},{"damage":16,"enemies":"Snecko","floor":22,"turns":5},{"damage":24,"enemies":"Gremlin Leader","floor":23,"turns":6},{"damage":0,"enemies":"Cultist and Chosen","floor":27,"turns":6},{"damage":31,"enemies":"Slavers","floor":29,"turns":5},{"damage":49,"enemies":"Automaton","floor":33,"turns":9},{"damage":0,"enemies":"Orb Walker","floor":35,"turns":2},{"damage":20,"enemies":"3 Darklings","floor":38,"turns":4},{"damage":0,"enemies":"Transient","floor":39,"turns":5},{"damage":45,"enemies":"Nightmare","floor":40,"turns":6},{"damage":18,"enemies":"Sphere and 2 Shapes","floor":42,"turns":4},{"damage":0,"enemies":"Spire Growth","floor":46,"turns":5},{"damage":27,"enemies":"infinitespire:MassOfShapes","floor":50,"turns":7}],"seed_played":"-6487627352909725472","potions_obtained":[{"floor":4.0,"key":"Explosive Potion"},{"floor":5.0,"key":"DistilledChaos"},{"floor":5.0,"key":"BlessingOfTheForge"},{"floor":8.0,"key":"Explosive Potion"},{"floor":14,"key":"GamblersBrew"}],"is_trial":false,"path_per_floor":["M","?","M","M","?","$","M","E","T","M","M","R","E","M","R","B",null,"M","?","M","M","M","E","AVR","R","T","M","?","E","$","?","R","B",null,"M","?","AVR","M","M","NM","R","M","T","R","T","M","?","$","R","B",null],"character_chosen":"IRONCLAD","items_purchased":["ClockworkSouvenir","InkBottle","Bronze Scales"],"campfire_rested":1,"item_purchase_floors":[6,30,48],"current_hp_per_floor":[80,80,80,80,80,80,80,60,60,62,65,65,48,34,73,47,80,56,56,45,53,48,46,46,46,46,66,51,47,47,47,59,38,85,85,85,85,85,85,53,65,74,84,96,96,102,89,89,102,102],"gold":73,"neow_bonus":"HUNDRED_GOLD","is_daily":false,"chose_seed":false,"campfire_upgraded":6,"win_rate":0.0,"timestamp":1613418867,"path_taken":["M","?","M","?","?","$","?","E","T","M","M","R","E","M","R","BOSS","M","?","M","M","M","E","AVR","R","T","M","?","E","$","?","R","BOSS","M","?","AVR","M","?","NM","R","M","T","R","?","M","?","?","R","BOSS"],"items_purchased_type":["Relic","Relic","Relic"],"build_version":"2020-12-13","purchased_purges":4,"victory":true,"max_hp_per_floor":[80,80,80,80,80,80,80,80,80,80,80,80,80,80,80,80,80,80,80,80,80,80,80,80,80,80,80,85,85,85,85,85,85,85,85,85,85,85,85,92,92,92,102,102,102,102,102,102,102,102],"relic_stats":{"Sozu":7,"Centennial Puzzle":[42],"Regal Pillow":15,"Dream Catcher":0,"counters":[18,95],"Bronze Scales":[33],"Eternal Feather":49,"Cursed Key":2,"obtain_stats":[{"Potion Belt":43,"Regal Pillow":0,"Pear":43,"SacredBark":34,"Vajra":0,"Eternal Feather":29,"Omamori":13,"Cursed Key":19,"Burning Blood":0,"ClockworkSouvenir":0,"Sozu":17,"Centennial Puzzle":0,"Anchor":26,"Dream Catcher":26,"Matryoshka":24,"infinitespire:Bottled Soul":37,"Strawberry":40,"Bronze Scales":48,"infinitespire:Satchel":23,"InkBottle":30},{"Potion Belt":16,"Regal Pillow":0,"Pear":16,"SacredBark":11,"Vajra":0,"Eternal Feather":10,"Omamori":1,"Cursed Key":4,"Burning Blood":0,"ClockworkSouvenir":0,"Sozu":3,"Centennial Puzzle":0,"Anchor":8,"Dream Catcher":8,"Matryoshka":8,"infinitespire:Bottled Soul":12,"Strawberry":15,"Bronze Scales":17,"infinitespire:Satchel":8,"InkBottle":10},{"Potion Belt":83,"Regal Pillow":0,"Pear":83,"SacredBark":62,"Vajra":0,"Eternal Feather":53,"Omamori":5,"Cursed Key":22,"Burning Blood":0,"ClockworkSouvenir":0,"Sozu":18,"Centennial Puzzle":0,"Anchor":42,"Dream Catcher":42,"Matryoshka":42,"infinitespire:Bottled Soul":64,"Strawberry":79,"Bronze Scales":88,"infinitespire:Satchel":42,"InkBottle":53}],"Burning Blood":78,"InkBottle":[12]},"card_choices":[{"not_picked":["Dropkick","True Grit"],"picked":"Iron Wave","floor":1.0},{"not_picked":["Flex","Armaments"],"picked":"Inflame","floor":3.0},{"not_picked":["infinitespire:OneForAll","Perfected Strike"],"picked":"Twin Strike","floor":4.0},{"not_picked":["True Grit","Rampage"],"picked":"Headbutt","floor":7.0},{"not_picked":["Blood for Blood","True Grit","Flex"],"picked":"SKIP","floor":8.0},{"not_picked":["Shrug It Off","Battle Trance"],"picked":"Demon Form","floor":10.0},{"not_picked":["Dark Embrace","True Grit"],"picked":"Metallicize","floor":11.0},{"not_picked":["Intimidate","Clothesline","Double Tap"],"picked":"SKIP","floor":13},{"not_picked":["Body Slam","True Grit"],"picked":"Cleave","floor":14},{"not_picked":["Bludgeon","Juggernaut"],"picked":"Reaper","floor":16},{"not_picked":["Sword Boomerang","Twin Strike","Perfected Strike"],"picked":"SKIP","floor":18},{"not_picked":["Clash","Body Slam","Headbutt"],"picked":"SKIP","floor":20},{"not_picked":["Iron Wave+1","Dropkick","Sword Boomerang+1"],"picked":"SKIP","floor":21},{"not_picked":["Sword Boomerang","Heavy Blade"],"picked":"Shrug It Off+1","floor":22},{"not_picked":["Searing Blow","Anger+1"],"picked":"Impervious","floor":23},{"not_picked":["Pommel Strike+1","Carnage","Spot Weakness"],"picked":"SKIP","floor":27},{"not_picked":["Rampage","Iron Wave","Body Slam"],"picked":"SKIP","floor":29},{"not_picked":["Headbutt+1","Inflame+1","Twin Strike"],"picked":"SKIP","floor":35},{"not_picked":["Intimidate","Headbutt","Twin Strike"],"picked":"SKIP","floor":38},{"not_picked":["Hemokinesis+1","Anger"],"picked":"Offering","floor":39},{"not_picked":["Combust","Sword Boomerang+1","Dark Embrace"],"picked":"SKIP","floor":40},{"not_picked":["Clothesline+1","Iron Wave+1","Shockwave+1"],"picked":"SKIP","floor":42},{"not_picked":["Sever Soul+1","Heavy Blade+1"],"picked":"Battle Trance","floor":46}],"player_experience":95614,"relics_obtained":[{"floor":8.0,"key":"Vajra"},{"floor":9.0,"key":"Regal Pillow"},{"floor":13,"key":"Omamori"},{"floor":23,"key":"infinitespire:Satchel"},{"floor":26,"key":"Anchor"},{"floor":26,"key":"Dream Catcher"},{"floor":29,"key":"Eternal Feather"},{"floor":40,"key":"Strawberry"},{"floor":43,"key":"Potion Belt"},{"floor":43,"key":"Pear"}],"event_choices":[{"cards_removed":["Iron Wave"],"damage_healed":0.0,"max_hp_gain":0.0,"max_hp_loss":0.0,"gold_gain":0.0,"event_name":"WeMeetAgain","player_choice":"Gave Card","floor":2.0,"gold_loss":0.0,"damage_taken":0.0,"relics_obtained":["Centennial Puzzle"]},{"damage_healed":0.0,"max_hp_gain":0.0,"max_hp_loss":0.0,"gold_gain":0.0,"event_name":"The Woman in Blue","player_choice":"Bought 2 Potions","floor":5.0,"gold_loss":0.0,"damage_taken":0.0},{"damage_healed":0,"gold_gain":0,"player_choice":"Shed Blood","damage_taken":20,"max_hp_gain":5,"max_hp_loss":0,"event_name":"Forgotten Altar","floor":28,"gold_loss":0},{"damage_healed":0,"gold_gain":0,"cards_transformed":["downfall:Aged","Strike_R"],"player_choice":"Became Test Subject","damage_taken":0,"max_hp_gain":0,"max_hp_loss":0,"event_name":"Drug Dealer","floor":31,"gold_loss":0,"cards_obtained":["Writhe","True Grit"]},{"damage_healed":0,"gold_gain":0,"cards_transformed":["Strike_R"],"player_choice":"Transformed","damage_taken":0,"max_hp_gain":0,"max_hp_loss":0,"event_name":"Transmorgrifier","floor":36,"gold_loss":0,"cards_obtained":["Uppercut"]},{"damage_healed":0,"gold_gain":0,"player_choice":"Embrace Madness","damage_taken":13,"max_hp_gain":0,"max_hp_loss":0,"event_name":"Winding Halls","floor":47,"gold_loss":0,"cards_obtained":["Madness","Madness"]}],"is_beta":false,"boss_relics":[{"not_picked":["infinitespire:Cupcake","Runic Cube"],"picked":"Sozu"},{"not_picked":["Runic Pyramid","Mark of Pain"],"picked":"SacredBark"}],"items_purged_floors":[24,30,37,48],"is_endless":false,"potions_floor_spawned":[4,8,14,20,23,27,29,35,42,46],"ascension_level":0}}