{"host":"tia00321x3ndnwo4","time":1613408330,"event":{"mods":["2.2 Compatiblity","BaseMod","Bestiary","Colored Map","Colored Powertips","Curses Come First","Downfall","Highlight Path","Minty Spire (QoL Compilation)","Relic Stats","Slay the Relics Exporter","StSLib","SuperFastMode"],"gold_per_floor":[99,112,127,145,145,145,145,177,177,191,207,227,227,256,276,378,378,378,396,396,413,459,459,459,459,472,484,500,533,533,560,580,681,681,681,701,701,701,725,45,45,45,95,135,156,26,26,59,79,79],"floor_reached":51,"language":"ENG","playtime":1738,"items_purged":["downfall:Malfunctioning","bronze:Defend"],"score":923,"play_id":"5faffd92-b8b1-4728-aa82-ee797c8aa818","local_time":"20210215085850","is_ascension_mode":true,"campfire_choices":[{"data":"Apotheosis","floor":1,"key":"SMITH"},{"data":"bronze:ClassDefault","floor":9,"key":"SMITH"},{"data":"bronze:Library","floor":13,"key":"SMITH"},{"data":"bronze:Backtrace","floor":18,"key":"SMITH"},{"data":"bronze:Backtrace","floor":23,"key":"SMITH"},{"data":"bronze:RecursiveStrike","floor":25,"key":"SMITH"},{"data":"bronze:Hardcode","floor":30,"key":"SMITH"},{"data":"bronze:Optimize","floor":35,"key":"SMITH"},{"data":"bronze:InfiniteLoop","floor":42,"key":"SMITH"},{"data":"bronze:Backtrace","floor":47,"key":"SMITH"}],"circlet_count":0,"master_deck":["bronze:Defend","bronze:Defend","bronze:Replicate","bronze:Goto+1","Apotheosis+1","bronze:Safeguard+1","bronze:Branch+1","bronze:ClassDefault+1","bronze:Replicate","bronze:GetLatest+1","bronze:Library+1","bronze:Backtrace+1","bronze:Backtrace+1","bronze:Optimize+1","bronze:RecursiveStrike+1","bronze:Branch+1","Slimebound:Tackle+1","Slimebound:Tackle+1","Slimebound:Tackle+1","bronze:Branch+1","bronze:Terminator+1","bronze:Hardcode+1","bronze:CloningBeam","bronze:DelayedGuard+1","bronze:BurnOut","bronze:FineTuning+1","bronze:FineTuning+1","bronze:MaxOutput+1","bronze:InfiniteLoop+1","bronze:ItsAFeature+1","bronze:DigitalCarnage+1","bronze:Branch+1","bronze:Backtrace+1"],"relics":["bronze:BronzeCore","bronze:CableSpool","Pen Nib","Centennial Puzzle","Coffee Dripper","Bag of Marbles","Bottled Flame","Turnip","War Paint","Black Star","CeramicFish","Mango","HandDrill","Ornamental Fan","Girya","Darkstone Periapt","MealTicket","Dead Branch","Unceasing Top","Anchor"],"acts_visited":["Exordium","TheCity","TheBeyond"],"potions_floor_usage":[10,10,15,28,29,29,33,43,44,44,50,50,50],"damage_taken":[{"damage":3,"enemies":"Jaw Worm","floor":2,"turns":4},{"damage":0,"enemies":"2 Louse","floor":3,"turns":3},{"damage":0,"enemies":"Small Slimes","floor":4,"turns":2},{"damage":3,"enemies":"3 Sentries","floor":8,"turns":6},{"damage":8,"enemies":"Exordium Thugs","floor":10,"turns":4},{"damage":4,"enemies":"3 Louse","floor":11,"turns":3},{"damage":0,"enemies":"downfall:LooterAlt","floor":12,"turns":1},{"damage":0,"enemies":"Lagavulin","floor":14,"turns":3},{"damage":0,"enemies":"Exordium Wildlife","floor":15,"turns":2},{"damage":20,"enemies":"IC_STATUS_ARCHETYPE","floor":16,"turns":7},{"damage":10,"enemies":"Chosen","floor":19,"turns":2},{"damage":2,"enemies":"Shell Parasite","floor":21,"turns":2},{"damage":1,"enemies":"Centurion and Healer","floor":26,"turns":2},{"damage":0,"enemies":"Cultist and Chosen","floor":27,"turns":2},{"damage":0,"enemies":"Shelled Parasite and Fungi","floor":28,"turns":1},{"damage":0,"enemies":"Book of Stabbing","floor":29,"turns":1},{"damage":3,"enemies":"Gremlin Leader","floor":31,"turns":4},{"damage":3,"enemies":"Centurion and Healer","floor":32,"turns":1},{"damage":14,"enemies":"DF_ARCHETYPE_CLAW","floor":33,"turns":7},{"damage":0,"enemies":"3 Shapes","floor":36,"turns":2},{"damage":0,"enemies":"Orb Walker","floor":39,"turns":1},{"damage":0,"enemies":"downfall:FleeingMerchant","floor":40,"turns":4},{"damage":0,"enemies":"downfall:FleeingMerchant","floor":43,"turns":3},{"damage":0,"enemies":"Nemesis","floor":44,"turns":3},{"damage":5,"enemies":"3 Darklings","floor":45,"turns":2},{"damage":0,"enemies":"downfall:FleeingMerchant","floor":46,"turns":4},{"damage":10,"enemies":"Reptomancer","floor":48,"turns":2},{"damage":0,"enemies":"Jaw Worm Horde","floor":49,"turns":2},{"damage":44,"enemies":"SI_POISON_ARCHETYPE","floor":50,"turns":5}],"seed_played":"7260192438091768060","potions_obtained":[{"floor":4,"key":"BlessingOfTheForge"},{"floor":8,"key":"EntropicBrew"},{"floor":10,"key":"SteroidPotion"},{"floor":19,"key":"Strength Potion"},{"floor":26,"key":"Slimebound:ThreeZeroPotion"},{"floor":29,"key":"Block Potion"},{"floor":32,"key":"SneckoOil"},{"floor":33,"key":"Energy Potion"},{"floor":39,"key":"bronze:BurnAndBuffPotion"},{"floor":43,"key":"ColorlessPotion"},{"floor":44,"key":"BlessingOfTheForge"},{"floor":49,"key":"Weak Potion"}],"is_trial":false,"path_per_floor":["R","M","M","M","?","?","T","E","R","M","M","M","R","E","M","B",null,"R","M","?","M","T","R","T","R","M","M","M","E","R","E","M","B",null,"R","M","?","T","M","$","T","R","?","E","M","$","R","E","M","B",null],"character_chosen":"THE_AUTOMATON","items_purchased":["bronze:InfiniteLoop","Mango","HandDrill","Dead Branch","bronze:Backtrace"],"campfire_rested":0,"item_purchase_floors":[40,40,40,46,46],"current_hp_per_floor":[49,46,46,46,46,46,46,43,43,35,31,31,31,31,31,11,70,70,60,60,58,58,58,58,58,57,57,57,57,57,54,51,37,70,70,70,70,70,70,84,84,84,84,84,79,84,84,74,74,30],"gold":79,"neow_bonus":"RANDOM_COLORLESS_2","is_daily":false,"chose_seed":false,"campfire_upgraded":10,"win_rate":0.0,"timestamp":1613408330,"path_taken":["R","M","M","M","?","?","T","E","R","M","M","M","R","E","M","BOSS","R","M","?","M","?","R","T","R","M","M","M","E","R","E","M","BOSS","R","M","?","?","M","$","T","R","?","E","M","$","R","E","M","BOSS"],"items_purchased_type":["Card","Relic","Relic","Relic","Card"],"build_version":"2020-12-22","purchased_purges":2,"victory":true,"max_hp_per_floor":[70,70,70,70,70,70,70,70,70,70,70,70,70,70,70,70,70,70,70,70,70,70,70,70,70,70,70,70,70,70,70,70,70,70,70,70,70,70,70,84,84,84,84,84,84,84,84,84,84,84],"relic_stats":{"Darkstone Periapt":0,"counters":[29,85],"CeramicFish":63,"Dead Branch":[20],"Pen Nib":[24],"War Paint":["bronze:Safeguard","bronze:GetLatest"],"Centennial Puzzle":[27],"Ornamental Fan":[76],"MealTicket":5,"Turnip":[11],"Black Star":2,"HandDrill":[24],"obtain_stats":[{"Darkstone Periapt":44,"Girya":43,"bronze:BronzeCore":0,"CeramicFish":38,"Dead Branch":46,"Mango":40,"Pen Nib":8,"War Paint":31,"bronze:CableSpool":7,"Centennial Puzzle":14,"Bottled Flame":24,"Anchor":48,"Ornamental Fan":41,"MealTicket":44,"Turnip":29,"Coffee Dripper":17,"Bag of Marbles":22,"Black Star":34,"HandDrill":40,"Unceasing Top":48},{"Darkstone Periapt":24,"Girya":23,"bronze:BronzeCore":0,"CeramicFish":20,"Dead Branch":26,"Mango":22,"Pen Nib":4,"War Paint":17,"bronze:CableSpool":3,"Centennial Puzzle":8,"Bottled Flame":12,"Anchor":27,"Ornamental Fan":22,"MealTicket":24,"Turnip":16,"Coffee Dripper":10,"Bag of Marbles":12,"Black Star":19,"HandDrill":22,"Unceasing Top":27},{"Darkstone Periapt":70,"Girya":67,"bronze:BronzeCore":0,"CeramicFish":59,"Dead Branch":76,"Mango":64,"Pen Nib":15,"War Paint":49,"bronze:CableSpool":9,"Centennial Puzzle":26,"Bottled Flame":39,"Anchor":78,"Ornamental Fan":64,"MealTicket":70,"Turnip":45,"Coffee Dripper":35,"Bag of Marbles":39,"Black Star":57,"HandDrill":64,"Unceasing Top":78}],"Unceasing Top":[1]},"card_choices":[{"not_picked":["Mayhem","Magnetism"],"picked":"Apotheosis","floor":0},{"not_picked":["bronze:BuggyMess","bronze:Iterate"],"picked":"bronze:Safeguard","floor":2},{"not_picked":["bronze:Overheat","bronze:Shield"],"picked":"bronze:Branch","floor":3},{"not_picked":["bronze:DelayedSlice","bronze:OilSpill"],"picked":"bronze:ClassDefault","floor":4},{"not_picked":["bronze:Invalidate","bronze:NullPointer"],"picked":"bronze:GetLatest","floor":8},{"not_picked":["bronze:BronzeOrb","bronze:Iterate"],"picked":"bronze:Library","floor":10},{"not_picked":["bronze:Optimize","bronze:Refactor"],"picked":"bronze:Backtrace","floor":11},{"not_picked":["bronze:BuggyMess","bronze:Separator","bronze:Repulsor"],"picked":"SKIP","floor":12},{"not_picked":["bronze:BugBarrage","bronze:ShipIt"],"picked":"bronze:Backtrace","floor":14},{"not_picked":["bronze:Constructor","bronze:CutThrough"],"picked":"bronze:Optimize","floor":15},{"not_picked":["bronze:HardenedForm","bronze:Verify"],"picked":"bronze:RecursiveStrike","floor":16},{"not_picked":["bronze:Repulsor","bronze:Philosophize+1"],"picked":"bronze:Branch+1","floor":19},{"not_picked":["bronze:ForLoop","bronze:FollowUp"],"picked":"bronze:Branch+1","floor":21},{"not_picked":["bronze:DigitalCarnage","bronze:CloningBeam","bronze:Shield"],"picked":"SKIP","floor":26},{"not_picked":["bronze:CutThrough","bronze:Repulsor","bronze:Invalidate"],"picked":"SKIP","floor":27},{"not_picked":["bronze:Branch","bronze:DelayedGuard+1"],"picked":"bronze:Terminator+1","floor":28},{"not_picked":["bronze:Shield+1","bronze:BugBarrage+1"],"picked":"bronze:Hardcode","floor":29},{"not_picked":["bronze:BuggyMess","bronze:Overheat"],"picked":"bronze:CloningBeam","floor":31},{"not_picked":["bronze:WildBeam","bronze:Fortify"],"picked":"bronze:DelayedGuard+1","floor":32},{"not_picked":["bronze:Library","bronze:CleanCode"],"picked":"bronze:BurnOut","floor":33},{"not_picked":["bronze:BronzeOrb","bronze:Boost"],"picked":"bronze:FineTuning+1","floor":36},{"not_picked":["bronze:WildBeam+1","bronze:Constructor"],"picked":"bronze:FineTuning+1","floor":39},{"not_picked":["bronze:Overheat+1","bronze:Separator"],"picked":"bronze:MaxOutput+1","floor":40},{"not_picked":["bronze:CleanCode","bronze:DarkDash+1"],"picked":"bronze:ItsAFeature+1","floor":44},{"not_picked":["bronze:Deprecate+1","bronze:Branch"],"picked":"bronze:DigitalCarnage+1","floor":45},{"not_picked":["bronze:Return+1","bronze:Separator+1"],"picked":"bronze:Branch+1","floor":46},{"not_picked":["bronze:DelayedSlice","bronze:Philosophize","bronze:FindAndReplace"],"picked":"SKIP","floor":48},{"not_picked":["bronze:CutThrough","bronze:Deprecate","bronze:Overload"],"picked":"SKIP","floor":49}],"player_experience":218680,"relics_obtained":[{"floor":7,"key":"bronze:CableSpool"},{"floor":8,"key":"Pen Nib"},{"floor":14,"key":"Centennial Puzzle"},{"floor":22,"key":"Bag of Marbles"},{"floor":24,"key":"Bottled Flame"},{"floor":29,"key":"Turnip"},{"floor":31,"key":"War Paint"},{"floor":38,"key":"CeramicFish"},{"floor":41,"key":"Ornamental Fan"},{"floor":43,"key":"Girya"},{"floor":44,"key":"Darkstone Periapt"},{"floor":44,"key":"MealTicket"},{"floor":48,"key":"Unceasing Top"},{"floor":48,"key":"Anchor"}],"event_choices":[],"is_beta":false,"boss_relics":[{"not_picked":["Pandora\u0027s Box","Tiny House"],"picked":"Coffee Dripper"},{"not_picked":["Velvet Choker","SacredBark"],"picked":"Black Star"}],"items_purged_floors":[40,46],"is_endless":false,"potions_floor_spawned":[4,8,10,12,19,26,27,29,32,33,39,43,44,49],"ascension_level":1}}