{"host":"yy1cu9q9bsxhflzi","time":1613409507,"event":{"mods":["BaseMod","DeckTracker","Minty Spire (QoL Compilation)","Quick Restart","StSLib","SuperFastMode","everything is the same but u backflip on backflip"],"gold_per_floor":[10,10,22,97,110,145,145,157,230,195,205,205,221,221,221],"floor_reached":14,"language":"KOR","playtime":238,"items_purged":[],"score":170,"play_id":"84c66fd9-f678-4953-99fd-26f3f76583bf","local_time":"20210216021827","is_ascension_mode":true,"campfire_choices":[{"data":"Burst","floor":7,"key":"SMITH"}],"circlet_count":0,"master_deck":["AscendersBane","Strike_G","Strike_G","Strike_G","Strike_G","Defend_G","Defend_G","Defend_G","Defend_G","Survivor","Neutralize","Poisoned Stab+1","Leg Sweep","PiercingWail","Burst+1","Eviscerate","Calculated Gamble","Noxious Fumes"],"relics":["Ring of the Snake","Ice Cream","Mummified Hand"],"acts_visited":["Exordium"],"potions_floor_usage":[6,13],"damage_taken":[{"damage":6,"enemies":"Jaw Worm","floor":1,"turns":6},{"damage":0,"enemies":"2 Louse","floor":3,"turns":2},{"damage":8,"enemies":"Small Slimes","floor":5,"turns":4},{"damage":17,"enemies":"Lagavulin","floor":6,"turns":9},{"damage":1,"enemies":"Blue Slaver","floor":8,"turns":5},{"damage":13,"enemies":"2 Fungi Beasts","floor":11,"turns":4},{"damage":18,"enemies":"Exordium Thugs","floor":13,"turns":7},{"damage":0,"enemies":"Gremlin Nob","floor":14,"turns":1}],"seed_played":"2150893693010188400","potions_obtained":[{"floor":1,"key":"Weak Potion"},{"floor":6,"key":"CunningPotion"},{"floor":8,"key":"Dexterity Potion"}],"is_trial":false,"path_per_floor":["M","?","M","?","M","E","R","M","T","?","M","?","M","E"],"character_chosen":"THE_SILENT","items_purchased":[],"campfire_rested":0,"item_purchase_floors":[],"current_hp_per_floor":[53,53,53,42,34,17,17,16,16,32,19,24,6,6,6],"gold":221,"neow_bonus":"REMOVE_TWO","is_daily":false,"chose_seed":false,"campfire_upgraded":1,"win_rate":0.0,"timestamp":1613409507,"path_taken":["M","?","M","?","M","E","R","M","T","?","M","?","M","E"],"items_purchased_type":[],"build_version":"2020-12-22","purchased_purges":0,"victory":false,"max_hp_per_floor":[66,66,66,66,66,66,66,66,66,66,66,71,71,71,71],"card_choices":[{"not_picked":["Catalyst","Bane"],"picked":"Poisoned Stab","floor":1},{"not_picked":["Endless Agony","Dodge and Roll"],"picked":"Leg Sweep","floor":3},{"not_picked":["Outmaneuver","Sucker Punch"],"picked":"PiercingWail","floor":5},{"not_picked":["Outmaneuver","Poisoned Stab"],"picked":"Burst","floor":6},{"not_picked":["Dash","Underhanded Strike"],"picked":"Eviscerate","floor":8},{"not_picked":["Deflect","All Out Attack"],"picked":"Calculated Gamble","floor":11},{"not_picked":["Catalyst","Flying Knee"],"picked":"Noxious Fumes","floor":13}],"player_experience":3910655,"relics_obtained":[{"floor":6,"key":"Ice Cream"},{"floor":9,"key":"Mummified Hand"}],"event_choices":[{"damage_healed":0,"gold_gain":0,"player_choice":"Grow","damage_taken":0,"max_hp_gain":0,"max_hp_loss":0,"event_name":"Living Wall","floor":2,"gold_loss":0,"cards_upgraded":["Poisoned Stab"]},{"damage_healed":0,"gold_gain":75,"player_choice":"Gather Gold","damage_taken":11,"max_hp_gain":0,"max_hp_loss":0,"event_name":"World of Goop","floor":4,"gold_loss":0},{"damage_healed":16,"gold_gain":0,"player_choice":"Healed","damage_taken":0,"max_hp_gain":0,"max_hp_loss":0,"event_name":"The Cleric","floor":10,"gold_loss":35},{"damage_healed":0,"gold_gain":0,"player_choice":"Donut","damage_taken":0,"max_hp_gain":5,"max_hp_loss":0,"event_name":"Big Fish","floor":12,"gold_loss":0}],"is_beta":false,"boss_relics":[],"items_purged_floors":[],"is_endless":false,"potions_floor_spawned":[1,6,8],"killed_by":"Gremlin Nob","ascension_level":17}}