{"host":"phniwng9zo19jwdb","time":1613413099,"event":{"mods":["AchievementEnabler","BaseMod","Colored Powertips","Dark Map","Faster Ascension Climbing","GifTheSpireLib","Minty Spire (QoL Compilation)","Permanent Neow","Rare Cards Sparkle","Relic Filter Mod","StSLib","Weighted Paths"],"gold_per_floor":[112,112,129,148,167,167,201,201,273,302,302,302,314,345,345,416,416,429,447,447,447,123,123,139,139,139,173,173,200,220,254,254,325,325,337,352,372,387,407,407,436,436,462,477,477,497,525,543,543,543,543],"floor_reached":50,"language":"ENG","playtime":2821,"items_purged":["Pain"],"score":1393,"play_id":"2fa92e63-d8b5-45c6-b1e7-bf5bb0c47a30","local_time":"20210215191819","is_ascension_mode":true,"campfire_choices":[{"data":"Noxious Fumes","floor":8.0,"key":"SMITH"},{"floor":12,"key":"REST"},{"data":"Accuracy","floor":15,"key":"SMITH"},{"data":"After Image","floor":23,"key":"SMITH"},{"data":"Tools of the Trade","floor":25,"key":"SMITH"},{"data":"Setup","floor":32,"key":"SMITH"},{"floor":40,"key":"RECALL"},{"data":"Adrenaline","floor":42,"key":"SMITH"},{"floor":49,"key":"REST"}],"circlet_count":0,"master_deck":["AscendersBane","Survivor","Neutralize","PiercingWail","A Thousand Cuts+1","Deflect","PiercingWail","Wraith Form v2","Grand Finale","Finisher","After Image+1","Distraction","Noxious Fumes+1","Blade Dance","PiercingWail","Cloak And Dagger","Riddle With Holes","Dash","Accuracy+1","Setup+1","Acrobatics","Tools of the Trade+1","Backflip","Accuracy","Accuracy","Calculated Gamble","Adrenaline+1","Adrenaline","Noxious Fumes+1","Backflip+1","Blur","Blade Dance","Reflex","Deep Breath","Panache+1","Secret Technique","Envenom+1"],"relics":["Pandora\u0027s Box","Ice Cream","Oddly Smooth Stone","Paper Crane","CaptainsWheel","Meat on the Bone","WristBlade","WarpedTongs","TwistedFunnel","Frozen Egg 2","HornCleat","MutagenicStrength","The Courier","Orichalcum","Sozu","Pear","Molten Egg 2"],"acts_visited":["Exordium","TheCity","TheBeyond"],"potions_floor_usage":[29,29,33,41],"damage_taken":[{"damage":0.0,"enemies":"2 Louse","floor":1.0,"turns":5.0},{"damage":0.0,"enemies":"Cultist","floor":3.0,"turns":4.0},{"damage":3.0,"enemies":"Jaw Worm","floor":4.0,"turns":5.0},{"damage":14.0,"enemies":"3 Louse","floor":5.0,"turns":4.0},{"damage":17.0,"enemies":"Gremlin Nob","floor":7.0,"turns":6.0},{"damage":9.0,"enemies":"Lagavulin","floor":10.0,"turns":5.0},{"damage":1,"enemies":"2 Fungi Beasts","floor":13,"turns":3},{"damage":18,"enemies":"3 Sentries","floor":14,"turns":9},{"damage":6,"enemies":"Slime Boss","floor":16,"turns":7},{"damage":0,"enemies":"Spheric Guardian","floor":18,"turns":4},{"damage":0,"enemies":"Chosen","floor":19,"turns":6},{"damage":0,"enemies":"Snecko","floor":24,"turns":6},{"damage":0,"enemies":"Gremlin Leader","floor":27,"turns":6},{"damage":7,"enemies":"Slavers","floor":29,"turns":6},{"damage":0,"enemies":"Cultist and Chosen","floor":30,"turns":6},{"damage":0,"enemies":"Gremlin Leader","floor":31,"turns":7},{"damage":9,"enemies":"Champ","floor":33,"turns":10},{"damage":6,"enemies":"Orb Walker","floor":35,"turns":3},{"damage":2,"enemies":"3 Darklings","floor":36,"turns":5},{"damage":2,"enemies":"Writhing Mass","floor":37,"turns":6},{"damage":2,"enemies":"4 Shapes","floor":38,"turns":6},{"damage":0,"enemies":"3 Darklings","floor":39,"turns":5},{"damage":0,"enemies":"Reptomancer","floor":41,"turns":7},{"damage":0,"enemies":"Sphere and 2 Shapes","floor":44,"turns":5},{"damage":47,"enemies":"Transient","floor":46,"turns":6},{"damage":0,"enemies":"Nemesis","floor":47,"turns":8},{"damage":15,"enemies":"3 Darklings","floor":48,"turns":3},{"damage":51,"enemies":"Awakened One","floor":50,"turns":5}],"seed_played":"-703805367493673563","potions_obtained":[{"floor":1.0,"key":"Swift Potion"},{"floor":4.0,"key":"GhostInAJar"},{"floor":7.0,"key":"SpeedPotion"},{"floor":16,"key":"ColorlessPotion"},{"floor":27,"key":"Fire Potion"},{"floor":30,"key":"PowerPotion"},{"floor":31,"key":"Explosive Potion"},{"floor":33,"key":"DuplicationPotion"}],"is_trial":false,"path_per_floor":["M","?","M","M","M","?","E","R","T","E","?","R","M","E","R","B",null,"M","M","?","?","$","R","M","R","T","E","?","E","M","E","R","B",null,"M","M","M","M","M","R","E","R","T","M","?","M","E","M","R","B"],"character_chosen":"THE_SILENT","items_purchased":["TwistedFunnel","Accuracy"],"campfire_rested":2,"item_purchase_floors":[22,22],"current_hp_per_floor":[59,59,59,56,42,42,25,25,25,16,16,35,34,16,16,22,55,55,55,37,37,37,37,37,37,37,37,37,42,42,42,42,45,65,59,57,55,53,53,53,63,63,63,63,53,18,30,27,51,0,0],"gold":543,"neow_bonus":"BOSS_RELIC","is_daily":false,"chose_seed":false,"campfire_upgraded":6,"win_rate":0.0,"timestamp":1613413099,"path_taken":["M","?","?","M","M","?","E","R","T","E","?","R","M","E","R","BOSS","M","M","?","?","$","R","?","R","T","E","?","E","M","E","R","BOSS","M","M","M","M","M","R","E","R","T","M","?","M","E","M","R","BOSS"],"items_purchased_type":["Relic","Card"],"build_version":"2020-12-22","purchased_purges":1,"victory":false,"max_hp_per_floor":[66,66,66,66,66,66,66,66,66,66,66,66,66,66,66,66,66,66,66,71,71,71,71,71,71,71,71,71,71,71,71,71,71,71,71,71,71,71,71,71,81,81,81,81,81,81,81,81,81,81,81],"card_choices":[{"not_picked":["Blur","Underhanded Strike"],"picked":"Blade Dance","floor":1.0},{"not_picked":["Infinite Blades","Deadly Poison"],"picked":"PiercingWail","floor":3.0},{"not_picked":["All Out Attack","Poisoned Stab"],"picked":"Cloak And Dagger","floor":4.0},{"not_picked":["Concentrate","Outmaneuver"],"picked":"Riddle With Holes","floor":5.0},{"not_picked":["Poisoned Stab","PiercingWail"],"picked":"Dash","floor":7.0},{"not_picked":["Infinite Blades","Unload"],"picked":"Accuracy","floor":10},{"not_picked":["Riddle With Holes","Quick Slash"],"picked":"Setup","floor":13},{"not_picked":["PiercingWail","Quick Slash"],"picked":"Acrobatics","floor":14},{"not_picked":["A Thousand Cuts","Glass Knife"],"picked":"Tools of the Trade","floor":16},{"not_picked":["Prepared","Sucker Punch"],"picked":"Backflip","floor":18},{"not_picked":["Dodge and Roll","Dagger Throw"],"picked":"Accuracy","floor":19},{"not_picked":["Outmaneuver","Skewer+1"],"picked":"Calculated Gamble","floor":24},{"not_picked":["Flying Knee","Outmaneuver","Sucker Punch"],"picked":"SKIP","floor":27},{"not_picked":["Crippling Poison","Choke","Setup"],"picked":"SKIP","floor":29},{"not_picked":["Reflex","Endless Agony"],"picked":"Adrenaline","floor":30},{"not_picked":["Dagger Spray","Sucker Punch","Bouncing Flask"],"picked":"SKIP","floor":31},{"not_picked":["A Thousand Cuts+1","Die Die Die"],"picked":"Adrenaline","floor":33},{"not_picked":["Well Laid Plans+1","Flechettes+1"],"picked":"Noxious Fumes+1","floor":35},{"not_picked":["Catalyst+1","Cloak And Dagger+1"],"picked":"Backflip+1","floor":36},{"not_picked":["Sucker Punch","Outmaneuver"],"picked":"Blur","floor":37},{"not_picked":["Deadly Poison","Flechettes"],"picked":"Blade Dance","floor":38},{"not_picked":["Skewer+1","Bane","Quick Slash"],"picked":"SKIP","floor":39},{"not_picked":["Backflip","Endless Agony+1"],"picked":"Reflex","floor":41},{"not_picked":["Endless Agony","Distraction","Prepared"],"picked":"SKIP","floor":44},{"not_picked":["HandOfGreed","Flash of Steel"],"picked":"Deep Breath","floor":45},{"not_picked":["Violence","PanicButton"],"picked":"Panache+1","floor":45},{"not_picked":["Dark Shackles","Purity"],"picked":"Secret Technique","floor":45},{"not_picked":["Poisoned Stab","Slice","Quick Slash"],"picked":"SKIP","floor":46},{"not_picked":["All Out Attack+1","Prepared"],"picked":"Envenom+1","floor":47},{"not_picked":["Bane+1","Setup","Poisoned Stab+1"],"picked":"SKIP","floor":48}],"player_experience":138779,"relics_obtained":[{"floor":7.0,"key":"Oddly Smooth Stone"},{"floor":9.0,"key":"Paper Crane"},{"floor":10,"key":"CaptainsWheel"},{"floor":14,"key":"Meat on the Bone"},{"floor":26,"key":"Frozen Egg 2"},{"floor":27,"key":"HornCleat"},{"floor":29,"key":"The Courier"},{"floor":31,"key":"Orichalcum"},{"floor":41,"key":"Pear"},{"floor":47,"key":"Molten Egg 2"}],"event_choices":[{"damage_healed":0.0,"max_hp_gain":0.0,"max_hp_loss":0.0,"gold_gain":0.0,"event_name":"WeMeetAgain","player_choice":"Gave Potion","floor":2.0,"gold_loss":0.0,"damage_taken":0.0,"relics_obtained":["Ice Cream"]},{"damage_healed":0.0,"max_hp_gain":0.0,"max_hp_loss":0.0,"gold_gain":0.0,"event_name":"Living Wall","player_choice":"Grow","floor":6.0,"gold_loss":0.0,"damage_taken":0.0,"cards_upgraded":["A Thousand Cuts"]},{"damage_healed":0,"gold_gain":0,"player_choice":"Ignored","damage_taken":0,"max_hp_gain":0,"max_hp_loss":0,"event_name":"Shining Light","floor":11,"gold_loss":0},{"damage_healed":0,"gold_gain":0,"player_choice":"Shed Blood","damage_taken":23,"max_hp_gain":5,"max_hp_loss":0,"event_name":"Forgotten Altar","floor":20,"gold_loss":0},{"damage_healed":0,"gold_gain":0,"player_choice":"Rummage","damage_taken":0,"relics_obtained":["WarpedTongs"],"max_hp_gain":0,"max_hp_loss":0,"event_name":"Accursed Blacksmith","floor":21,"gold_loss":0,"cards_obtained":["Pain"]},{"damage_healed":0,"gold_gain":0,"player_choice":"Inject Mutagens","damage_taken":0,"relics_obtained":["MutagenicStrength"],"max_hp_gain":0,"max_hp_loss":0,"event_name":"Drug Dealer","floor":28,"gold_loss":0},{"damage_healed":0,"gold_gain":0,"player_choice":"Memory 3","damage_taken":10,"max_hp_gain":0,"max_hp_loss":0,"event_name":"SensoryStone","floor":45,"gold_loss":0}],"is_beta":false,"boss_relics":[{"not_picked":["Tiny House","Snecko Eye"],"picked":"WristBlade"},{"not_picked":["Empty Cage","Fusion Hammer"],"picked":"Sozu"}],"items_purged_floors":[22],"is_endless":false,"potions_floor_spawned":[1,4,7,16,19,27,30,31,33,37,38,44,47],"killed_by":"Awakened One","ascension_level":20}}