{"host":"znuunkttinnn1f17","time":1613424425,"event":{"mods":["BaseMod","Colored Map","Downfall","Minty Spire (QoL Compilation)","Replay The Spire","StSLib"],"gold_per_floor":[118,118,136,151,42,42,68,68,95,50,86,106,106,139,139,258,258,271,181,9,30,48,48,48,48,74,74,74],"floor_reached":27,"language":"ENG","playtime":1686,"items_purged":["Strike_B"],"score":286,"play_id":"98130e5b-e257-4318-97be-acdb67f6942a","local_time":"20210215222705","is_ascension_mode":true,"campfire_choices":[{"data":"Crystallizer","floor":6.0,"key":"SMITH"},{"floor":13.0,"key":"REST"},{"data":"Zap","floor":15,"key":"SMITH"},{"floor":23,"key":"REST"},{"data":"FIFO Queue","floor":25,"key":"SMITH"}],"circlet_count":0,"master_deck":["Strike_B","Strike_B","Defend_B","Defend_B+1","Defend_B","Zap+1","Dualcast","Panic Button+1","BootSequence","White Noise+1","Crystallizer+1","Cold Snap","Heatsinks","Electrodynamics","Genetic Algorithm","Tempest+1","Storm","FIFO Queue+1","Amnesia"],"relics":["Cracked Core","Regal Pillow","Golden Idol","Centennial Puzzle","Replay:Bottled Eggs","Philosopher\u0027s Stone","Membership Card","Lantern","Replay:Wax Seal"],"acts_visited":["Exordium","TheCity"],"potions_floor_usage":[14,16,16],"damage_taken":[{"damage":0.0,"enemies":"2 Louse","floor":1.0,"turns":2.0},{"damage":9.0,"enemies":"Jaw Worm","floor":3.0,"turns":3.0},{"damage":1.0,"enemies":"Cultist","floor":4.0,"turns":3.0},{"damage":20.0,"enemies":"Lagavulin","floor":7.0,"turns":7.0},{"damage":20.0,"enemies":"Gremlin Nob","floor":11.0,"turns":5.0},{"damage":5.0,"enemies":"Gremlin Gang","floor":12.0,"turns":6.0},{"damage":5,"enemies":"3 Sentries","floor":14,"turns":3},{"damage":58,"enemies":"Fading Forest","floor":16,"turns":11},{"damage":14,"enemies":"Spheric Guardian","floor":18,"turns":4},{"damage":0,"enemies":"Chosen","floor":21,"turns":3},{"damage":33,"enemies":"Snecko","floor":22,"turns":5},{"damage":52,"enemies":"Gremlin Leader","floor":27,"turns":4}],"seed_played":"-4668317180954895004","potions_obtained":[{"floor":1.0,"key":"Block Potion"},{"floor":4.0,"key":"BlessingOfTheForge"},{"floor":11.0,"key":"PowerPotion"},{"floor":12.0,"key":"Fire Potion"}],"is_trial":false,"path_per_floor":["M","?","M","M","$","R","E","?","T","$","E","M","R","E","R","B",null,"M","?","$","M","M","R","?","R","T","E"],"character_chosen":"DEFECT","items_purchased":["Crystallizer","Cold Snap","Membership Card","Tempest+1"],"campfire_rested":2,"item_purchase_floors":[5,10,20,20],"current_hp_per_floor":[82,82,73,72,72,72,52,52,52,52,32,27,64,59,59,17,61,47,47,47,47,14,51,51,51,51,0,0],"gold":74,"neow_bonus":"TEN_PERCENT_HP_BONUS","is_daily":false,"chose_seed":false,"campfire_upgraded":3,"win_rate":0.0,"timestamp":1613424425,"path_taken":["M","?","M","M","$","R","E","?","T","$","E","?","R","E","R","BOSS","M","?","$","M","?","R","?","R","T","E"],"items_purchased_type":["Card","Card","Relic","Card"],"build_version":"2020-12-22","purchased_purges":1,"victory":false,"max_hp_per_floor":[82,82,82,82,82,82,82,76,76,76,76,76,76,76,76,76,76,76,76,76,76,76,76,76,76,76,76,76],"card_choices":[{"not_picked":["ReplayTheSpireMod:Calculation Training","Hologram","ReplaySolidLightProjector"],"picked":"SKIP","floor":1.0},{"not_picked":["Steam Power","Panic Button"],"picked":"BootSequence","floor":3.0},{"not_picked":["Streamline","Cold Snap"],"picked":"White Noise","floor":4.0},{"not_picked":["Stack","Conserve Battery","ReplayTheSpireMod:Repulse"],"picked":"SKIP","floor":7.0},{"not_picked":["Leap","Cold Snap"],"picked":"Heatsinks","floor":11.0},{"not_picked":["ReplaySort","Stack","Redo"],"picked":"SKIP","floor":12.0},{"not_picked":["Chaos","Beam Cell","Self Repair"],"picked":"SKIP","floor":14},{"not_picked":["Reboot","ReplayTheSpireMod:Omega Cannon"],"picked":"Electrodynamics","floor":16},{"not_picked":["Leap","Steam+1"],"picked":"Genetic Algorithm","floor":18},{"not_picked":["Cold Snap+1","Gash+1"],"picked":"Storm","floor":21},{"not_picked":["Panic Button+1","Rebound"],"picked":"FIFO Queue","floor":22}],"player_experience":232072,"relics_obtained":[{"floor":7.0,"key":"Regal Pillow"},{"floor":11.0,"key":"Centennial Puzzle"},{"floor":14,"key":"Replay:Bottled Eggs"},{"floor":26,"key":"Replay:Wax Seal"}],"event_choices":[{"damage_healed":0.0,"max_hp_gain":0.0,"max_hp_loss":6.0,"gold_gain":0.0,"event_name":"Golden Idol","player_choice":"Lose Max HP","floor":8.0,"gold_loss":0.0,"damage_taken":0.0,"relics_obtained":["Golden Idol"]},{"cards_removed":["Strike_B"],"damage_healed":0,"gold_gain":0,"player_choice":"Upgrade and Remove","damage_taken":0,"max_hp_gain":0,"max_hp_loss":0,"event_name":"Designer","floor":19,"gold_loss":90,"cards_upgraded":["Defend_B"]}],"is_beta":false,"boss_relics":[{"not_picked":["Replay:Drink Me","Busted Crown"],"picked":"Philosopher\u0027s Stone"}],"items_purged_floors":[5],"is_endless":false,"potions_floor_spawned":[1,4,11,12],"killed_by":"Gremlin Leader","ascension_level":5}}