{"host":"27c1zwn2rxlukojz","time":1613427709,"event":{"mods":["BaseMod","Filter the Spire","Minty Spire (QoL Compilation)","Relic Stats","StSLib"],"gold_per_floor":[114,129,54,54,68,101,101,114,114,127,152,172,182,182,182],"floor_reached":14,"language":"DEU","playtime":746,"items_purged":[],"score":165,"play_id":"8a149ba5-3cd5-4c91-a0b7-6664c4915fcc","local_time":"20210215232149","is_ascension_mode":true,"campfire_choices":[{"floor":7,"key":"REST"}],"circlet_count":0,"master_deck":["AscendersBane","Strike_G","Strike_G","Defend_G","Defend_G","Defend_G","Defend_G","Defend_G","Survivor","Neutralize","Dagger Throw","Bane","Eviscerate","Blade Dance","Poisoned Stab","Escape Plan","Grand Finale","Dash","Acrobatics","Outmaneuver","Underhanded Strike"],"relics":["Ring of the Snake","Bottled Lightning","Bottled Flame","Odd Mushroom"],"acts_visited":["Exordium"],"potions_floor_usage":[6,14,14],"damage_taken":[{"damage":0,"enemies":"2 Louse","floor":1,"turns":3},{"damage":1,"enemies":"Small Slimes","floor":2,"turns":3},{"damage":0,"enemies":"Cultist","floor":5,"turns":3},{"damage":31,"enemies":"Gremlin Nob","floor":6,"turns":4},{"damage":4,"enemies":"2 Fungi Beasts","floor":8,"turns":3},{"damage":0,"enemies":"Large Slime","floor":10,"turns":5},{"damage":2,"enemies":"The Mushroom Lair","floor":11,"turns":5},{"damage":8,"enemies":"Red Slaver","floor":12,"turns":4},{"damage":5,"enemies":"Exordium Wildlife","floor":13,"turns":4},{"damage":16,"enemies":"3 Sentries","floor":14,"turns":6}],"seed_played":"-6781331405374026506","potions_obtained":[{"floor":2,"key":"PowerPotion"},{"floor":4,"key":"Dexterity Potion"},{"floor":8,"key":"EssenceOfSteel"}],"is_trial":false,"path_per_floor":["M","M","?","?","M","E","R","M","T","M","?","M","M","E"],"character_chosen":"THE_SILENT","items_purchased":[],"campfire_rested":1,"item_purchase_floors":[],"current_hp_per_floor":[44,43,43,43,43,12,31,27,27,27,25,17,12,0,0],"gold":182,"neow_bonus":"TRANSFORM_TWO_CARDS","is_daily":false,"chose_seed":false,"campfire_upgraded":0,"win_rate":0.0,"timestamp":1613427709,"path_taken":["M","M","?","?","?","E","R","M","T","M","?","M","M","E"],"items_purchased_type":[],"build_version":"2020-12-22","purchased_purges":0,"victory":false,"max_hp_per_floor":[66,66,66,66,66,66,66,66,66,66,66,66,66,66,66],"relic_stats":{"counters":[10,40],"obtain_stats":[{"Bottled Flame":9,"Bottled Lightning":6,"Odd Mushroom":11,"Ring of the Snake":0},{"Bottled Flame":5,"Bottled Lightning":4,"Odd Mushroom":7,"Ring of the Snake":0},{"Bottled Flame":16,"Bottled Lightning":13,"Odd Mushroom":26,"Ring of the Snake":0}],"Ring of the Snake":[20]},"card_choices":[{"not_picked":["Underhanded Strike","Acrobatics"],"picked":"Eviscerate","floor":1},{"not_picked":["Well Laid Plans","Prepared"],"picked":"Blade Dance","floor":2},{"not_picked":["Flying Knee","Quick Slash"],"picked":"Poisoned Stab","floor":5},{"not_picked":["Sucker Punch","Choke"],"picked":"Escape Plan","floor":6},{"not_picked":["Expertise","Quick Slash"],"picked":"Grand Finale","floor":8},{"not_picked":["PiercingWail","Sucker Punch"],"picked":"Dash","floor":10},{"not_picked":["Endless Agony","Dagger Throw"],"picked":"Acrobatics","floor":11},{"not_picked":["Slice","Dodge and Roll"],"picked":"Outmaneuver","floor":12},{"not_picked":["Acrobatics","Deadly Poison"],"picked":"Underhanded Strike","floor":13}],"player_experience":3988293,"relics_obtained":[{"floor":6,"key":"Bottled Lightning"},{"floor":9,"key":"Bottled Flame"},{"floor":11,"key":"Odd Mushroom"}],"event_choices":[{"cards_removed":["Strike_G"],"damage_healed":0,"gold_gain":0,"player_choice":"Card Removal","damage_taken":0,"max_hp_gain":0,"max_hp_loss":0,"event_name":"The Cleric","floor":3,"gold_loss":75},{"damage_healed":0,"gold_gain":0,"player_choice":"Got Potions","damage_taken":0,"max_hp_gain":0,"max_hp_loss":0,"event_name":"Lab","floor":4,"gold_loss":0},{"damage_healed":0,"gold_gain":0,"player_choice":"Fought Mushrooms","damage_taken":0,"max_hp_gain":0,"max_hp_loss":0,"event_name":"Mushrooms","floor":11,"gold_loss":0}],"is_beta":false,"boss_relics":[],"items_purged_floors":[],"is_endless":false,"potions_floor_spawned":[2,8,10,13],"killed_by":"3 Sentries","ascension_level":15}}