{"host":"tia00321x3ndnwo4","time":1613406576,"event":{"mods":["2.2 Compatiblity","BaseMod","Bestiary","Colored Map","Colored Powertips","Curses Come First","Downfall","Highlight Path","Minty Spire (QoL Compilation)","Relic Stats","Slay the Relics Exporter","StSLib","SuperFastMode"],"gold_per_floor":[99,119,131,141,141,151,175,210,226,261,261,261,295,310,328,328,328,328],"floor_reached":16,"language":"ENG","playtime":762,"items_purged":[],"score":130,"play_id":"840794f6-cf63-4af0-b163-fc129872a9af","local_time":"20210215082936","is_ascension_mode":true,"campfire_choices":[{"data":"bronze:Verify","floor":1,"key":"SMITH"},{"data":"bronze:Repair","floor":12,"key":"SMITH"}],"circlet_count":0,"master_deck":["bronze:Strike","bronze:Strike","bronze:Defend","bronze:Defend","bronze:Defend","bronze:Replicate","bronze:Goto","bronze:Verify+1","bronze:Repair+1","bronze:WildBeam","bronze:ChildClass","bronze:Shield","bronze:FineTuning","bronze:Separator","bronze:MaxOutput+1","bronze:ShipIt+1","Regret","bronze:ItsAFeature","bronze:DelayedSlice","bronze:Backtrace"],"relics":["bronze:BronzeCore","Smiling Mask","bronze:SilverBullet","Bird Faced Urn"],"acts_visited":["Exordium"],"potions_floor_usage":[6,8,8],"damage_taken":[{"damage":7,"enemies":"2 Louse","floor":2,"turns":4},{"damage":0,"enemies":"Cultist","floor":3,"turns":4},{"damage":7,"enemies":"Small Slimes","floor":4,"turns":4},{"damage":0,"enemies":"Gremlin Gang","floor":6,"turns":4},{"damage":8,"enemies":"Lagavulin","floor":8,"turns":9},{"damage":10,"enemies":"3 Louse","floor":9,"turns":3},{"damage":14,"enemies":"3 Sentries","floor":10,"turns":8},{"damage":52,"enemies":"Gremlin Nob","floor":13,"turns":6},{"damage":13,"enemies":"Exordium Thugs","floor":14,"turns":4},{"damage":0,"enemies":"2 Fungi Beasts","floor":15,"turns":2},{"damage":29,"enemies":"WA_ARCHETYPE_RETAIN","floor":16,"turns":4}],"seed_played":"1242173349102075218","potions_obtained":[{"floor":2,"key":"Ancient Potion"},{"floor":4,"key":"PowerPotion"},{"floor":6,"key":"Fire Potion"},{"floor":10,"key":"SpeedPotion"}],"is_trial":false,"path_per_floor":["R","M","M","M","?","M","T","E","M","E","?","R","E","M","M","B"],"character_chosen":"THE_AUTOMATON","items_purchased":[],"campfire_rested":0,"item_purchase_floors":[],"current_hp_per_floor":[63,63,63,61,61,63,63,57,54,47,47,47,5,7,11,0,0,0],"gold":328,"neow_bonus":"TRANSFORM_TWO_CARDS","is_daily":false,"chose_seed":false,"campfire_upgraded":2,"win_rate":0.0,"timestamp":1613406576,"path_taken":["R","M","M","M","?","M","T","E","M","E","?","R","E","?","M","BOSS"],"items_purchased_type":[],"build_version":"2020-12-22","purchased_purges":0,"victory":false,"max_hp_per_floor":[63,63,63,63,63,63,63,63,63,63,63,63,63,63,63,63,63,63],"relic_stats":{"counters":[11,52],"Bird Faced Urn":[12],"Smiling Mask":0,"obtain_stats":[{"bronze:BronzeCore":0,"Bird Faced Urn":13,"Smiling Mask":8,"bronze:SilverBullet":10},{"bronze:BronzeCore":0,"Bird Faced Urn":8,"Smiling Mask":5,"bronze:SilverBullet":7},{"bronze:BronzeCore":0,"Bird Faced Urn":42,"Smiling Mask":25,"bronze:SilverBullet":36}]},"card_choices":[{"not_picked":["bronze:Allocate","bronze:Deprecate"],"picked":"bronze:WildBeam","floor":2},{"not_picked":["bronze:Overheat","bronze:Allocate"],"picked":"bronze:ChildClass","floor":3},{"not_picked":["bronze:CutThrough","bronze:Allocate"],"picked":"bronze:Shield","floor":4},{"not_picked":["bronze:BronzeOrb","bronze:CutThrough"],"picked":"bronze:FineTuning","floor":6},{"not_picked":["bronze:BronzeArmor","bronze:CutThrough"],"picked":"bronze:Separator","floor":8},{"not_picked":["bronze:BugBarrage","bronze:Invalidate"],"picked":"bronze:MaxOutput","floor":9},{"not_picked":["bronze:ChildClass","bronze:Shield"],"picked":"bronze:ShipIt","floor":10},{"not_picked":["bronze:Iterate","bronze:GetLatest"],"picked":"bronze:ItsAFeature","floor":13},{"not_picked":["bronze:Overheat","bronze:Return"],"picked":"bronze:DelayedSlice","floor":14},{"not_picked":["bronze:NullPointer","bronze:Frontload"],"picked":"bronze:Backtrace","floor":15}],"player_experience":217918,"relics_obtained":[{"floor":8,"key":"Smiling Mask"},{"floor":10,"key":"bronze:SilverBullet"},{"floor":13,"key":"Bird Faced Urn"}],"event_choices":[{"cards_removed":["bronze:Strike"],"damage_healed":0,"gold_gain":0,"player_choice":"Card Removal","damage_taken":0,"max_hp_gain":0,"max_hp_loss":0,"event_name":"The Cleric","floor":5,"gold_loss":0}],"is_beta":false,"boss_relics":[],"items_purged_floors":[],"is_endless":false,"potions_floor_spawned":[2,4,6,10],"killed_by":"WA_ARCHETYPE_RETAIN","ascension_level":1}}