{"host":"0luxfixkkfk9wck3","time":1613364396,"event":{"mods":["BaseMod","DeckTracker","Downfall","Highlight Path","Minty Spire (QoL Compilation)","StSLib"],"gold_per_floor":[99,112,132,232,245,261,312,329,329,61,61,77,62,88,108,213,213,113,127,112,128,128,128,128,147,173,186,186,252,263,313,313,313,313],"floor_reached":32,"language":"ENG","playtime":25376,"items_purged":["sneckomod:Strike"],"score":466,"play_id":"8dd033f7-1d82-452c-b4d3-3ea6fb84c8d2","local_time":"20210214224636","is_ascension_mode":true,"campfire_choices":[{"data":"sneckomod:WideSting","floor":1,"key":"SMITH"},{"floor":23,"key":"REST"},{"floor":28,"key":"REST"}],"circlet_count":0,"master_deck":["AscendersBane","sneckomod:Strike+1","sneckomod:Strike+1","sneckomod:Defend","sneckomod:Defend","sneckomod:Defend","sneckomod:TailWhip","sneckomod:SnekBite","sneckomod:WideSting+1","sneckomod:SoulRoll","sneckomod:QuickMove","sneckomod:SoulCleanse","sneckomod:UnknownRareAttack","sneckomod:UnknownX","Impervious","sneckomod:UnlimitedRolls","Barricade","sneckomod:Unknown0Cost","sneckomod:UnknownRareAttack","Uppercut","sneckomod:UnknownVulnerable","Corpse Explosion","sneckomod:UnknownClassRED","sneckomod:UnknownUncommonSkill","sneckomod:QuickMove","sneckomod:QuickMove","sneckomod:IronFang+1"],"relics":["sneckomod:SneckoSoul","Whetstone","Sozu","downfall:HeartBlessingGreen","SsserpentHead","Unceasing Top","Bird Faced Urn","downfall:RedIOU"],"acts_visited":["Exordium","TheCity"],"potions_floor_usage":[6,32],"damage_taken":[{"damage":6,"enemies":"2 Louse","floor":2,"turns":2},{"damage":6,"enemies":"Cultist","floor":3,"turns":4},{"damage":1,"enemies":"Small Slimes","floor":5,"turns":4},{"damage":0,"enemies":"Gremlin Gang","floor":6,"turns":4},{"damage":0,"enemies":"Large Slime","floor":8,"turns":5},{"damage":0,"enemies":"downfall:FleeingMerchant","floor":10,"turns":4},{"damage":7,"enemies":"2 Fungi Beasts","floor":12,"turns":3},{"damage":15,"enemies":"downfall:FleeingMerchant","floor":13,"turns":4},{"damage":0,"enemies":"Lagavulin","floor":14,"turns":7},{"damage":0,"enemies":"3 Louse","floor":15,"turns":3},{"damage":34,"enemies":"DF_ARCHETYPE_STREAMLINE","floor":16,"turns":12},{"damage":3,"enemies":"3 Byrds","floor":19,"turns":2},{"damage":9,"enemies":"downfall:FleeingMerchant","floor":20,"turns":4},{"damage":32,"enemies":"Shelled Parasite and Fungi","floor":21,"turns":5},{"damage":0,"enemies":"3 Cultists","floor":25,"turns":2},{"damage":22,"enemies":"Book of Stabbing","floor":26,"turns":5},{"damage":35,"enemies":"Sentry and Sphere","floor":27,"turns":6},{"damage":5,"enemies":"Cultist and Chosen","floor":29,"turns":7},{"damage":33,"enemies":"Chosen and Byrds","floor":30,"turns":6},{"damage":22,"enemies":"Centurion and Healer","floor":32,"turns":2}],"seed_played":"-9072692180127489558","potions_obtained":[{"floor":2,"key":"Fire Potion"},{"floor":6,"key":"EssenceOfSteel"}],"is_trial":false,"path_per_floor":["R","M","M","?","M","M","T","M","R","$","R","M","$","E","M","B",null,"R","M","$","M","?","R","T","M","E","M","R","M","M","?","M"],"character_chosen":"THE_SNECKO","items_purchased":["CultistPotion","sneckomod:Memorize"],"campfire_rested":2,"item_purchase_floors":[10,10],"current_hp_per_floor":[81,75,69,69,68,68,68,68,68,68,68,61,46,46,49,15,71,71,68,63,31,31,58,58,58,36,13,40,40,9,9,0,0,0],"gold":313,"neow_bonus":"THREE_CARDS","is_daily":false,"chose_seed":false,"campfire_upgraded":1,"win_rate":0.0,"timestamp":1613364396,"path_taken":["R","M","M","?","?","M","T","M","R","?","R","M","$","E","M","BOSS","R","M","$","M","?","R","T","M","E","M","R","?","M","?","M"],"items_purchased_type":["Potion","Card"],"build_version":"2020-12-22","purchased_purges":1,"victory":false,"max_hp_per_floor":[90,90,90,90,90,90,90,90,90,90,90,90,90,90,90,90,90,90,90,90,90,90,90,90,90,90,90,90,93,93,93,93,93,93],"card_choices":[{"not_picked":["sneckomod:SoulRoll","sneckomod:DefensiveFlair"],"picked":"sneckomod:WideSting","floor":0},{"not_picked":["sneckomod:UnknownCommonAttack","sneckomod:WideSting"],"picked":"sneckomod:SoulRoll","floor":2},{"not_picked":["sneckomod:DiceCrush","sneckomod:DiceBlock"],"picked":"sneckomod:QuickMove","floor":3},{"not_picked":["sneckomod:SoulDraw","sneckomod:DiceBlock"],"picked":"sneckomod:SoulCleanse","floor":5},{"not_picked":["sneckomod:SoulDraw","sneckomod:UnknownStrength"],"picked":"sneckomod:UnknownRareAttack","floor":6},{"not_picked":["sneckomod:UnknownCommonAttack","sneckomod:Memorize"],"picked":"sneckomod:UnknownX","floor":8},{"not_picked":["sneckomod:SoulRoll","sneckomod:DiceBlock"],"picked":"sneckomod:UnlimitedRolls","floor":10},{"not_picked":["sneckomod:SerpentIdol","sneckomod:Rotation"],"picked":"sneckomod:Unknown0Cost","floor":12},{"not_picked":["sneckomod:UnknownCommonSkill","sneckomod:UnknownBlock"],"picked":"sneckomod:UnknownRareAttack","floor":13},{"not_picked":["sneckomod:DiceBlock","sneckomod:MixItUp"],"picked":"sneckomod:UnknownVulnerable","floor":14},{"not_picked":["sneckomod:UnknownX","sneckomod:RainOfDice"],"picked":"sneckomod:UnknownVulnerable","floor":15},{"not_picked":["sneckomod:Cheat","sneckomod:UnlimitedRolls"],"picked":"sneckomod:UnknownRareSkill","floor":16},{"not_picked":["sneckomod:SoulRoll","sneckomod:DiceBlock","sneckomod:DiceCrush+1"],"picked":"SKIP","floor":19},{"not_picked":["sneckomod:UnknownClassGREEN","sneckomod:CheapStock"],"picked":"sneckomod:UnknownClassRED","floor":20},{"not_picked":["sneckomod:RainOfDice","sneckomod:UnknownStrength","sneckomod:UnknownClassRED"],"picked":"SKIP","floor":21},{"not_picked":["sneckomod:UnknownClassHEXA_GHOST_PURPLE","sneckomod:UnknownCommonSkill+1"],"picked":"sneckomod:UnknownUncommonSkill","floor":25},{"not_picked":["sneckomod:SoulDraw","sneckomod:RainOfDice"],"picked":"sneckomod:QuickMove","floor":26},{"not_picked":["sneckomod:SerpentIdol","sneckomod:SoulRoll"],"picked":"sneckomod:QuickMove","floor":27},{"not_picked":["sneckomod:QuickMove","sneckomod:SnekBeam","sneckomod:UnknownDraw"],"picked":"SKIP","floor":29},{"not_picked":["sneckomod:WideSting","sneckomod:SnekBeam"],"picked":"sneckomod:IronFang+1","floor":30}],"player_experience":11855083,"relics_obtained":[{"floor":7,"key":"sneckomod:BlankCard"},{"floor":14,"key":"Whetstone"},{"floor":24,"key":"Unceasing Top"},{"floor":26,"key":"Bird Faced Urn"}],"event_choices":[{"damage_healed":0,"gold_gain":0,"player_choice":"Trade","damage_taken":0,"relics_obtained":["SsserpentHead"],"max_hp_gain":0,"max_hp_loss":0,"event_name":"FaceTrader","floor":22,"gold_loss":0}],"is_beta":false,"boss_relics":[{"not_picked":["bronze:MakeshiftBattery","SacredBark"],"picked":"Sozu"}],"items_purged_floors":[10],"is_endless":false,"potions_floor_spawned":[2,6,12,14,16,21,26,30],"killed_by":"Centurion and Healer","ascension_level":12}}