{"host":"zs3tguvuxkh90jf4","time":1613420939,"event":{"mods":["AchievementEnabler","BaseMod","Better Silent Start","Better-Laid Plans","BetterRewards","Block Reminder","Colored Map","Colored Powertips","Gold Saver","Minty Spire (QoL Compilation)","Shop Mod","StSLib","Transform Curses"],"gold_per_floor":[2017,1267,1267,1285,265,300,300,312,312,324,341,370,370,44,44,115,115,1265,1265,1282,986,986,1015,673,673,673,127,161,161,173,220,232,315,327,349,374,402,155,202,233,246,246,273,288,315,315,333,333,333,333,333,333,333,25,60,60],"floor_reached":57,"language":"ENG","playtime":3507,"items_purged":["Defend_B","Strike_B","Strike_B","Defend_B","Strike_B","Defend_B"],"score":4127,"play_id":"cd459d0e-888a-4eac-b0e2-31b81230118f","local_time":"20210215122859","is_ascension_mode":true,"campfire_choices":[{"data":"Dualcast","floor":7.0,"key":"SMITH"},{"data":"Double Energy","floor":13.0,"key":"SMITH"},{"data":"Redo","floor":15.0,"key":"SMITH"},{"data":"Storm","floor":32,"key":"SMITH"},{"floor":49,"key":"RECALL"},{"data":"White Noise","floor":53,"key":"SMITH"}],"circlet_count":0,"master_deck":["AscendersBane","Strike_B+1","Zap","Dualcast+1","Defragment","Coolheaded+1","Glacier+1","Sweeping Beam+1","Leap","Bandage Up","Ball Lightning+1","Leap","Self Repair","Steam","Double Energy+1","Tempest","Conserve Battery","Dramatic Entrance","Redo+1","Turbo","Loop","Rainbow","Melter","Storm","Stack+1","Blizzard","Storm+1","White Noise+1","Reinforced Body","RitualDagger","Echo Form","Hologram","Redo+1","Cold Snap","Beam Cell+1","Consume","Mind Blast","Secret Weapon","Thunder Strike"],"relics":["Cracked Core","DataDisk","FossilizedHelix","Symbiotic Virus","Vajra","MealTicket","MerchantsRug","Turnip","Bottled Flame","Anchor","Oddly Smooth Stone","Membership Card","Orichalcum","Runic Pyramid","MutagenicStrength","Juzu Bracelet","Lizard Tail","TungstenRod","PreservedInsect","Happy Flower","InkBottle","HandDrill","Mummified Hand","Ginger","Letter Opener","Tiny Chest","SlaversCollar","OrangePellets","Dead Branch","Gambling Chip","Eternal Feather","Bag of Preparation","Calipers","Centennial Puzzle","Gremlin Horn"],"acts_visited":["Exordium","TheCity","TheBeyond","TheEnding"],"potions_floor_usage":[33,51,56],"damage_taken":[{"damage":0.0,"enemies":"Jaw Worm","floor":1.0,"turns":3.0},{"damage":0.0,"enemies":"Small Slimes","floor":4.0,"turns":3.0},{"damage":0.0,"enemies":"Gremlin Nob","floor":6.0,"turns":3.0},{"damage":0.0,"enemies":"2 Louse","floor":8.0,"turns":2.0},{"damage":0.0,"enemies":"Blue Slaver","floor":10.0,"turns":3.0},{"damage":0.0,"enemies":"Exordium Wildlife","floor":11.0,"turns":2.0},{"damage":0.0,"enemies":"Lagavulin","floor":12.0,"turns":5.0},{"damage":0.0,"enemies":"The Guardian","floor":16.0,"turns":13.0},{"damage":0.0,"enemies":"Chosen","floor":18.0,"turns":3.0},{"damage":0,"enemies":"2 Thieves","floor":20,"turns":3},{"damage":0,"enemies":"Gremlin Leader","floor":23,"turns":6},{"damage":0,"enemies":"Book of Stabbing","floor":28,"turns":3},{"damage":0,"enemies":"Gremlin Leader","floor":31,"turns":5},{"damage":0,"enemies":"Collector","floor":33,"turns":6},{"damage":6,"enemies":"3 Shapes","floor":35,"turns":2},{"damage":0,"enemies":"Orb Walker","floor":36,"turns":3},{"damage":0,"enemies":"Transient","floor":37,"turns":6},{"damage":0,"enemies":"2 Orb Walkers","floor":39,"turns":2},{"damage":0,"enemies":"Giant Head","floor":40,"turns":4},{"damage":0,"enemies":"Sphere and 2 Shapes","floor":41,"turns":1},{"damage":0,"enemies":"Writhing Mass","floor":44,"turns":2},{"damage":0,"enemies":"Nemesis","floor":45,"turns":5},{"damage":0,"enemies":"Transient","floor":47,"turns":6},{"damage":32,"enemies":"Awakened One","floor":50,"turns":8},{"damage":0,"enemies":"Donu and Deca","floor":51,"turns":6},{"damage":34,"enemies":"Shield and Spear","floor":55,"turns":6},{"damage":49,"enemies":"The Heart","floor":56,"turns":6}],"seed_played":"5418859343485419227","potions_obtained":[{"floor":1.0,"key":"BlessingOfTheForge"},{"floor":16.0,"key":"SteroidPotion"},{"floor":28,"key":"FairyPotion"},{"floor":35,"key":"SpeedPotion"},{"floor":37,"key":"LiquidMemories"}],"is_trial":false,"path_per_floor":["M","$","?","M","$","E","R","M","T","M","M","E","R","$","R","B",null,"M","?","M","$","?","E","$","T","T","$","E","T","?","E","R","B",null,"M","M","M","$","?","E","M","?","T","M","E","?","M","T","R","B","B",null,"R","$","E","B",null],"character_chosen":"DEFECT","items_purchased":["DataDisk","FossilizedHelix","Defragment","Coolheaded","SkillPotion","Vajra","MealTicket","Sweeping Beam","MerchantsRug","Leap","Bandage Up","Turnip","Orrery","Conserve Battery","Bottled Flame","Dramatic Entrance","Membership Card","Orichalcum","Whetstone","Potion Belt","Storm","Juzu Bracelet","Stack","TungstenRod","PreservedInsect","Storm","HandDrill","Mummified Hand","Ginger","White Noise","FocusPotion","OrangePellets","Dead Branch","War Paint","Calipers","LiquidBronze","Centennial Puzzle","Mind Blast","Secret Weapon"],"campfire_rested":0,"item_purchase_floors":[0,0,0,0,0,2,2,2,2,2,2,5,5,5,5,5,14,14,14,21,21,21,21,24,24,24,27,27,27,27,27,38,38,38,54,54,54,54,54],"current_hp_per_floor":[57,57,36,40,55,59,59,66,66,70,70,71,71,71,71,71,71,71,71,71,71,51,62,76,76,76,76,76,76,71,76,76,76,76,74,76,76,76,76,76,76,76,83,83,83,79,81,81,81,56,60,76,81,81,58,13],"gold":60,"neow_bonus":"","is_daily":false,"chose_seed":false,"campfire_upgraded":5,"win_rate":0.0,"timestamp":1613420939,"path_taken":["M","$","?","M","$","E","R","M","T","M","M","E","R","$","R","BOSS","M","?","M","$","?","E","$","?","T","$","E","?","?","E","R","BOSS","M","M","M","$","?","E","M","?","T","M","E","?","M","?","R","BOSS","BOSS","R","$","E","BOSS"],"items_purchased_type":["Relic","Relic","Card","Card","Potion","Relic","Relic","Card","Relic","Card","Card","Relic","Relic","Card","Relic","Card","Relic","Relic","Relic","Relic","Card","Relic","Card","Relic","Relic","Card","Relic","Relic","Relic","Card","Potion","Relic","Relic","Relic","Relic","Potion","Relic","Card","Card"],"build_version":"2020-12-22","purchased_purges":6,"victory":true,"max_hp_per_floor":[71,71,71,71,71,71,71,71,71,71,71,71,71,71,71,71,71,71,71,71,71,76,76,76,76,76,76,76,76,76,76,76,76,76,76,76,76,76,76,76,76,76,83,83,83,79,81,81,81,81,81,81,81,81,81,81],"card_choices":[{"not_picked":["Stack","Rebound"],"picked":"Glacier","floor":1.0},{"not_picked":["Beam Cell","Go for the Eyes"],"picked":"Ball Lightning","floor":4.0},{"not_picked":["Rebound","Recycle"],"picked":"Leap","floor":5.0},{"not_picked":["Creative AI","Auto Shields"],"picked":"Self Repair","floor":5.0},{"not_picked":["Stack","Sweeping Beam"],"picked":"Steam","floor":5.0},{"not_picked":["Aggregate","Conserve Battery"],"picked":"Double Energy","floor":5.0},{"not_picked":["Gash","Compile Driver"],"picked":"Tempest","floor":5.0},{"not_picked":["Leap","Steam","Fusion"],"picked":"SKIP","floor":6.0},{"not_picked":["Compile Driver","Beam Cell"],"picked":"Redo","floor":8.0},{"not_picked":["Beam Cell","Compile Driver"],"picked":"Turbo","floor":10.0},{"not_picked":["Barrage","Rebound","Turbo"],"picked":"SKIP","floor":11.0},{"not_picked":["Streamline","Lockon"],"picked":"Loop","floor":12.0},{"not_picked":["Reboot","Amplify"],"picked":"Rainbow","floor":16.0},{"not_picked":["Auto Shields","Sunder"],"picked":"Melter","floor":18},{"not_picked":["Beam Cell","Sweeping Beam"],"picked":"Chill","floor":20},{"not_picked":["Go for the Eyes","Scrape"],"picked":"Blizzard","floor":23},{"not_picked":["Sweeping Beam","Leap"],"picked":"Reinforced Body","floor":28},{"not_picked":["Biased Cognition","Leap","Recycle+1"],"picked":"SKIP","floor":31},{"not_picked":["Buffer","Core Surge"],"picked":"Echo Form","floor":33},{"not_picked":["Rebound","Sweeping Beam"],"picked":"Hologram","floor":35},{"not_picked":["Gash","Steam","Recycle"],"picked":"SKIP","floor":36},{"not_picked":["Steam","Auto Shields+1","Barrage"],"picked":"SKIP","floor":37},{"not_picked":["Turbo","Streamline"],"picked":"Redo+1","floor":39},{"not_picked":["Barrage+1","Gash","Darkness"],"picked":"SKIP","floor":40},{"not_picked":["Recycle","Barrage"],"picked":"Cold Snap","floor":41},{"not_picked":["All For One","Conserve Battery"],"picked":"Beam Cell+1","floor":44},{"not_picked":["Scrape","Sweeping Beam"],"picked":"Consume","floor":45},{"not_picked":["Force Field+1","All For One","Hello World"],"picked":"Singing Bowl","floor":47},{"not_picked":["Leap","Chill+1"],"picked":"Thunder Strike","floor":55}],"player_experience":584225,"relics_obtained":[{"floor":6.0,"key":"Anchor"},{"floor":12.0,"key":"Oddly Smooth Stone"},{"floor":23,"key":"Lizard Tail"},{"floor":25,"key":"Matryoshka"},{"floor":26,"key":"Happy Flower"},{"floor":26,"key":"InkBottle"},{"floor":28,"key":"Smiling Mask"},{"floor":29,"key":"MawBank"},{"floor":29,"key":"Letter Opener"},{"floor":31,"key":"Tiny Chest"},{"floor":39,"key":"Gambling Chip"},{"floor":40,"key":"Eternal Feather"},{"floor":43,"key":"Strawberry"},{"floor":45,"key":"Singing Bowl"},{"floor":48,"key":"Bag of Preparation"},{"floor":55,"key":"Gremlin Horn"}],"event_choices":[{"damage_healed":0.0,"max_hp_gain":0.0,"max_hp_loss":0.0,"gold_gain":0.0,"event_name":"Shining Light","player_choice":"Entered Light","floor":3.0,"gold_loss":0.0,"damage_taken":21.0,"cards_upgraded":["Sweeping Beam","Coolheaded"]},{"damage_healed":0,"gold_gain":0,"player_choice":"Inject Mutagens","damage_taken":0,"relics_obtained":["MutagenicStrength"],"max_hp_gain":0,"max_hp_loss":0,"event_name":"Drug Dealer","floor":19,"gold_loss":0},{"damage_healed":0,"gold_gain":0,"player_choice":"Shed Blood","damage_taken":25,"max_hp_gain":5,"max_hp_loss":0,"event_name":"Forgotten Altar","floor":22,"gold_loss":0},{"damage_healed":0,"gold_gain":0,"player_choice":"Joined the Cult","damage_taken":6,"max_hp_gain":0,"max_hp_loss":0,"event_name":"Nest","floor":30,"gold_loss":0,"cards_obtained":["RitualDagger"]},{"damage_healed":0,"gold_gain":0,"player_choice":"Fight","damage_taken":0,"max_hp_gain":0,"max_hp_loss":0,"event_name":"Mysterious Sphere","floor":39,"gold_loss":0},{"cards_removed":["Chill"],"damage_healed":0,"gold_gain":0,"player_choice":"Removed Skill","damage_taken":0,"max_hp_gain":0,"max_hp_loss":0,"event_name":"Falling","floor":42,"gold_loss":0},{"damage_healed":0,"gold_gain":0,"player_choice":"Max HP","damage_taken":0,"max_hp_gain":0,"max_hp_loss":4,"event_name":"Winding Halls","floor":46,"gold_loss":0}],"is_beta":false,"boss_relics":[{"not_picked":["Fusion Hammer","Coffee Dripper"],"picked":"Runic Pyramid"},{"not_picked":["Sozu","SacredBark"],"picked":"SlaversCollar"}],"items_purged_floors":[2,5,21,24,27,38],"is_endless":false,"potions_floor_spawned":[1,16,28,31,35,37,44,55],"ascension_level":20}}