{"host":"3z4ju2qnfrhpg6py","time":1613381656,"event":{"mods":["Act Like it!","Arknights","BaseMod","Colored Powertips","Minty Spire (QoL Compilation)","Spicy Shops","StSLib","UnlockEverythingMod","Wide Potions","noobMod","¡¾ÒÅÎï¿¨ÅÆ¡¿REMEMod"],"gold_per_floor":[116,129,129,129,143,171,182,209,209,226,251,23,52,72,72,169,169,183,194,210,227,237,268,280,306,306,306,32,32,66,66,66,166,166,180,197,241,253,308,308,20,52,75,144,227,227,227,266,266,315,315,315,14,62,92],"floor_reached":56,"language":"ZHS","playtime":2360,"items_purged":["Regret"],"score":1899,"play_id":"5219a2b9-22e6-47eb-ab1b-b8d9e3260af0","local_time":"20210215173416","is_ascension_mode":true,"campfire_choices":[{"data":"Transmutation","floor":15,"key":"SMITH"},{"data":"Chrysalis","floor":29,"key":"SMITH"},{"data":"ats:Overload","floor":32,"key":"SMITH"},{"data":"ats:Emotion Absorption","floor":40,"key":"SMITH"},{"floor":49,"key":"RECALL"},{"data":"ats:Ambush","floor":52,"key":"SMITH"}],"circlet_count":0,"master_deck":["ats:Strike C+1","ats:Strike G+1","ats:Strike S+1","ats:Armor Crushing Shot+1","ats:Defend+1","ats:Defend+1","ats:Defend+1","ats:Emotion Absorption+1","Transmutation+1","ats:Neurotoxin","ats:Dogmatic Field","ats:Apocalypse","ats:Poison Spread","ats:Powerful Strike","ats:Powerful Strike","ats:Assault Order","ats:Curse Doll","ats:Flexible Camouflage","ats:Echo Reverb","ats:Charging Defense","ats:Poison Spread+1","ats:Poison Spread","ats:Poison Spread","ats:Overload+1","Chrysalis+1","ats:Counter Healing Mode+1","ats:Poison Spread","ats:Ambush+1","ats:Assault Order+1","ats:Explosion Area Strengthen+1","ats:Song Of Battle+1","Madness","Madness","ats:Powerful Strike+1","REME_BattleFury","ats:Overload","ats:Shell Defense","ats:Nebulous Foxfire"],"relics":["ats:Sanity Plus","REME_ComplimentaryCards","ice","InkBottle","ats:Originium","Bird Faced Urn","Centennial Puzzle","Pen Nib","Vajra","ats:Snipe","Juzu Bracelet","Empty Cage","Mummified Hand","REME_HandOfSuture","REME_PuzzleBoxRelic","Girya","CaptainsWheel","Calipers","REME_ArchaeologicalTools","Happy Flower","ats:Rhine Circuitry","Whetstone"],"acts_visited":["Exordium","TheCity","TheBeyond","TheEnding"],"potions_floor_usage":[55,55,55],"damage_taken":[{"damage":10,"enemies":"Cultist","floor":1,"turns":3},{"damage":25,"enemies":"ats:Genji","floor":2,"turns":5},{"damage":34,"enemies":"Jaw Worm","floor":5,"turns":6},{"damage":28,"enemies":"Lagavulin","floor":6,"turns":8},{"damage":11,"enemies":"Looter","floor":7,"turns":2},{"damage":16,"enemies":"Gremlin Nob","floor":8,"turns":4},{"damage":12,"enemies":"3 Louse","floor":10,"turns":3},{"damage":28,"enemies":"3 Sentries","floor":11,"turns":6},{"damage":0,"enemies":"Lagavulin","floor":13,"turns":3},{"damage":16,"enemies":"Exordium Wildlife","floor":14,"turns":3},{"damage":11,"enemies":"The Guardian","floor":16,"turns":3},{"damage":3,"enemies":"Chosen","floor":18,"turns":2},{"damage":0,"enemies":"Spheric Guardian","floor":19,"turns":2},{"damage":18,"enemies":"Chosen and Byrds","floor":20,"turns":3},{"damage":7,"enemies":"3 Cultists","floor":21,"turns":3},{"damage":15,"enemies":"Shelled Parasite and Fungi","floor":22,"turns":2},{"damage":23,"enemies":"REME_1_Revenger","floor":23,"turns":3},{"damage":3,"enemies":"Snecko","floor":24,"turns":3},{"damage":22,"enemies":"Gremlin Leader","floor":25,"turns":2},{"damage":0,"enemies":"Slavers","floor":30,"turns":1},{"damage":29,"enemies":"Collector","floor":33,"turns":3},{"damage":0,"enemies":"Orb Walker","floor":35,"turns":1},{"damage":40,"enemies":"3 Shapes","floor":36,"turns":3},{"damage":9,"enemies":"Sphere and 2 Shapes","floor":37,"turns":2},{"damage":2,"enemies":"3 Darklings","floor":38,"turns":3},{"damage":0,"enemies":"2 Orb Walkers","floor":39,"turns":3},{"damage":11,"enemies":"Nemesis","floor":42,"turns":3},{"damage":0,"enemies":"Spire Growth","floor":44,"turns":1},{"damage":0,"enemies":"Giant Head","floor":45,"turns":5},{"damage":0,"enemies":"Reptomancer","floor":48,"turns":2},{"damage":12,"enemies":"Donu and Deca","floor":50,"turns":3},{"damage":0,"enemies":"Shield and Spear","floor":54,"turns":3},{"damage":59,"enemies":"The Heart","floor":55,"turns":5}],"seed_played":"4044845048583357775","potions_obtained":[{"floor":1,"key":"EssenceOfSteel"},{"floor":5,"key":"LiquidBronze"},{"floor":14,"key":"DuplicationPotion"}],"is_trial":false,"path_per_floor":["M","M","?","T","M","E","M","E","T","M","E","$","E","M","R","B",null,"M","M","M","M","M","E","M","E","T","?","$","R","E","?","R","B",null,"M","M","M","M","?","R","$","E","T","M","E","?","?","E","R","B",null,"R","$","E","B",null],"character_chosen":"DOCTOR_CLASS","items_purchased":["ats:Snipe","Chrysalis","Calipers","REME_BattleFury","ats:Overload","ats:Shell Defense"],"campfire_rested":0,"item_purchase_floors":[12,28,41,53,53,53],"current_hp_per_floor":[62,37,37,37,3,54,45,35,35,29,3,3,84,86,86,86,89,91,92,96,94,95,91,96,82,82,82,82,82,94,94,94,92,112,112,91,88,117,130,130,130,133,133,133,134,134,117,130,130,132,139,139,139,143,189],"gold":92,"neow_bonus":"RANDOM_COLORLESS_2","is_daily":false,"chose_seed":false,"campfire_upgraded":5,"win_rate":0.0,"timestamp":1613381656,"path_taken":["M","?","?","?","M","E","M","E","T","M","E","$","E","M","R","BOSS","M","M","M","M","M","E","M","E","T","?","$","R","E","?","R","BOSS","M","M","M","M","?","R","$","E","T","M","E","?","?","E","R","BOSS","R","$","E","BOSS"],"items_purchased_type":["Relic","Card","Relic","Card","Card","Card"],"build_version":"2020-12-22","purchased_purges":1,"victory":true,"max_hp_per_floor":[72,72,72,72,72,75,76,78,78,80,84,84,84,86,86,90,90,92,92,101,103,106,109,110,115,115,115,115,115,115,115,115,118,118,118,125,127,128,130,130,130,133,133,133,135,135,135,137,137,141,141,141,141,144,203],"card_choices":[{"not_picked":["Metamorphosis","REME_BodyOfCthun"],"picked":"Transmutation","floor":0},{"not_picked":["ats:Consecutive Shot Auto","ats:Burning Ground","ats:Assault Order"],"picked":"SKIP","floor":1},{"not_picked":["ats:Hammer On","ats:Magnetic Hammer"],"picked":"ats:Neurotoxin","floor":2},{"not_picked":["ats:Red Shift","ats:Assault Order"],"picked":"ats:Apocalypse","floor":5},{"not_picked":["ats:Hook Shot","ats:Very Hot Blade"],"picked":"ats:Poison Spread","floor":6},{"not_picked":["ats:Explosion Area Strengthen","ats:Literary Storm"],"picked":"ats:Powerful Strike","floor":7},{"not_picked":["ats:Consecutive Shot Auto","ats:Guard Mode"],"picked":"ats:Powerful Strike","floor":8},{"not_picked":["ats:Flame Of Heaven","ats:LN2 Cannon","ats:Part Time Job"],"picked":"SKIP","floor":10},{"not_picked":["ats:Apocalypse","ats:Consecutive Shot Auto"],"picked":"ats:Assault Order","floor":11},{"not_picked":["ats:Leaping Hammer","ats:Defend Order"],"picked":"ats:Curse Doll","floor":13},{"not_picked":["ats:Closed Bolt Burst Fire","ats:Durian"],"picked":"ats:Flexible Camouflage","floor":14},{"not_picked":["ats:Rat Pack","ats:Fractured Body"],"picked":"ats:Echo Reverb","floor":16},{"not_picked":["ats:Leaping Hammer","ats:Song Of Battle","ats:Collapsing Strike"],"picked":"SKIP","floor":18},{"not_picked":["ats:Flexible Camouflage","ats:Cat Scratch+1","ats:Assault Order"],"picked":"SKIP","floor":19},{"not_picked":["ats:Closed Bolt Burst Fire","ats:Apocalypse+1"],"picked":"ats:Charging Defense","floor":20},{"not_picked":["ats:Disruption Kick","ats:Sword Rain"],"picked":"ats:Poison Spread","floor":21},{"not_picked":["ats:Curse Doll","ats:Leaping Hammer","ats:Very Hot Blade+1"],"picked":"SKIP","floor":22},{"not_picked":["ats:Sword Rain","ats:Roar Of Ursus","ats:Charging Defense"],"picked":"SKIP","floor":23},{"not_picked":["ats:Guard Mode","ats:Very Hot Blade"],"picked":"ats:Poison Spread","floor":24},{"not_picked":["ats:Very Hot Blade","ats:Hammer On"],"picked":"ats:Poison Spread","floor":25},{"not_picked":["ats:Closed Bolt Burst Fire","ats:Encircling Forest","ats:Composite Medical Shells"],"picked":"SKIP","floor":30},{"not_picked":["ats:Closed Bolt Burst Fire","ats:Encircling Forest","ats:Composite Medical Shells"],"picked":"SKIP","floor":30},{"not_picked":["ats:Leaping Hammer","ats:Guard Mode+1","ats:Shell Defense+1"],"picked":"SKIP","floor":35},{"not_picked":["ats:Flexible Camouflage","ats:Curse Doll+1"],"picked":"ats:Counter Healing Mode+1","floor":36},{"not_picked":["ats:Counter Healing Mode+1","ats:Revitalization"],"picked":"ats:Poison Spread","floor":37},{"not_picked":["ats:Apocalypse","ats:Phantom+1"],"picked":"ats:Ambush","floor":38},{"not_picked":["ats:Closed Bolt Burst Fire","ats:Burning Ground"],"picked":"ats:Assault Order+1","floor":39},{"not_picked":["ats:Echo Reverb","ats:Hammer On+1","ats:Sword Rain"],"picked":"SKIP","floor":42},{"not_picked":["ats:Curse Doll","ats:Hammer On"],"picked":"ats:Explosion Area Strengthen+1","floor":44},{"not_picked":["ats:Blood Oath","ats:Soul Absorption"],"picked":"ats:Song Of Battle+1","floor":45},{"not_picked":["ats:Spore Proliferation","ats:Phantom+1"],"picked":"ats:Powerful Strike+1","floor":48},{"not_picked":["ats:Revitalization","ats:Collapsing Strike"],"picked":"ats:Nebulous Foxfire","floor":54}],"player_experience":18011,"relics_obtained":[{"floor":4,"key":"InkBottle"},{"floor":6,"key":"ats:Originium"},{"floor":6,"key":"Bird Faced Urn"},{"floor":8,"key":"ats:Originium"},{"floor":8,"key":"Centennial Puzzle"},{"floor":9,"key":"Pen Nib"},{"floor":11,"key":"ats:Originium"},{"floor":11,"key":"Vajra"},{"floor":13,"key":"ats:Originium"},{"floor":13,"key":"Juzu Bracelet"},{"floor":23,"key":"Mummified Hand"},{"floor":25,"key":"REME_HandOfSuture"},{"floor":26,"key":"REME_PuzzleBoxRelic"},{"floor":30,"key":"Girya"},{"floor":39,"key":"CaptainsWheel"},{"floor":42,"key":"ats:Originium"},{"floor":42,"key":"REME_ArchaeologicalTools"},{"floor":45,"key":"Happy Flower"},{"floor":48,"key":"ats:Rhine Circuitry"},{"floor":54,"key":"Whetstone"}],"event_choices":[{"damage_healed":0,"gold_gain":0,"cards_transformed":["ats:True Silver Slash"],"player_choice":"Change","damage_taken":0,"max_hp_gain":0,"max_hp_loss":0,"event_name":"Living Wall","floor":3,"gold_loss":0,"cards_obtained":["ats:Dogmatic Field"]},{"damage_healed":0,"gold_gain":0,"player_choice":"Read","damage_taken":0,"max_hp_gain":0,"max_hp_loss":0,"event_name":"The Library","floor":27,"gold_loss":0,"cards_obtained":["ats:Overload"]},{"damage_healed":0,"gold_gain":0,"player_choice":"Simplicity","damage_taken":0,"max_hp_gain":0,"max_hp_loss":0,"event_name":"Back to Basics","floor":31,"gold_loss":0,"cards_upgraded":["ats:Strike C","ats:Strike G","ats:Strike S","ats:Defend","ats:Defend","ats:Defend"]},{"damage_healed":0,"gold_gain":0,"player_choice":"Fight","damage_taken":0,"max_hp_gain":0,"max_hp_loss":0,"event_name":"Mysterious Sphere","floor":39,"gold_loss":0},{"damage_healed":0,"gold_gain":0,"player_choice":"Ignored","damage_taken":0,"max_hp_gain":0,"max_hp_loss":0,"event_name":"Tomb of Lord Red Mask","floor":46,"gold_loss":0},{"damage_healed":0,"gold_gain":0,"player_choice":"Embrace Madness","damage_taken":17,"max_hp_gain":0,"max_hp_loss":0,"event_name":"Winding Halls","floor":47,"gold_loss":0,"cards_obtained":["Madness","Madness"]}],"is_beta":false,"boss_relics":[{"not_picked":["Runic Dome","Velvet Choker"],"picked":"Empty Cage"},{"not_picked":["Fusion Hammer","Sozu"],"picked":"ats:Sanity Plus"}],"items_purged_floors":[12],"is_endless":false,"potions_floor_spawned":[1,5,7,14,16,21,23,30,39,42,44,48,54],"ascension_level":5}}