{"host":"i2s4iw62z1dejrqn","time":1613373668,"event":{"mods":["AchievementEnabler","BaseMod","Minty Spire (QoL Compilation)","Random Character Button","SuperFastMode"],"gold_per_floor":[116,128,128,143,156,156,182,197,222,252,252,287,69,80,80,175,175,190,207,225,236,251,251,251,251],"floor_reached":24,"language":"KOR","playtime":1071,"items_purged":["Strike_R"],"score":311,"play_id":"5aaeec7e-48a3-4ecc-98b6-f7ce2afe775d","local_time":"20210215162108","is_ascension_mode":true,"campfire_choices":[{"data":"Havoc","floor":6.0,"key":"SMITH"},{"data":"Double Tap","floor":11.0,"key":"SMITH"},{"data":"Body Slam","floor":15.0,"key":"SMITH"},{"floor":23,"key":"REST"}],"circlet_count":0,"master_deck":["Strike_R","Strike_R","Strike_R","Strike_R","Defend_R","Defend_R","Defend_R","Defend_R","Bash+1","Pommel Strike","Cleave","Headbutt","Havoc+1","Double Tap+1","Body Slam+1","Sentinel","Clothesline","Evolve","Berserk","Body Slam+1","Power Through","Dropkick+1","Fire Breathing"],"relics":["Burning Blood","NeowsBlessing","Charon\u0027s Ashes","Bag of Preparation","Bag of Marbles","Anchor","Oddly Smooth Stone","SlaversCollar"],"acts_visited":["Exordium","TheCity"],"potions_floor_usage":[21,22],"damage_taken":[{"damage":0.0,"enemies":"2 Louse","floor":1.0,"turns":1.0},{"damage":0.0,"enemies":"Cultist","floor":2.0,"turns":1.0},{"damage":0.0,"enemies":"Small Slimes","floor":4.0,"turns":1.0},{"damage":0.0,"enemies":"3 Louse","floor":5.0,"turns":2.0},{"damage":30.0,"enemies":"3 Sentries","floor":7.0,"turns":9.0},{"damage":7.0,"enemies":"Looter","floor":8.0,"turns":3.0},{"damage":8.0,"enemies":"Gremlin Nob","floor":10.0,"turns":3.0},{"damage":10.0,"enemies":"3 Sentries","floor":12.0,"turns":3.0},{"damage":10.0,"enemies":"Exordium Thugs","floor":14.0,"turns":3.0},{"damage":13.0,"enemies":"Slime Boss","floor":16.0,"turns":6.0},{"damage":23.0,"enemies":"Spheric Guardian","floor":18.0,"turns":4.0},{"damage":9.0,"enemies":"Chosen","floor":19.0,"turns":4.0},{"damage":19.0,"enemies":"3 Cultists","floor":20.0,"turns":5.0},{"damage":28,"enemies":"Centurion and Healer","floor":21,"turns":4},{"damage":14,"enemies":"Snake Plant","floor":22,"turns":4},{"damage":34,"enemies":"Book of Stabbing","floor":24,"turns":5}],"seed_played":"-8769199341780177158","potions_obtained":[{"floor":4.0,"key":"Energy Potion"},{"floor":5.0,"key":"SteroidPotion"},{"floor":7.0,"key":"SteroidPotion"},{"floor":10.0,"key":"Energy Potion"},{"floor":16.0,"key":"Block Potion"},{"floor":19.0,"key":"FearPotion"},{"floor":21,"key":"Energy Potion"}],"is_trial":false,"path_per_floor":["M","M","?","M","M","R","E","M","T","E","R","E","$","M","R","B",null,"M","M","M","M","M","R","E"],"character_chosen":"IRONCLAD","items_purchased":["Oddly Smooth Stone"],"campfire_rested":1,"item_purchase_floors":[13],"current_hp_per_floor":[78,80,80,80,80,80,56,55,55,53,53,49,49,45,45,38,70,53,50,37,15,7,31,0,0],"gold":251,"neow_bonus":"THREE_ENEMY_KILL","is_daily":false,"chose_seed":false,"campfire_upgraded":3,"win_rate":0.0,"timestamp":1613373668,"path_taken":["M","M","?","M","M","R","E","M","T","E","R","E","$","?","R","BOSS","M","M","M","M","M","R","E"],"items_purchased_type":["Relic"],"build_version":"2020-12-22","purchased_purges":1,"victory":false,"max_hp_per_floor":[80,80,80,80,80,80,80,80,80,80,80,80,80,80,80,80,80,80,80,80,80,80,80,80,80],"card_choices":[{"not_picked":["Twin Strike","Spot Weakness"],"picked":"Pommel Strike","floor":1.0},{"not_picked":["Thunderclap","Sword Boomerang"],"picked":"Cleave","floor":2.0},{"not_picked":["Wild Strike","Intimidate"],"picked":"Headbutt","floor":4.0},{"not_picked":["Clash","Sword Boomerang"],"picked":"Havoc","floor":5.0},{"not_picked":["Evolve","Thunderclap"],"picked":"Double Tap","floor":7.0},{"not_picked":["Armaments","Reckless Charge"],"picked":"Body Slam","floor":8.0},{"not_picked":["Seeing Red","Sword Boomerang"],"picked":"Sentinel","floor":10.0},{"not_picked":["Sword Boomerang","Hemokinesis"],"picked":"Clothesline","floor":12.0},{"not_picked":["Twin Strike","Infernal Blade"],"picked":"Evolve","floor":14.0},{"not_picked":["Bludgeon","Juggernaut"],"picked":"Berserk","floor":16.0},{"not_picked":["Hemokinesis","True Grit","Cleave"],"picked":"SKIP","floor":18.0},{"not_picked":["Bloodletting","Flex"],"picked":"Body Slam+1","floor":19.0},{"not_picked":["Body Slam","Sword Boomerang"],"picked":"Power Through","floor":20.0},{"not_picked":["Perfected Strike","Flex"],"picked":"Dropkick+1","floor":21},{"not_picked":["Whirlwind","Clothesline"],"picked":"Fire Breathing","floor":22}],"player_experience":463139,"relics_obtained":[{"floor":7.0,"key":"Charon\u0027s Ashes"},{"floor":9.0,"key":"Bag of Preparation"},{"floor":10.0,"key":"Bag of Marbles"},{"floor":12.0,"key":"Anchor"}],"event_choices":[{"damage_healed":0.0,"max_hp_gain":0.0,"max_hp_loss":0.0,"gold_gain":0.0,"event_name":"Upgrade Shrine","player_choice":"Upgraded","floor":3.0,"gold_loss":0.0,"damage_taken":0.0,"cards_upgraded":["Bash"]}],"is_beta":false,"boss_relics":[{"not_picked":["Astrolabe","Snecko Eye"],"picked":"SlaversCollar"}],"items_purged_floors":[13],"is_endless":false,"potions_floor_spawned":[4,5,7,10,16,19,21],"killed_by":"Book of Stabbing","ascension_level":8}}