{"host":"2no1vwhhkhf0ohz3","time":1613392885,"event":{"mods":["AchievementEnabler","BaseMod","Colored Map","DeckTracker","Keyboard Shortcuts","Minty Spire (QoL Compilation)","SuperFastMode"],"gold_per_floor":[113,113,113,188,188,214,214,24,24,59,85,109,133,148,148,253,253,280,295,321,333,273,273,298,298,598,311,337,373,392,403,403,502,502,526,451,361,372,235,266,266,297,368,386,386,386,221,240,240,240,240,240,49,78,78],"floor_reached":56,"language":"KOR","playtime":1920,"items_purged":["Strike_P","Defend_P","Strike_P","Defend_P+1","Strike_P+1","LessonLearned+1","Defend_P+1"],"score":1629,"play_id":"1a7d0ecf-0734-4229-803d-c41bfde31a83","local_time":"20210215214125","is_ascension_mode":true,"campfire_choices":[{"data":"Eruption","floor":7.0,"key":"SMITH"},{"data":"Scrawl","floor":15.0,"key":"SMITH"},{"data":"Adaptation","floor":23.0,"key":"SMITH"},{"floor":32.0,"key":"REST"},{"floor":41.0,"key":"RECALL"},{"data":"InnerPeace","floor":45.0,"key":"SMITH"},{"data":"TalkToTheHand","floor":49.0,"key":"SMITH"},{"data":"FlurryOfBlows","floor":52.0,"key":"SMITH"}],"circlet_count":0,"master_deck":["Eruption+1","Vigilance+1","FlurryOfBlows+1","Tantrum+1","Consecrate+1","Scrawl+1","Adaptation+1","Adaptation+1","TalkToTheHand+1","Scrawl+1","InnerPeace+1","FearNoEvil","MentalFortress+1","MentalFortress+1"],"relics":["PureWater","NeowsBlessing","CeramicFish","Membership Card","InkBottle","Art of War","SacredBark","Red Mask","Dead Branch","Old Coin","Prayer Wheel","Regal Pillow","VioletLotus","Gambling Chip","Mercury Hourglass","Pear","DollysMirror","Sling","Mummified Hand"],"acts_visited":["Exordium","TheCity","TheBeyond","TheEnding"],"potions_floor_usage":[],"damage_taken":[{"damage":0.0,"enemies":"2 Louse","floor":1.0,"turns":1.0},{"damage":0.0,"enemies":"3 Sentries","floor":6.0,"turns":2.0},{"damage":0.0,"enemies":"Gremlin Nob","floor":10.0,"turns":1.0},{"damage":0.0,"enemies":"Cultist","floor":11.0,"turns":2.0},{"damage":0.0,"enemies":"Small Slimes","floor":12.0,"turns":2.0},{"damage":0.0,"enemies":"Blue Slaver","floor":13.0,"turns":1.0},{"damage":0.0,"enemies":"2 Fungi Beasts","floor":14.0,"turns":2.0},{"damage":43.0,"enemies":"The Guardian","floor":16.0,"turns":13.0},{"damage":31.0,"enemies":"2 Thieves","floor":18.0,"turns":4.0},{"damage":4.0,"enemies":"Spheric Guardian","floor":19.0,"turns":3.0},{"damage":0.0,"enemies":"Masked Bandits","floor":20.0,"turns":2.0},{"damage":12.0,"enemies":"Chosen and Byrds","floor":21.0,"turns":6.0},{"damage":7.0,"enemies":"Gremlin Leader","floor":24.0,"turns":4.0},{"damage":0.0,"enemies":"Snecko","floor":28.0,"turns":4.0},{"damage":0.0,"enemies":"Centurion and Healer","floor":29.0,"turns":4.0},{"damage":0.0,"enemies":"3 Cultists","floor":30.0,"turns":2.0},{"damage":0.0,"enemies":"Cultist and Chosen","floor":31.0,"turns":2.0},{"damage":4.0,"enemies":"Champ","floor":33.0,"turns":6.0},{"damage":0.0,"enemies":"3 Shapes","floor":35.0,"turns":2.0},{"damage":2.0,"enemies":"Orb Walker","floor":38.0,"turns":2.0},{"damage":0.0,"enemies":"Giant Head","floor":40.0,"turns":1.0},{"damage":0.0,"enemies":"Nemesis","floor":42.0,"turns":1.0},{"damage":20.0,"enemies":"4 Shapes","floor":44.0,"turns":1.0},{"damage":0.0,"enemies":"Maw","floor":48.0,"turns":2.0},{"damage":0.0,"enemies":"Donu and Deca","floor":50.0,"turns":2.0},{"damage":0.0,"enemies":"Shield and Spear","floor":54.0,"turns":1.0},{"damage":45,"enemies":"The Heart","floor":55,"turns":5}],"seed_played":"9130806969657165845","potions_obtained":[{"floor":1.0,"key":"BlessingOfTheForge"},{"floor":10.0,"key":"Energy Potion"},{"floor":12.0,"key":"Swift Potion"},{"floor":13.0,"key":"LiquidMemories"},{"floor":20.0,"key":"Energy Potion"},{"floor":30.0,"key":"FearPotion"},{"floor":40.0,"key":"BlessingOfTheForge"},{"floor":44.0,"key":"FearPotion"}],"is_trial":false,"path_per_floor":["M","?","?","?","?","E","R","$","T","E","M","M","M","M","R","B",null,"M","M","?","M","$","R","E","?","T","$","M","M","M","M","R","B",null,"M","$","?","M","$","E","R","E","T","M","R","?","$","M","R","B",null,"R","$","E","B",null],"character_chosen":"WATCHER","items_purchased":["Membership Card","Adaptation","Prayer Wheel","Regal Pillow","Fruit Juice","DollysMirror","Sling"],"campfire_rested":1,"item_purchase_floors":[8,22,27,27,39,47,53],"current_hp_per_floor":[72,65,70,59,59,59,59,59,59,59,59,59,59,59,59,16,77,46,42,42,30,30,30,23,23,23,23,23,23,23,23,61,57,77,77,77,77,75,85,85,85,85,85,65,65,75,75,75,75,75,97,97,97,97,52],"gold":78,"neow_bonus":"THREE_ENEMY_KILL","is_daily":false,"chose_seed":false,"campfire_upgraded":6,"win_rate":0.0,"timestamp":1613392885,"path_taken":["M","?","?","?","?","E","R","$","T","E","M","M","?","M","R","BOSS","M","M","?","M","$","R","E","?","T","$","M","?","M","M","R","BOSS","M","$","?","?","$","E","R","E","T","M","R","?","$","M","R","BOSS","R","$","E","BOSS"],"items_purchased_type":["Relic","Card","Relic","Relic","Potion","Relic","Relic"],"build_version":"2020-12-22","purchased_purges":7,"victory":true,"max_hp_per_floor":[72,72,77,77,77,77,77,77,77,77,77,77,77,77,77,77,77,77,77,77,77,77,77,77,77,77,77,77,77,77,77,77,77,77,77,77,77,77,87,87,87,87,87,87,87,97,97,97,97,97,97,97,97,97,97],"card_choices":[{"not_picked":["Study","JustLucky","SashWhip"],"picked":"SKIP","floor":1.0},{"not_picked":["SashWhip","Swivel","Nirvana"],"picked":"SKIP","floor":6.0},{"not_picked":["Nirvana","DeceiveReality"],"picked":"FlurryOfBlows","floor":10.0},{"not_picked":["BowlingBash","CarveReality"],"picked":"Tantrum","floor":11.0},{"not_picked":["Evaluate","FlyingSleeves"],"picked":"Consecrate","floor":12.0},{"not_picked":["CrushJoints","Protect"],"picked":"Scrawl","floor":13.0},{"not_picked":["BowlingBash","Fasting2","ClearTheMind"],"picked":"SKIP","floor":14.0},{"not_picked":["Judgement","Establishment"],"picked":"LessonLearned","floor":16.0},{"not_picked":["MentalFortress+1","BattleHymn"],"picked":"Adaptation","floor":18.0},{"not_picked":["Conclude","ClearTheMind","Consecrate+1"],"picked":"SKIP","floor":19.0},{"not_picked":["ClearTheMind+1","WheelKick","SignatureMove"],"picked":"SKIP","floor":21.0},{"not_picked":["ClearTheMind+1","ConjureBlade","FlurryOfBlows"],"picked":"SKIP","floor":24.0},{"not_picked":["Protect","ThirdEye"],"picked":"TalkToTheHand","floor":28.0},{"not_picked":["Crescendo+1","PathToVictory","WheelKick"],"picked":"SKIP","floor":28.0},{"not_picked":["FlurryOfBlows","FlyingSleeves+1"],"picked":"Scrawl","floor":29.0},{"not_picked":["CrushJoints","Prostrate"],"picked":"InnerPeace","floor":29.0},{"not_picked":["CutThroughFate+1","CarveReality"],"picked":"FearNoEvil","floor":30.0},{"not_picked":["EmptyBody","Crescendo","Protect"],"picked":"SKIP","floor":30.0},{"not_picked":["Tantrum+1","JustLucky","Crescendo"],"picked":"SKIP","floor":31.0},{"not_picked":["Sanctity","Nirvana","ThirdEye+1"],"picked":"SKIP","floor":31.0},{"not_picked":["Protect+1","SandsOfTime+1"],"picked":"MentalFortress+1","floor":35.0},{"not_picked":["Prostrate","CutThroughFate+1","EmptyBody+1"],"picked":"SKIP","floor":35.0},{"not_picked":["Crescendo+1","InnerPeace","JustLucky"],"picked":"SKIP","floor":38.0},{"not_picked":["Crescendo+1","Meditate+1","Consecrate"],"picked":"SKIP","floor":38.0},{"not_picked":["EmptyFist","DevaForm","Perseverance"],"picked":"SKIP","floor":40.0},{"not_picked":["FollowUp+1","EmptyFist","BowlingBash+1"],"picked":"SKIP","floor":42.0},{"not_picked":["FlyingSleeves+1","Wallop+1","Crescendo+1"],"picked":"SKIP","floor":44.0},{"not_picked":["FollowUp+1","Pray+1","BowlingBash+1"],"picked":"SKIP","floor":44.0},{"not_picked":["FlurryOfBlows","FollowUp+1","BowlingBash"],"picked":"SKIP","floor":48.0},{"not_picked":["InnerPeace+1","CarveReality+1","SashWhip"],"picked":"SKIP","floor":48.0},{"not_picked":["ThirdEye+1","Worship","SpiritShield"],"picked":"SKIP","floor":54.0}],"player_experience":306414,"relics_obtained":[{"floor":6.0,"key":"CeramicFish"},{"floor":9.0,"key":"InkBottle"},{"floor":10.0,"key":"Art of War"},{"floor":20.0,"key":"Red Mask"},{"floor":24.0,"key":"Dead Branch"},{"floor":26.0,"key":"Old Coin"},{"floor":40.0,"key":"Gambling Chip"},{"floor":42.0,"key":"Mercury Hourglass"},{"floor":46.0,"key":"Pear"},{"floor":54.0,"key":"Mummified Hand"}],"event_choices":[{"cards_removed":["Strike_P"],"damage_healed":0.0,"max_hp_gain":0.0,"max_hp_loss":0.0,"gold_gain":0.0,"event_name":"Golden Wing","player_choice":"Card Removal","floor":2.0,"gold_loss":0.0,"damage_taken":7.0},{"damage_healed":0.0,"max_hp_gain":5.0,"max_hp_loss":0.0,"gold_gain":0.0,"event_name":"Big Fish","player_choice":"Donut","floor":3.0,"gold_loss":0.0,"damage_taken":0.0},{"damage_healed":0.0,"max_hp_gain":0.0,"max_hp_loss":0.0,"gold_gain":75.0,"event_name":"World of Goop","player_choice":"Gather Gold","floor":4.0,"gold_loss":0.0,"damage_taken":11.0},{"damage_healed":0.0,"max_hp_gain":0.0,"max_hp_loss":0.0,"gold_gain":0.0,"event_name":"Match and Keep!","player_choice":"0 cards matched","floor":5.0,"gold_loss":0.0,"damage_taken":0.0,"cards_obtained":[]},{"damage_healed":0.0,"max_hp_gain":0.0,"max_hp_loss":0.0,"gold_gain":0.0,"event_name":"Masked Bandits","player_choice":"Fought Bandits","floor":20.0,"gold_loss":0.0,"damage_taken":0.0},{"damage_healed":0.0,"max_hp_gain":0.0,"max_hp_loss":0.0,"gold_gain":0.0,"event_name":"Match and Keep!","player_choice":"0 cards matched","floor":25.0,"gold_loss":0.0,"damage_taken":0.0,"cards_obtained":[]},{"cards_removed":["Defend_P"],"damage_healed":0.0,"max_hp_gain":0.0,"max_hp_loss":0.0,"gold_gain":0.0,"event_name":"Designer","player_choice":"Upgrade and Remove","floor":37.0,"gold_loss":90.0,"damage_taken":0.0,"cards_upgraded":["Strike_P"]},{"damage_healed":0.0,"max_hp_gain":0.0,"max_hp_loss":0.0,"gold_gain":0.0,"event_name":"Wheel of Change","player_choice":"Relic","floor":46.0,"gold_loss":0.0,"damage_taken":0.0}],"is_beta":false,"boss_relics":[{"not_picked":["Coffee Dripper","SlaversCollar"],"picked":"SacredBark"},{"not_picked":["Cursed Key","Pandora\u0027s Box"],"picked":"VioletLotus"}],"items_purged_floors":[8,22,27,36,39,47,53],"is_endless":false,"potions_floor_spawned":[1,10,12,13,20,21,28,30,40,44,54],"ascension_level":3}}