{"host":"4b06nrmhsmzqjm1r","time":1613429152,"event":{"mods":["2.2 Compatiblity","AchievementEnabler","BaseMod","BetterRewards","Colored Map","Colored Powertips","Hermit","Highlight Path","Minty Spire (QoL Compilation)","StSLib","The Cursed"],"gold_per_floor":[114,114,47,47,47,77,92,107,132,144,156,198,225,241,253,365,377,404,331,343,355,367,397,397,412,487,517,517,67,67,97,97,197,197,212,212,262,262,22,52,52,52],"floor_reached":41,"language":"ENG","playtime":2849,"items_purged":["Decay"],"score":529,"play_id":"01c2cfb1-3ed0-48c1-944e-ec7230c88e43","local_time":"20210215234552","daily_mods":["Heirloom","Flight","Night Terrors"],"is_ascension_mode":false,"campfire_choices":[{"data":"Rupture","floor":15,"key":"SMITH"},{"data":"Heavy Blade","floor":24,"key":"SMITH"},{"data":"Double Tap","floor":32,"key":"SMITH"}],"circlet_count":0,"master_deck":["Strike_R","Strike_R","Strike_R+1","Strike_R","Defend_R+1","Defend_R+1","Defend_R+1","Bash","Hemokinesis","Rupture+1","Heavy Blade+1","Whirlwind","Hemokinesis","Brutality","Reaper","Seeing Red+1","Immolate","Disarm","Rupture","Double Tap+1","Offering","Bloodletting+1","Armaments","Thunderclap+1"],"relics":["Black Blood","Torii","Anchor","Orichalcum","Lantern","Letter Opener","Smiling Mask","Odd Mushroom","Empty Cage","War Paint","Nloth\u0027s Gift","Self Forming Clay","The Courier","Juzu Bracelet","Calipers","HandDrill","White Beast Statue","Unceasing Top","Lizard Tail","CaptainsWheel"],"acts_visited":["Exordium","TheCity","TheBeyond"],"potions_floor_usage":[6,12,16,16,16,23,23,23,29,31,33,40,40,41,41],"damage_taken":[{"damage":8,"enemies":"2 Louse","floor":1,"turns":3},{"damage":14,"enemies":"Lagavulin","floor":6,"turns":6},{"damage":3,"enemies":"Jaw Worm","floor":7,"turns":2},{"damage":2,"enemies":"Cultist","floor":8,"turns":2},{"damage":15,"enemies":"3 Sentries","floor":12,"turns":4},{"damage":11,"enemies":"Gremlin Gang","floor":13,"turns":5},{"damage":0,"enemies":"The Mushroom Lair","floor":14,"turns":1},{"damage":18,"enemies":"Hexaghost","floor":16,"turns":7},{"damage":15,"enemies":"2 Thieves","floor":18,"turns":3},{"damage":46,"enemies":"Book of Stabbing","floor":23,"turns":5},{"damage":7,"enemies":"Spheric Guardian","floor":25,"turns":3},{"damage":21,"enemies":"Slavers","floor":27,"turns":5},{"damage":24,"enemies":"Book of Stabbing","floor":31,"turns":7},{"damage":39,"enemies":"Champ","floor":33,"turns":7},{"damage":17,"enemies":"Orb Walker","floor":35,"turns":4},{"damage":11,"enemies":"Mind Bloom Boss Battle","floor":37,"turns":4},{"damage":74,"enemies":"Nemesis","floor":40,"turns":7},{"damage":83,"enemies":"2 Orb Walkers","floor":41,"turns":5}],"seed_played":"5535013652570512859","potions_obtained":[{"floor":1,"key":"SpeedPotion"},{"floor":7,"key":"Regen Potion"},{"floor":12,"key":"HeartOfIron"},{"floor":14,"key":"EntropicBrew"},{"floor":16,"key":"GamblersBrew"},{"floor":18,"key":"Energy Potion"},{"floor":28,"key":"Block Potion"},{"floor":28,"key":"Fruit Juice"},{"floor":28,"key":"ColorlessPotion"},{"floor":31,"key":"PowerPotion"},{"floor":33,"key":"Swift Potion"},{"floor":37,"key":"SkillPotion"},{"floor":40,"key":"DuplicationPotion"}],"is_trial":false,"path_per_floor":["M","?","$","?","T","E","M","M","T","?","?","E","M","?","R","B",null,"M","?","?","?","?","E","R","M","T","E","?","$","?","E","R","B",null,"M","?","?","?","$","E","?"],"character_chosen":"IRONCLAD","items_purchased":["Rupture","Calipers","BloodPotion","HandDrill","Lizard Tail"],"campfire_rested":0,"item_purchase_floors":[3,29,29,29,39],"current_hp_per_floor":[78,62,62,55,55,47,50,54,54,54,51,54,49,55,55,43,80,71,71,71,71,71,35,35,34,34,31,31,36,36,59,59,47,85,80,80,85,81,81,19,0,0],"gold":52,"neow_bonus":"","is_daily":true,"chose_seed":false,"campfire_upgraded":3,"win_rate":0.0,"timestamp":1613429152,"path_taken":["M","?","?","?","?","E","?","?","T","?","?","E","M","?","R","BOSS","M","?","?","?","?","E","R","?","T","E","?","$","?","E","R","BOSS","M","?","?","?","$","E","?"],"items_purchased_type":["Card","Relic","Potion","Relic","Relic"],"build_version":"2020-12-22","purchased_purges":1,"victory":false,"max_hp_per_floor":[80,80,80,80,80,80,80,80,80,80,80,80,80,80,80,80,80,80,80,80,80,80,80,80,80,80,80,80,85,85,85,85,85,85,85,85,85,81,81,81,81,81],"card_choices":[{"not_picked":["Reckless Charge","Shrug It Off"],"picked":"Hemokinesis","floor":1},{"not_picked":["Havoc","Twin Strike"],"picked":"Heavy Blade","floor":6},{"not_picked":["Anger","Pommel Strike"],"picked":"Flex","floor":7},{"not_picked":["Headbutt","Perfected Strike"],"picked":"Whirlwind","floor":8},{"not_picked":["True Grit","Armaments"],"picked":"Hemokinesis","floor":12},{"not_picked":["Iron Wave","Wild Strike"],"picked":"Brutality","floor":13},{"not_picked":["Feed","Barricade"],"picked":"Reaper","floor":16},{"not_picked":["Heavy Blade","Warcry"],"picked":"Seeing Red+1","floor":18},{"not_picked":["Evolve","Clothesline+1"],"picked":"Immolate","floor":23},{"not_picked":["Dark Embrace+1","Sever Soul"],"picked":"Disarm","floor":25},{"not_picked":["Headbutt","Hemokinesis"],"picked":"Rupture","floor":27},{"not_picked":["Feed","Spot Weakness+1"],"picked":"Double Tap","floor":31},{"not_picked":["Double Tap","Demon Form"],"picked":"Offering","floor":33},{"not_picked":["Twin Strike+1","Clash+1"],"picked":"Bloodletting+1","floor":35},{"not_picked":["Clash+1","Thunderclap"],"picked":"Armaments","floor":37},{"not_picked":["Sword Boomerang","Warcry"],"picked":"Thunderclap+1","floor":40}],"player_experience":224418,"relics_obtained":[{"floor":5,"key":"Anchor"},{"floor":6,"key":"Orichalcum"},{"floor":9,"key":"MawBank"},{"floor":12,"key":"Smiling Mask"},{"floor":14,"key":"Odd Mushroom"},{"floor":23,"key":"Self Forming Clay"},{"floor":26,"key":"The Courier"},{"floor":27,"key":"Juzu Bracelet"},{"floor":31,"key":"White Beast Statue"},{"floor":37,"key":"Unceasing Top"},{"floor":40,"key":"CaptainsWheel"}],"event_choices":[{"damage_healed":0,"gold_gain":0,"player_choice":"Entered Light","damage_taken":16,"max_hp_gain":0,"max_hp_loss":0,"event_name":"Shining Light","floor":2,"gold_loss":0,"cards_upgraded":["Strike_R","Defend_R"]},{"cards_removed":["Defend_R"],"damage_healed":0,"gold_gain":0,"player_choice":"Card Removal","damage_taken":7,"max_hp_gain":0,"max_hp_loss":0,"event_name":"Golden Wing","floor":4,"gold_loss":0},{"damage_healed":0,"gold_gain":0,"player_choice":"Box","damage_taken":0,"relics_obtained":["Lantern"],"max_hp_gain":0,"max_hp_loss":0,"event_name":"Big Fish","floor":10,"gold_loss":0,"cards_obtained":["Regret"]},{"damage_healed":0,"gold_gain":0,"player_choice":"Success","damage_taken":3,"relics_obtained":["Letter Opener"],"max_hp_gain":0,"max_hp_loss":0,"event_name":"Scrap Ooze","floor":11,"gold_loss":0},{"damage_healed":0,"gold_gain":0,"player_choice":"Fought Mushrooms","damage_taken":0,"max_hp_gain":0,"max_hp_loss":0,"event_name":"Mushrooms","floor":14,"gold_loss":0},{"damage_healed":0,"gold_gain":0,"player_choice":"Obtained Relic","damage_taken":0,"relics_obtained":["War Paint"],"max_hp_gain":0,"max_hp_loss":0,"event_name":"Addict","floor":19,"gold_loss":85},{"damage_healed":0,"gold_gain":0,"player_choice":"Smashed Altar","damage_taken":0,"max_hp_gain":0,"max_hp_loss":0,"event_name":"Forgotten Altar","floor":20,"gold_loss":0,"cards_obtained":["Decay"]},{"damage_healed":0,"gold_gain":0,"player_choice":"Ignored","damage_taken":0,"max_hp_gain":0,"max_hp_loss":0,"event_name":"Ghosts","floor":21,"gold_loss":0},{"damage_healed":0,"gold_gain":0,"player_choice":"Traded Relic","damage_taken":0,"relics_obtained":["Nloth\u0027s Gift"],"max_hp_gain":0,"max_hp_loss":0,"event_name":"N\u0027loth","floor":22,"relics_lost":["MawBank"],"gold_loss":0},{"damage_healed":0,"gold_gain":0,"player_choice":"Got Potions","damage_taken":0,"max_hp_gain":0,"max_hp_loss":0,"event_name":"Lab","floor":28,"gold_loss":0},{"damage_healed":0,"gold_gain":0,"player_choice":"Ignored","damage_taken":0,"max_hp_gain":0,"max_hp_loss":0,"event_name":"Vampires","floor":30,"gold_loss":0},{"cards_removed":["Flex"],"damage_healed":0,"gold_gain":0,"player_choice":"Removed Skill","damage_taken":0,"max_hp_gain":0,"max_hp_loss":0,"event_name":"Falling","floor":36,"gold_loss":0},{"damage_healed":0,"gold_gain":0,"player_choice":"Fight","damage_taken":0,"max_hp_gain":0,"max_hp_loss":0,"event_name":"MindBloom","floor":37,"gold_loss":0},{"damage_healed":0,"gold_gain":0,"player_choice":"Max HP","damage_taken":0,"max_hp_gain":0,"max_hp_loss":4,"event_name":"Winding Halls","floor":38,"gold_loss":0},{"damage_healed":0,"gold_gain":0,"player_choice":"Fight","damage_taken":0,"max_hp_gain":0,"max_hp_loss":0,"event_name":"Mysterious Sphere","floor":41,"gold_loss":0}],"is_beta":false,"boss_relics":[{"not_picked":["Snecko Eye","Coffee Dripper"],"picked":"Empty Cage"},{"not_picked":["Runic Cube","Velvet Choker"],"picked":"Black Blood"}],"items_purged_floors":[29],"is_endless":false,"potions_floor_spawned":[1,7,12,14,16,18,31,33,35,37,40],"killed_by":"2 Orb Walkers","ascension_level":0}}