{"host":"2pffx5rqbod9ds0c","time":1613352950,"event":{"mods":["BaseMod","Better Altar","Better Match","Better Note","Better Sensory Stone","Better Skull","Better Third Choice","Bossed Relics","Custom Start","Hubris","MarisaÅiñ∂âJÅ@ñÇóùçπÅj","Minty Spire (QoL Compilation)","Quick Restart","Relic Stats","Spicy Shops","StSLib"],"gold_per_floor":[113111,113131,112353,112370,112295,112295,111668,111668,111694,111722,111722,111737,111755,111768,111768,111840,111840,111855,111308,111327,111327,110678,110678,110698,110698,110725,110745,110777,110788,110816,110212,110212,110287,110287,110305,109542,109559,108539,108539,108577,108577,108600,108637,108669,108681,108693,108705,108717,108729,108741],"floor_reached":52,"language":"ENG","playtime":6545,"items_purged":["Strike_MRS","Strike_MRS","Strike_MRS","Clumsy","Clumsy","MasterSpark+1","Defend_MRS","Defend_MRS","MachineGunSpark+1","Defend_MRS","ShootTheMoon+1"],"score":2502,"play_id":"b2f663de-eaf2-4a19-9a18-5d7f4789e292","local_time":"20210214173550","is_ascension_mode":true,"campfire_choices":[{"data":"MachineGunSpark","floor":6,"key":"SMITH"},{"data":"GalacticHalo","floor":8,"key":"SMITH"},{"data":"GalacticHalo","floor":11,"key":"SMITH"},{"data":"EnergyFlow","floor":15,"key":"SMITH"},{"data":"UltimateShortwave","floor":23,"key":"SMITH"},{"data":"1","floor":32,"key":"LIFT"},{"data":"EnergyFlow","floor":40,"key":"SMITH"},{"data":"ChargingUp","floor":47,"key":"SMITH"},{"data":"2","floor":49,"key":"LIFT"}],"circlet_count":0,"master_deck":["AscendersBane","Defend_MRS","UpSweep+1","EnergyFlow+1","NonDirectionalLaser+1","EnergyFlow+1","GalacticHalo+1","GalacticHalo+1","UltimateShortwave+1","UltimateShortwave+1","MachineGunSpark+1","TreasureHunter+1","Crescendo","ChargingUp+1"],"relics":["MiniHakkero","Membership Card","Molten Egg 2","Nunchaku","Bronze Scales","Darkstone Periapt","Frozen Eye","Ice Cream","Anchor","Oddly Smooth Stone","Medical Kit","Orrery","Bottled Tornado","Regal Pillow","Art of War","hubris:Backtick","SimpleLauncher","Sundial","Dream Catcher","hubris:Metronome","Tiny Chest","DollysMirror","Sling","hubris:DisguiseKit","Orichalcum","Singing Bowl","Potion Belt","OrangePellets","Pen Nib","Girya","BreadOfAWashokuLover","Gambling Chip","SproutingBranch","hubris:EmptyBottle","Whetstone","RampagingMagicTools","Incense Burner","Torii","hubris:Teleporter","ClockworkSouvenir","CeramicFish","Pear","Turnip","WingedGreaves","Strawberry","Omamori","hubris:TinFlute","PreservedInsect","ShroomBag","Ancient Tea Set","MawBank","hubris:Towel"],"acts_visited":["Exordium","TheCity","TheBeyond"],"potions_floor_usage":[51,51,51,51],"damage_taken":[{"damage":1,"enemies":"Small Slimes","floor":1,"turns":3},{"damage":7,"enemies":"2 Louse","floor":2,"turns":2},{"damage":7,"enemies":"Jaw Worm","floor":4,"turns":3},{"damage":5,"enemies":"3 Sentries","floor":10,"turns":5},{"damage":1,"enemies":"Looter","floor":12,"turns":2},{"damage":0,"enemies":"3 Louse","floor":13,"turns":3},{"damage":0,"enemies":"Blue Slaver","floor":14,"turns":2},{"damage":0,"enemies":"Slime Boss","floor":16,"turns":3},{"damage":0,"enemies":"2 Thieves","floor":18,"turns":2},{"damage":7,"enemies":"Shell Parasite","floor":20,"turns":5},{"damage":0,"enemies":"Centurion and Healer","floor":24,"turns":2},{"damage":2,"enemies":"Snake Plant","floor":27,"turns":3},{"damage":13,"enemies":"Gremlin Leader","floor":28,"turns":3},{"damage":0,"enemies":"Snecko","floor":29,"turns":2},{"damage":18,"enemies":"Book of Stabbing","floor":30,"turns":3},{"damage":13,"enemies":"hubris:MusketHawk","floor":33,"turns":3},{"damage":22,"enemies":"3 Darklings","floor":35,"turns":3},{"damage":1,"enemies":"3 Shapes","floor":38,"turns":3},{"damage":7,"enemies":"Giant Head","floor":41,"turns":3},{"damage":0,"enemies":"Nemesis","floor":44,"turns":3},{"damage":0,"enemies":"Reptomancer","floor":45,"turns":2},{"damage":21,"enemies":"Time Eater","floor":50,"turns":4},{"damage":0,"enemies":"hubris:GrandSnecko","floor":51,"turns":4}],"seed_played":"-7413742747970384300","potions_obtained":[{"floor":2,"key":"BlessingOfTheForge"},{"floor":4,"key":"AttackPotion"},{"floor":28,"key":"EntropicBrew"},{"floor":29,"key":"SneckoOil"}],"is_trial":false,"path_per_floor":["M","M","$","M","?","R","$","R","T","E","R","M","M","M","R","B",null,"M","$","M","?","$","R","M","?","T","M","E","M","E","$","R","B",null,"M","$","M","$","R","E","T","T","E","E","?","R","?","R","B","B",null],"character_chosen":"MARISA","items_purchased":["Membership Card","Molten Egg 2","Nunchaku","Bronze Scales","Darkstone Periapt","Frozen Eye","NonDirectionalLaser+1","Ice Cream","Anchor","Oddly Smooth Stone","Medical Kit","EnergyFlow","Orrery","Bottled Tornado","Sundial","Dream Catcher","hubris:Metronome","Tiny Chest","DollysMirror","Sling","hubris:DisguiseKit","Orichalcum","Singing Bowl","Potion Belt","OrangePellets","Gambling Chip","SproutingBranch","hubris:EmptyBottle","Whetstone","MachineGunSpark+1","Incense Burner","Torii","hubris:Teleporter","ClockworkSouvenir","CeramicFish","Pear","Turnip","WingedGreaves","TreasureHunter+1"],"campfire_rested":0,"item_purchase_floors":[3,3,3,3,3,3,3,7,7,7,7,7,7,7,19,19,19,19,19,22,22,22,22,22,22,31,31,31,31,36,36,36,36,39,39,39,39,39,39],"current_hp_per_floor":[62,55,55,48,48,48,48,48,48,43,43,42,42,42,42,42,63,63,69,62,62,68,68,70,70,70,70,59,61,45,45,45,44,82,72,72,83,93,93,103,103,103,114,117,117,117,117,117,99,112],"gold":108753,"neow_bonus":"UPGRADE_CARD","is_daily":false,"chose_seed":false,"campfire_upgraded":7,"win_rate":0.0,"timestamp":1613352950,"path_taken":["M","M","$","M","?","R","$","R","T","E","R","M","M","M","R","BOSS","M","$","M","?","$","R","M","?","T","M","E","M","E","?","R","BOSS","M","$","M","$","R","E","?","T","E","E","?","R","?","R","BOSS","BOSS"],"items_purchased_type":["Relic","Relic","Relic","Relic","Relic","Relic","Card","Relic","Relic","Relic","Relic","Card","Relic","Relic","Relic","Relic","Relic","Relic","Relic","Relic","Relic","Relic","Relic","Relic","Relic","Relic","Relic","Relic","Relic","Card","Relic","Relic","Relic","Relic","Relic","Relic","Relic","Relic","Card"],"build_version":"2020-12-22","purchased_purges":11,"victory":true,"max_hp_per_floor":[70,70,70,70,70,70,70,70,70,70,70,70,70,70,70,70,70,70,76,76,76,82,82,84,84,84,86,88,90,92,92,92,94,94,96,96,98,108,108,115,115,115,115,117,117,117,117,117,117,117],"relic_stats":{"Darkstone Periapt":12,"Regal Pillow":0,"Singing Bowl":18,"Torii":4,"counters":[23,68],"CeramicFish":27,"Pen Nib":[2],"PreservedInsect":112,"Whetstone":["UpSweep"],"Orichalcum":[18],"Medical Kit":[5],"MawBank":84,"OrangePellets":[1],"Nunchaku":[5],"Dream Catcher":0,"Sundial":[4],"Bronze Scales":[153],"Gambling Chip":[3],"Tiny Chest":1,"Turnip":[2],"Art of War":[26],"obtain_stats":[{"Ice Cream":7,"CeramicFish":39,"Whetstone":31,"Bottled Tornado":7,"Sling":22,"Sundial":19,"DollysMirror":19,"Strawberry":41,"RampagingMagicTools":34,"hubris:TinFlute":42,"Girya":28,"hubris:Teleporter":36,"Pear":39,"Oddly Smooth Stone":7,"BreadOfAWashokuLover":30,"Pen Nib":26,"OrangePellets":22,"Bronze Scales":3,"Molten Egg 2":3,"MiniHakkero":0,"Darkstone Periapt":3,"Regal Pillow":9,"hubris:Metronome":19,"Singing Bowl":22,"Torii":36,"Incense Burner":36,"SproutingBranch":31,"hubris:EmptyBottle":31,"Ancient Tea Set":45,"ClockworkSouvenir":39,"Frozen Eye":3,"Nunchaku":3,"Dream Catcher":19,"hubris:Backtick":17,"Gambling Chip":31,"Tiny Chest":19,"WingedGreaves":39,"SimpleLauncher":17,"Potion Belt":22,"hubris:DisguiseKit":22,"PreservedInsect":43,"Omamori":41,"Orichalcum":22,"hubris:Towel":46,"Medical Kit":7,"MawBank":45,"ShroomBag":44,"Anchor":7,"Orrery":7,"Turnip":39,"Art of War":10,"Membership Card":3},{"Ice Cream":3,"CeramicFish":18,"Whetstone":15,"Bottled Tornado":3,"Sling":10,"Sundial":9,"DollysMirror":9,"Strawberry":19,"RampagingMagicTools":16,"hubris:TinFlute":19,"Girya":13,"hubris:Teleporter":17,"Pear":18,"Oddly Smooth Stone":3,"BreadOfAWashokuLover":15,"Pen Nib":11,"OrangePellets":10,"Bronze Scales":2,"Molten Egg 2":2,"MiniHakkero":0,"Darkstone Periapt":2,"Regal Pillow":3,"hubris:Metronome":9,"Singing Bowl":10,"Torii":17,"Incense Burner":17,"SproutingBranch":15,"hubris:EmptyBottle":15,"Ancient Tea Set":21,"ClockworkSouvenir":18,"Frozen Eye":2,"Nunchaku":2,"Dream Catcher":9,"hubris:Backtick":8,"Gambling Chip":15,"Tiny Chest":9,"WingedGreaves":18,"SimpleLauncher":8,"Potion Belt":10,"hubris:DisguiseKit":10,"PreservedInsect":19,"Omamori":19,"Orichalcum":10,"hubris:Towel":21,"Medical Kit":3,"MawBank":21,"ShroomBag":20,"Anchor":3,"Orrery":3,"Turnip":18,"Art of War":4,"Membership Card":2},{"Ice Cream":8,"CeramicFish":52,"Whetstone":43,"Bottled Tornado":8,"Sling":30,"Sundial":25,"DollysMirror":25,"Strawberry":55,"RampagingMagicTools":46,"hubris:TinFlute":55,"Girya":38,"hubris:Teleporter":49,"Pear":52,"Oddly Smooth Stone":8,"BreadOfAWashokuLover":43,"Pen Nib":32,"OrangePellets":30,"Bronze Scales":5,"Molten Egg 2":5,"MiniHakkero":0,"Darkstone Periapt":5,"Regal Pillow":8,"hubris:Metronome":25,"Singing Bowl":30,"Torii":49,"Incense Burner":49,"SproutingBranch":43,"hubris:EmptyBottle":43,"Ancient Tea Set":60,"ClockworkSouvenir":52,"Frozen Eye":5,"Nunchaku":5,"Dream Catcher":25,"hubris:Backtick":23,"Gambling Chip":43,"Tiny Chest":25,"WingedGreaves":52,"SimpleLauncher":23,"Potion Belt":30,"hubris:DisguiseKit":30,"PreservedInsect":55,"Omamori":55,"Orichalcum":30,"hubris:Towel":60,"Medical Kit":8,"MawBank":60,"ShroomBag":58,"Anchor":8,"Orrery":8,"Turnip":52,"Art of War":13,"Membership Card":5}]},"card_choices":[{"not_picked":["WitchOfGreed","ChargeUpSpray"],"picked":"MachineGunSpark","floor":1},{"not_picked":["MeteoricShower","RefractionSpark"],"picked":"EnergyFlow","floor":2},{"not_picked":["Acceleration","DragonMeteor+1","MilkyWay"],"picked":"SKIP","floor":4},{"not_picked":["ManaConvection","GravityBeat+1"],"picked":"GalacticHalo","floor":7},{"not_picked":["OortCloud","OpenUniverse"],"picked":"ShootTheMoon+1","floor":7},{"not_picked":["AsteroidBelt","DragonMeteor+1"],"picked":"GalacticHalo","floor":10},{"not_picked":["ManaConvection","LuminesStrike+1","UnstableBomb+1"],"picked":"SKIP","floor":12},{"not_picked":["OrrerysSun","PowerUp","FairyDestructionRay+1"],"picked":"SKIP","floor":13},{"not_picked":["DragonMeteor+1","DoubleSpark+1","ManaConvection"],"picked":"SKIP","floor":14},{"not_picked":["AbsoluteMagnitude+1","BigCrunch"],"picked":"UltimateShortwave","floor":16},{"not_picked":["Singularity+1","PowerUp","IllusionStar"],"picked":"SKIP","floor":18},{"not_picked":["ShootingEcho+1","GravityBeat+1","WitchOfGreed"],"picked":"SKIP","floor":20},{"not_picked":["BlazeAway","DC+1","MagicAbsorber","Weave"],"picked":"Singing Bowl","floor":24},{"not_picked":["NonDirectionalLaser+1","OrrerysSun","EventHorizon","PathToVictory"],"picked":"Singing Bowl","floor":27},{"not_picked":["SporeBomb","IllusionStar","WitchLeyline+1","MentalFortress"],"picked":"Singing Bowl","floor":28},{"not_picked":["LuminesStrike+1","AlicesGift+1","EnergyRecoil","Vengeance"],"picked":"Singing Bowl","floor":29},{"not_picked":["ManaRampage","MagicAbsorber","Acceleration","Halt"],"picked":"Singing Bowl","floor":30},{"not_picked":["SuperNova","BinaryStars","BlazingStar+1","SpiritShield"],"picked":"Singing Bowl","floor":33},{"not_picked":["NonDirectionalLaser+1","Acceleration","WitchLeyline+1","Vengeance"],"picked":"Singing Bowl","floor":35},{"not_picked":["Acceleration+1","SuperNova","GrandCross+1","ReachHeaven"],"picked":"Singing Bowl","floor":38},{"not_picked":["MachineGunSpark+1","MagicChant","ShootTheMoon+1"],"picked":"Crescendo","floor":41},{"not_picked":["LuminesStrike+1","MagicAbsorber+1","Crescendo"],"picked":"ChargingUp","floor":44},{"not_picked":["DragonMeteor+1","SporeBomb","WitchLeyline+1","Alpha"],"picked":"Singing Bowl","floor":45}],"player_experience":864197,"relics_obtained":[{"floor":9,"key":"Regal Pillow"},{"floor":10,"key":"Art of War"},{"floor":26,"key":"Pen Nib"},{"floor":28,"key":"Girya"},{"floor":30,"key":"BreadOfAWashokuLover"},{"floor":41,"key":"Strawberry"},{"floor":41,"key":"Omamori"},{"floor":42,"key":"hubris:TinFlute"},{"floor":43,"key":"PreservedInsect"},{"floor":44,"key":"ShroomBag"},{"floor":45,"key":"Ancient Tea Set"},{"floor":45,"key":"MawBank"}],"event_choices":[{"cards_removed":["Strike_MRS"],"damage_healed":0,"gold_gain":0,"player_choice":"Card Removal","damage_taken":0,"max_hp_gain":0,"max_hp_loss":0,"event_name":"The Cleric","floor":5,"gold_loss":75},{"damage_healed":0,"gold_gain":0,"player_choice":"Ignored","damage_taken":0,"max_hp_gain":0,"max_hp_loss":0,"event_name":"The Mausoleum","floor":25,"gold_loss":0},{"damage_healed":0,"gold_gain":0,"player_choice":"Ignored","damage_taken":0,"max_hp_gain":0,"max_hp_loss":0,"event_name":"Tomb of Lord Red Mask","floor":48,"gold_loss":0}],"is_beta":false,"boss_relics":[{"not_picked":["Velvet Choker","hubris:Stopwatch"],"picked":"hubris:Backtick"},{"not_picked":["SlaversCollar","Black Star"],"picked":"RampagingMagicTools"}],"items_purged_floors":[3,7,7,19,22,31,31,36,36,39,39],"is_endless":false,"potions_floor_spawned":[2,4,10,20,28,29,33,38,41],"ascension_level":20}}