{"host":"fogez99mhgto9ydu","time":1613430174,"event":{"mods":["AchievementEnabler","BaseMod","Colored Map","Colored Powertips","Minty Spire (QoL Compilation)","SuperFastMode"],"gold_per_floor":[115,115,126,201,201,231,246,246,246,261,261,186,201,220,220,323,323,303,314,314,314],"floor_reached":20,"language":"ENG","playtime":729,"items_purged":["Strike_P"],"score":176,"play_id":"b05428a5-2937-4114-a53e-aa6d5a82d753","local_time":"20210216000254","is_ascension_mode":false,"campfire_choices":[{"floor":11,"key":"REST"},{"floor":15,"key":"RECALL"}],"circlet_count":0,"master_deck":["Strike_P+1","Strike_P","Defend_P","Defend_P","Defend_P+1","Defend_P+1","Eruption+1","Vigilance+1","LessonLearned","Prostrate","Eruption+1","Wallop+1","Wallop","FearNoEvil","FollowUp","Halt","Prostrate","Devotion","Meditate","FollowUp"],"relics":["PureWater","Pear","VioletLotus"],"acts_visited":["Exordium","TheCity"],"potions_floor_usage":[18,20,20],"damage_taken":[{"damage":2.0,"enemies":"2 Louse","floor":1.0,"turns":2.0},{"damage":4.0,"enemies":"Cultist","floor":3.0,"turns":3.0},{"damage":36.0,"enemies":"Gremlin Nob","floor":6.0,"turns":4.0},{"damage":0.0,"enemies":"Small Slimes","floor":7.0,"turns":2.0},{"damage":9,"enemies":"2 Fungi Beasts","floor":10,"turns":3},{"damage":0,"enemies":"Looter","floor":13,"turns":2},{"damage":1,"enemies":"Red Slaver","floor":14,"turns":2},{"damage":13,"enemies":"Hexaghost","floor":16,"turns":9},{"damage":15,"enemies":"2 Thieves","floor":18,"turns":4},{"damage":22,"enemies":"Spheric Guardian","floor":19,"turns":4},{"damage":76,"enemies":"Cultist and Chosen","floor":20,"turns":5}],"seed_played":"7107674427008414688","potions_obtained":[{"floor":7.0,"key":"Energy Potion"},{"floor":10,"key":"FearPotion"},{"floor":13,"key":"PowerPotion"}],"is_trial":false,"path_per_floor":["M","?","M","?","?","E","M","?","T","M","R","$","M","M","R","B",null,"M","M","M"],"character_chosen":"WATCHER","items_purchased":[],"campfire_rested":1,"item_purchase_floors":[],"current_hp_per_floor":[70,70,66,55,41,15,15,15,15,6,30,30,30,29,29,16,82,67,45,0,0],"gold":314,"neow_bonus":"ONE_RANDOM_RARE_CARD","is_daily":false,"chose_seed":false,"campfire_upgraded":0,"win_rate":0.0,"timestamp":1613430174,"path_taken":["M","?","?","?","?","E","M","?","T","?","R","$","M","?","R","BOSS","M","M","M"],"items_purchased_type":[],"build_version":"2020-12-22","purchased_purges":1,"victory":false,"max_hp_per_floor":[72,72,72,72,72,82,82,82,82,82,82,82,82,82,82,82,82,82,82,82,82],"card_choices":[{"not_picked":["ThirdEye","Crescendo"],"picked":"Prostrate","floor":1.0},{"not_picked":["EmptyMind","Fasting2"],"picked":"Wallop","floor":3.0},{"not_picked":["EmptyMind","Adaptation","FlurryOfBlows"],"picked":"SKIP","floor":6.0},{"not_picked":["SignatureMove","EmptyBody"],"picked":"Wallop","floor":7.0},{"not_picked":["EmptyFist","Crescendo"],"picked":"FollowUp","floor":10},{"not_picked":["FlurryOfBlows","Conclude"],"picked":"Halt","floor":13},{"not_picked":["EmptyBody","Evaluate"],"picked":"Prostrate","floor":14},{"not_picked":["Alpha","Blasphemy"],"picked":"Devotion","floor":16},{"not_picked":["Evaluate","FlurryOfBlows"],"picked":"Meditate","floor":18},{"not_picked":["BattleHymn+1","Perseverance"],"picked":"FollowUp","floor":19}],"player_experience":431775,"relics_obtained":[{"floor":6.0,"key":"Pear"}],"event_choices":[{"damage_healed":0.0,"max_hp_gain":0.0,"max_hp_loss":0.0,"gold_gain":0.0,"event_name":"Match and Keep!","player_choice":"1 cards matched","floor":2.0,"gold_loss":0.0,"damage_taken":0.0,"cards_obtained":["Eruption"]},{"damage_healed":0.0,"max_hp_gain":0.0,"max_hp_loss":0.0,"gold_gain":75.0,"event_name":"World of Goop","player_choice":"Gather Gold","floor":4.0,"gold_loss":0.0,"damage_taken":11.0},{"damage_healed":0.0,"max_hp_gain":0.0,"max_hp_loss":0.0,"gold_gain":0.0,"event_name":"Shining Light","player_choice":"Entered Light","floor":5.0,"gold_loss":0.0,"damage_taken":14.0,"cards_upgraded":["Vigilance","Wallop"]},{"damage_healed":0,"gold_gain":0,"cards_transformed":["Strike_P"],"player_choice":"Transformed","damage_taken":0,"max_hp_gain":0,"max_hp_loss":0,"event_name":"Transmorgrifier","floor":8,"gold_loss":0,"cards_obtained":["FearNoEvil"]}],"is_beta":false,"boss_relics":[{"not_picked":["Snecko Eye","Velvet Choker"],"picked":"VioletLotus"}],"items_purged_floors":[12],"is_endless":false,"potions_floor_spawned":[7,10,13,16],"killed_by":"Cultist and Chosen","ascension_level":0}}