{"host":"eglukmwb6rueyn6u","time":1613392830,"event":{"mods":["BaseMod","Colored Map","Minty Spire (QoL Compilation)"],"gold_per_floor":[115,190,190,140,140,140,171,171,196,146,96,111,147,171,171,291,291,315,240,240,253,101,101,119,137,164,164,95,134,134,155,155,155,155],"floor_reached":33,"language":"ENG","playtime":2220,"items_purged":[],"score":353,"play_id":"7eb0b041-47fd-44b4-a631-c5252dfe854b","local_time":"20210215144030","is_ascension_mode":true,"campfire_choices":[{"data":"Headbutt","floor":6,"key":"SMITH"},{"data":"Heavy Blade","floor":8,"key":"SMITH"},{"data":"Rage","floor":15,"key":"SMITH"},{"floor":23,"key":"REST"},{"floor":27,"key":"REST"},{"data":"Limit Break","floor":30,"key":"SMITH"},{"data":"Inflame","floor":32,"key":"SMITH"}],"circlet_count":0,"master_deck":["Strike_R","Defend_R+1","Defend_R+1","Defend_R","Defend_R","Bash","Headbutt+1","Heavy Blade+1","Flex","Rage+1","Offering","Shrug It Off","Double Tap","Limit Break+1","Inflame+1"],"relics":["Burning Blood","NeowsBlessing","Golden Idol","Strawberry","Ancient Tea Set","Regal Pillow","Sozu","Sling","War Paint","Prayer Wheel"],"acts_visited":["Exordium","TheCity"],"potions_floor_usage":[16],"damage_taken":[{"damage":0,"enemies":"2 Louse","floor":1,"turns":1},{"damage":0,"enemies":"3 Sentries","floor":7,"turns":2},{"damage":0,"enemies":"Small Slimes","floor":12,"turns":1},{"damage":31,"enemies":"Lagavulin","floor":13,"turns":5},{"damage":1,"enemies":"Cultist","floor":14,"turns":3},{"damage":84,"enemies":"Hexaghost","floor":16,"turns":14},{"damage":17,"enemies":"Spheric Guardian","floor":18,"turns":4},{"damage":73,"enemies":"3 Byrds","floor":21,"turns":9},{"damage":36,"enemies":"Shelled Parasite and Fungi","floor":24,"turns":7},{"damage":19,"enemies":"Snake Plant","floor":25,"turns":3},{"damage":10,"enemies":"Book of Stabbing","floor":29,"turns":3},{"damage":5,"enemies":"Snecko","floor":31,"turns":3},{"damage":74,"enemies":"Automaton","floor":33,"turns":6}],"seed_played":"-3077499316224146849","potions_obtained":[{"floor":13,"key":"Regen Potion"},{"floor":14,"key":"FairyPotion"}],"is_trial":false,"path_per_floor":["M","?","?","$","?","R","E","R","T","?","$","M","E","M","R","B",null,"M","?","?","M","$","R","M","M","T","R","$","E","R","M","R","B"],"character_chosen":"IRONCLAD","items_purchased":["Headbutt","Flex","Sling","Limit Break"],"campfire_rested":2,"item_purchase_floors":[4,11,22,28],"current_hp_per_floor":[80,69,62,62,42,42,55,55,55,55,55,61,36,41,41,7,87,76,76,76,9,9,50,20,7,7,48,48,44,44,45,45,0,0],"gold":155,"neow_bonus":"THREE_ENEMY_KILL","is_daily":false,"chose_seed":false,"campfire_upgraded":5,"win_rate":0.0,"timestamp":1613392830,"path_taken":["M","?","?","$","?","R","E","R","T","?","$","M","E","M","R","BOSS","M","?","?","?","?","R","M","M","T","R","$","E","R","?","R","BOSS"],"items_purchased_type":["Card","Card","Relic","Card"],"build_version":"2020-12-22","purchased_purges":0,"victory":false,"max_hp_per_floor":[80,80,80,80,80,80,87,87,87,87,87,87,87,87,87,87,87,87,87,87,87,87,87,87,87,87,87,87,87,87,87,87,87,87],"card_choices":[{"not_picked":["Cleave","Feel No Pain","Iron Wave"],"picked":"SKIP","floor":1},{"not_picked":["Clothesline","Warcry"],"picked":"Heavy Blade","floor":7},{"not_picked":["Pommel Strike","Twin Strike","Clash"],"picked":"SKIP","floor":12},{"not_picked":["Burning Pact","Pummel"],"picked":"Rage","floor":13},{"not_picked":["True Grit","Ghostly Armor","Power Through"],"picked":"SKIP","floor":14},{"not_picked":["Corruption","Bludgeon"],"picked":"Offering","floor":16},{"not_picked":["Iron Wave","Carnage+1","Clash"],"picked":"SKIP","floor":18},{"not_picked":["Twin Strike+1","Headbutt"],"picked":"Shrug It Off","floor":21},{"not_picked":["Cleave","Warcry","Searing Blow"],"picked":"SKIP","floor":24},{"not_picked":["Shrug It Off+1","Clash"],"picked":"Double Tap","floor":25},{"not_picked":["Perfected Strike+1","Headbutt"],"picked":"Inflame","floor":29},{"not_picked":["Shockwave","Twin Strike+1","Rupture+1"],"picked":"SKIP","floor":31},{"not_picked":["Warcry","Clash+1","True Grit"],"picked":"SKIP","floor":31}],"player_experience":47014,"relics_obtained":[{"floor":7,"key":"Strawberry"},{"floor":9,"key":"Ancient Tea Set"},{"floor":13,"key":"Regal Pillow"},{"floor":26,"key":"War Paint"},{"floor":29,"key":"Prayer Wheel"}],"event_choices":[{"damage_healed":0,"gold_gain":75,"player_choice":"Gather Gold","damage_taken":11,"max_hp_gain":0,"max_hp_loss":0,"event_name":"World of Goop","floor":2,"gold_loss":0},{"cards_removed":["Strike_R"],"damage_healed":0,"gold_gain":0,"player_choice":"Card Removal","damage_taken":7,"max_hp_gain":0,"max_hp_loss":0,"event_name":"Golden Wing","floor":3,"gold_loss":0},{"damage_healed":0,"gold_gain":0,"player_choice":"Take Damage","damage_taken":20,"relics_obtained":["Golden Idol"],"max_hp_gain":0,"max_hp_loss":0,"event_name":"Golden Idol","floor":5,"gold_loss":0},{"cards_removed":["Strike_R"],"damage_healed":0,"gold_gain":0,"player_choice":"Card Removal","damage_taken":0,"max_hp_gain":0,"max_hp_loss":0,"event_name":"The Cleric","floor":10,"gold_loss":50},{"cards_removed":["Strike_R"],"damage_healed":0,"gold_gain":0,"player_choice":"Gave Gold","damage_taken":0,"max_hp_gain":0,"max_hp_loss":0,"event_name":"Beggar","floor":19,"gold_loss":75},{"cards_removed":["Strike_R"],"damage_healed":0,"gold_gain":0,"player_choice":"Purged","damage_taken":0,"max_hp_gain":0,"max_hp_loss":0,"event_name":"Purifier","floor":20,"gold_loss":0}],"is_beta":false,"boss_relics":[{"not_picked":["Fusion Hammer","Coffee Dripper"],"picked":"Sozu"}],"items_purged_floors":[],"is_endless":false,"potions_floor_spawned":[13,14,24,25],"killed_by":"Automaton","ascension_level":2}}