{"host":"csn9i02amg5zm780","time":1613391728,"event":{"mods":["2.2 Compatiblity","AchievementEnabler","Aspiration","BaseMod","Better Third Choice","Bossed Relics","Colored Map","Colored Powertips","Curses Come First","Dark Map","Defuse TimeMaze Blight","Evolution","Halation","Highlight Path","Minty Spire (QoL Compilation)","Permanent Neow","Poor People Problems","Quick Restart","Rare Cards Sparkle","Relic Stats","Reliquary","Spire Arcade","StSLib","The Bladedancer","Transform Curses","Waifu the Spire","Weighted Paths"],"gold_per_floor":[111,126,126,126,0,34,34,59,82,82,92,119,148,158,158,256,256,270,15,15,42,42,42,54,89,89,118,118,147,182,209,209,305,305,323,323,404,203,46,79,109,135,135,166,194,194,224,2,2,97,97,114,114],"floor_reached":52,"language":"ENG","playtime":5583,"items_purged":[],"score":1261,"play_id":"912dbe0a-b8aa-4108-bde6-4570a0630da2","local_time":"20210215132208","daily_mods":["Vintage","ControlledChaos","Heirloom","Flight","DeadlyEvents","Elite Swarm"],"is_ascension_mode":false,"campfire_choices":[{"data":"blademaster:HighVoltage","floor":7.0,"key":"SMITH"},{"floor":10.0,"key":"REST"},{"data":"blademaster:Empower","floor":15.0,"key":"SMITH"},{"floor":23.0,"key":"REST"},{"data":"blademaster:Empower","floor":32.0,"key":"SMITH"},{"data":"blademaster:Empower","floor":46.0,"key":"SMITH"},{"data":"blademaster:Flurry","floor":49.0,"key":"SMITH"}],"circlet_count":1,"master_deck":["blademaster:Strike+1","blademaster:Strike","blademaster:Strike","blademaster:Strike","blademaster:Defend","blademaster:Defend","blademaster:Defend","blademaster:Defend","blademaster:RagingBlow+1","blademaster:HighVoltage+1","Burn","Injury","blademaster:EnchantedCuirass+1","blademaster:FlockOfBlades+1","blademaster:Empower+1","blademaster:FlockOfBlades+1","blademaster:AspectOfWind","blademaster:AwakeningStrike","blademaster:ColdBlood+1","blademaster:ThreePointStrike+1","blademaster:StanceMastery+1","blademaster:Flash+1","blademaster:RagingBlow+1","blademaster:Empower+1","blademaster:LightningDraw+1","blademaster:Flurry+1","blademaster:EnchantedCuirass+1","blademaster:BladeDance+1","blademaster:HighVoltage","blademaster:StanceMastery+1","blademaster:Empower+1","blademaster:RagingBlow+1","blademaster:DancingEdge+1","blademaster:BladeDance+1"],"relics":["blademaster:DancersAmulet","Frozen Eye","Mango","Bronze Scales","Tiny Chest","Frozen Egg 2","halation:AfternoonTea","Whetstone","halation:KoshaPiece","Bottled Flame","Anchor","Pantograph","InkBottle","Kunai","PreservedInsect","halation:PinkAlligatorPlush","aspiration:ChemicalBlood","Mercury Hourglass","Molten Egg 2","aspiration:FetidBarrel","White Beast Statue","Bird Faced Urn","Shovel","Torii","Smiling Mask","Circlet","aspiration:RitualDagger","Unceasing Top","Pear","Medical Kit","Pen Nib","halation:SwordOfLegend","halation:SelfBoilingWater","Regal Pillow","Calipers","Centennial Puzzle","Oddly Smooth Stone","halation:Prosthetics","Dream Catcher"],"acts_visited":[],"potions_floor_usage":[],"damage_taken":[{"damage":0.0,"enemies":"2 Louse","floor":1.0,"turns":2.0},{"damage":0.0,"enemies":"Jaw Worm","floor":2.0,"turns":3.0},{"damage":25.0,"enemies":"Lagavulin","floor":6.0,"turns":8.0},{"damage":38.0,"enemies":"Gremlin Nob","floor":8.0,"turns":5.0},{"damage":6.0,"enemies":"Small Slimes","floor":11.0,"turns":5.0},{"damage":11.0,"enemies":"3 Sentries","floor":13.0,"turns":8.0},{"damage":7.0,"enemies":"Blue Slaver","floor":14.0,"turns":4.0},{"damage":24.0,"enemies":"Hexaghost","floor":16.0,"turns":9.0},{"damage":0.0,"enemies":"Elementarium:2_ELEMENTALS","floor":18.0,"turns":3.0},{"damage":33.0,"enemies":"Elementarium:FIRE_NOBILITY","floor":21.0,"turns":6.0},{"damage":8.0,"enemies":"Elementarium:VoidCorruption","floor":24.0,"turns":4.0},{"damage":15.0,"enemies":"Elementarium:ElementalPortal","floor":25.0,"turns":5.0},{"damage":10.0,"enemies":"Elementarium:FIRE_NOBILITY","floor":27.0,"turns":5.0},{"damage":23.0,"enemies":"Elementarium:WarGolem","floor":29.0,"turns":5.0},{"damage":7.0,"enemies":"Elementarium:ElementalPortal","floor":30.0,"turns":3.0},{"damage":2.0,"enemies":"Elementarium:FIRE_NOBILITY","floor":31.0,"turns":1.0},{"damage":6.0,"enemies":"Elementarium:GolemEmperor","floor":33.0,"turns":3.0},{"damage":5.0,"enemies":"Orb Walker","floor":35.0,"turns":1.0},{"damage":15.0,"enemies":"Giant Head","floor":40.0,"turns":3.0},{"damage":5.0,"enemies":"Reptomancer","floor":41.0,"turns":1.0},{"damage":5.0,"enemies":"Nemesis","floor":42.0,"turns":1.0},{"damage":8.0,"enemies":"Reptomancer","floor":44.0,"turns":2.0},{"damage":30.0,"enemies":"Giant Head","floor":45.0,"turns":5.0},{"damage":11.0,"enemies":"Reptomancer","floor":47.0,"turns":3.0},{"damage":48.0,"enemies":"Time Eater","floor":50.0,"turns":5.0},{"damage":5.0,"enemies":"Small Slimes","floor":52.0,"turns":1.0}],"seed_played":"4583296447474339910","potions_obtained":[{"floor":6.0,"key":"AttackPotion"},{"floor":8.0,"key":"Block Potion"},{"floor":11.0,"key":"Strength Potion"},{"floor":21.0,"key":"Regen Potion"},{"floor":31.0,"key":"Swift Potion"},{"floor":40.0,"key":"Energy Potion"},{"floor":50.0,"key":"SneckoOil"}],"is_trial":true,"path_per_floor":["M","M","?","?","?","E","R","E","T","R","M","T","E","M","R","B",null,"M","$","?","E","T","R","M","E","T","E","$","E","E","E","R","B",null,"M","?","T","$","$","E","E","E","T","E","E","R","E","$","R","B",null,"M"],"character_chosen":"THE_BLADEMASTER","items_purchased":["PreservedInsect","blademaster:AspectOfWind","blademaster:AwakeningStrike","Medical Kit","blademaster:Flurry","Pen Nib","Oddly Smooth Stone","blademaster:DancingEdge+1"],"campfire_rested":2,"item_purchase_floors":[19,19,19,38,38,39,48,48],"current_hp_per_floor":[89,89,89,89,95,70,70,38,38,66,74,74,69,62,62,69,95,95,95,84,74,74,95,95,86,86,95,95,95,95,95,95,95,95,95,95,105,105,105,103,105,105,105,105,89,95,105,105,105,82,70,70,70],"gold":114,"neow_bonus":"","is_daily":false,"chose_seed":false,"campfire_upgraded":5,"win_rate":0.0,"timestamp":1613391728,"path_taken":["M","M","?","?","?","E","R","E","T","R","M","?","?","M","R","BOSS","M","$","?","?","?","R","?","E","T","E","$","E","?","E","R","BOSS","M","?","?","$","$","E","E","E","T","E","E","R","E","$","R","BOSS","M"],"items_purchased_type":["Relic","Card","Card","Relic","Card","Relic","Relic","Card"],"build_version":"2020-12-22","purchased_purges":0,"victory":false,"max_hp_per_floor":[89,89,89,89,95,95,95,95,95,95,95,95,95,95,95,95,95,95,95,95,95,95,95,95,95,95,95,95,95,95,95,95,95,95,95,95,105,105,105,105,105,105,105,105,105,105,105,105,105,105,70,70,70],"relic_stats":{"Regal Pillow":0,"Torii":4,"counters":[26,101],"PreservedInsect":711,"Pen Nib":[7],"Whetstone":["blademaster:RagingBlow","blademaster:Strike"],"Smiling Mask":0,"Medical Kit":[10],"Mercury Hourglass":[212],"Centennial Puzzle":[6],"Dream Catcher":0,"Shovel":0,"Bronze Scales":[274],"Pantograph":25,"Bird Faced Urn":[61],"Tiny Chest":3,"Kunai":[40],"obtain_stats":[{"blademaster:RandomStancePerk":27,"Calipers":45,"blademaster:BonusFuryPerk":30,"Whetstone":8,"halation:Prosthetics":51,"Centennial Puzzle":47,"blademaster:LightningChargePerk":1,"halation:KoshaPiece":9,"blademaster:FinisherDrawCardPerk":21,"blademaster:DextrousPerk":2,"Kunai":18,"blademaster:ComboEveryTurnPerk":25,"Pear":37,"blademaster:StrongPerk":18,"blademaster:BonusComboPerk":31,"Oddly Smooth Stone":48,"Pen Nib":39,"Bottled Flame":11,"Elementarium:ElementariumTrophy":33,"Bronze Scales":1,"Bird Faced Urn":27,"Molten Egg 2":24,"blademaster:WindChargePerk":11,"Unceasing Top":35,"Regal Pillow":44,"Torii":30,"Mango":0,"Smiling Mask":31,"Frozen Eye":0,"Dream Catcher":52,"Shovel":29,"Pantograph":13,"Tiny Chest":2,"halation:PinkAlligatorPlush":20,"blademaster:BleedingLaceratePerk":13,"InkBottle":14,"aspiration:ChemicalBlood":21,"aspiration:FetidBarrel":25,"aspiration:RunicSpoon":17,"Circlet":0,"PreservedInsect":19,"blademaster:RandomBladePerk":8,"blademaster:OnAttackedChargePerk":24,"Frozen Egg 2":4,"Medical Kit":38,"halation:SelfBoilingWater":43,"White Beast Statue":26,"Mercury Hourglass":22,"Anchor":12,"halation:SwordOfLegend":42,"blademaster:FuryEveryTurnPerk":29,"blademaster:BleedingMoreDamagePerk":14,"blademaster:StanceHealPerk":6,"blademaster:DancersAmulet":0,"halation:AfternoonTea":6,"aspiration:RitualDagger":34},{"blademaster:RandomStancePerk":13,"Calipers":23,"blademaster:BonusFuryPerk":15,"Whetstone":4,"halation:Prosthetics":25,"Centennial Puzzle":24,"blademaster:LightningChargePerk":1,"halation:KoshaPiece":4,"blademaster:FinisherDrawCardPerk":10,"blademaster:DextrousPerk":2,"Kunai":9,"blademaster:ComboEveryTurnPerk":12,"Pear":18,"blademaster:StrongPerk":9,"blademaster:BonusComboPerk":16,"Oddly Smooth Stone":24,"Pen Nib":18,"Bottled Flame":5,"Elementarium:ElementariumTrophy":17,"Bronze Scales":1,"Bird Faced Urn":13,"Molten Egg 2":11,"blademaster:WindChargePerk":5,"Unceasing Top":18,"Regal Pillow":22,"Torii":15,"Mango":0,"Smiling Mask":16,"Frozen Eye":0,"Dream Catcher":26,"Shovel":14,"Pantograph":6,"Tiny Chest":2,"halation:PinkAlligatorPlush":9,"blademaster:BleedingLaceratePerk":6,"InkBottle":7,"aspiration:ChemicalBlood":10,"aspiration:FetidBarrel":12,"aspiration:RunicSpoon":8,"Circlet":0,"PreservedInsect":9,"blademaster:RandomBladePerk":4,"blademaster:OnAttackedChargePerk":11,"Frozen Egg 2":2,"Medical Kit":18,"halation:SelfBoilingWater":21,"White Beast Statue":12,"Mercury Hourglass":10,"Anchor":5,"halation:SwordOfLegend":21,"blademaster:FuryEveryTurnPerk":14,"blademaster:BleedingMoreDamagePerk":7,"blademaster:StanceHealPerk":3,"blademaster:DancersAmulet":0,"halation:AfternoonTea":3,"aspiration:RitualDagger":17},{"blademaster:RandomStancePerk":67,"Calipers":92,"blademaster:BonusFuryPerk":75,"Whetstone":18,"halation:Prosthetics":100,"Centennial Puzzle":95,"blademaster:LightningChargePerk":2,"halation:KoshaPiece":18,"blademaster:FinisherDrawCardPerk":53,"blademaster:DextrousPerk":5,"Kunai":47,"blademaster:ComboEveryTurnPerk":62,"Pear":80,"blademaster:StrongPerk":47,"blademaster:BonusComboPerk":76,"Oddly Smooth Stone":95,"Pen Nib":80,"Bottled Flame":23,"Elementarium:ElementariumTrophy":79,"Bronze Scales":2,"Bird Faced Urn":67,"Molten Egg 2":57,"blademaster:WindChargePerk":23,"Unceasing Top":80,"Regal Pillow":87,"Torii":75,"Mango":0,"Smiling Mask":76,"Frozen Eye":0,"Dream Catcher":101,"Shovel":72,"Pantograph":31,"Tiny Chest":5,"halation:PinkAlligatorPlush":47,"blademaster:BleedingLaceratePerk":31,"InkBottle":35,"aspiration:ChemicalBlood":53,"aspiration:FetidBarrel":62,"aspiration:RunicSpoon":44,"Circlet":0,"PreservedInsect":47,"blademaster:RandomBladePerk":18,"blademaster:OnAttackedChargePerk":57,"Frozen Egg 2":5,"Medical Kit":80,"halation:SelfBoilingWater":85,"White Beast Statue":62,"Mercury Hourglass":53,"Anchor":23,"halation:SwordOfLegend":85,"blademaster:FuryEveryTurnPerk":72,"blademaster:BleedingMoreDamagePerk":35,"blademaster:StanceHealPerk":13,"blademaster:DancersAmulet":0,"halation:AfternoonTea":13,"aspiration:RitualDagger":79}],"InkBottle":[40],"Unceasing Top":[0]},"card_choices":[{"not_picked":["blademaster:Blindside","blademaster:LightningDraw"],"picked":"blademaster:EnchantedCuirass+1","floor":6.0},{"not_picked":["blademaster:LightningDraw","blademaster:RollingTyphoon"],"picked":"blademaster:FlockOfBlades+1","floor":8.0},{"not_picked":["blademaster:CloudOfSteel","blademaster:FuryOfTheElements"],"picked":"blademaster:Empower","floor":13.0},{"not_picked":["blademaster:FuryOfTheElements","blademaster:RollingTyphoon"],"picked":"blademaster:FlockOfBlades+1","floor":16.0},{"not_picked":["blademaster:UnrelentingWind","blademaster:CloudOfSteel"],"picked":"blademaster:ColdBlood+1","floor":21.0},{"not_picked":["blademaster:Blindside+1","blademaster:EnchantedCuirass+1"],"picked":"blademaster:ThreePointStrike+1","floor":25.0},{"not_picked":["blademaster:FuryOfTheElements+1","blademaster:ThreePointStrike+1"],"picked":"blademaster:StanceMastery+1","floor":27.0},{"not_picked":["blademaster:LightningDraw+1","blademaster:CloudOfSteel"],"picked":"blademaster:Flash+1","floor":29.0},{"not_picked":["blademaster:Flash+1","blademaster:HighVoltage"],"picked":"blademaster:RagingBlow+1","floor":30.0},{"not_picked":["blademaster:CloudOfSteel","blademaster:Flash+1"],"picked":"blademaster:Empower","floor":31.0},{"not_picked":["blademaster:FlockOfBlades+1","blademaster:Flash+1"],"picked":"blademaster:LightningDraw+1","floor":33.0},{"not_picked":["blademaster:Flash+1","blademaster:ThreePointStrike+1"],"picked":"blademaster:EnchantedCuirass+1","floor":40.0},{"not_picked":["blademaster:Blindside+1","blademaster:CloudOfSteel"],"picked":"blademaster:BladeDance+1","floor":41.0},{"not_picked":["blademaster:FlockOfBlades+1","blademaster:LightningDraw+1"],"picked":"blademaster:HighVoltage","floor":42.0},{"not_picked":["blademaster:HighVoltage","blademaster:BladeDance+1"],"picked":"blademaster:StanceMastery+1","floor":44.0},{"not_picked":["blademaster:Blindside+1","blademaster:StanceMastery+1"],"picked":"blademaster:Empower","floor":45.0},{"not_picked":["blademaster:Blindside+1","blademaster:ColdBlood+1"],"picked":"blademaster:RagingBlow+1","floor":47.0},{"not_picked":["blademaster:ThreePointStrike+1","blademaster:CloudOfSteel"],"picked":"blademaster:BladeDance+1","floor":50.0}],"player_experience":91506,"relics_obtained":[{"floor":1.0,"key":"Bronze Scales"},{"floor":1.0,"key":"blademaster:LightningChargePerk"},{"floor":2.0,"key":"Tiny Chest"},{"floor":2.0,"key":"blademaster:DextrousPerk"},{"floor":6.0,"key":"halation:AfternoonTea"},{"floor":6.0,"key":"blademaster:StanceHealPerk"},{"floor":8.0,"key":"Whetstone"},{"floor":8.0,"key":"blademaster:RandomBladePerk"},{"floor":9.0,"key":"halation:KoshaPiece"},{"floor":11.0,"key":"Bottled Flame"},{"floor":11.0,"key":"blademaster:WindChargePerk"},{"floor":12.0,"key":"Anchor"},{"floor":13.0,"key":"Pantograph"},{"floor":13.0,"key":"blademaster:BleedingLaceratePerk"},{"floor":14.0,"key":"InkBottle"},{"floor":14.0,"key":"blademaster:BleedingMoreDamagePerk"},{"floor":18.0,"key":"Kunai"},{"floor":18.0,"key":"blademaster:StrongPerk"},{"floor":21.0,"key":"aspiration:ChemicalBlood"},{"floor":21.0,"key":"blademaster:FinisherDrawCardPerk"},{"floor":22.0,"key":"Mercury Hourglass"},{"floor":24.0,"key":"Molten Egg 2"},{"floor":24.0,"key":"blademaster:OnAttackedChargePerk"},{"floor":25.0,"key":"aspiration:FetidBarrel"},{"floor":25.0,"key":"blademaster:ComboEveryTurnPerk"},{"floor":26.0,"key":"White Beast Statue"},{"floor":27.0,"key":"Bird Faced Urn"},{"floor":27.0,"key":"blademaster:RandomStancePerk"},{"floor":29.0,"key":"Shovel"},{"floor":29.0,"key":"blademaster:FuryEveryTurnPerk"},{"floor":30.0,"key":"Torii"},{"floor":30.0,"key":"blademaster:BonusFuryPerk"},{"floor":31.0,"key":"Smiling Mask"},{"floor":31.0,"key":"blademaster:BonusComboPerk"},{"floor":35.0,"key":"Unceasing Top"},{"floor":37.0,"key":"Pear"},{"floor":42.0,"key":"halation:SwordOfLegend"},{"floor":43.0,"key":"halation:SelfBoilingWater"},{"floor":44.0,"key":"Regal Pillow"},{"floor":45.0,"key":"Calipers"},{"floor":47.0,"key":"Centennial Puzzle"},{"floor":52,"key":"Dream Catcher"}],"event_choices":[{"damage_healed":89.0,"max_hp_gain":0.0,"max_hp_loss":89.0,"gold_gain":0.0,"event_name":"betterThird:BetterShining","player_choice":"Embrace Burn","floor":3.0,"gold_loss":0.0,"damage_taken":0.0},{"damage_healed":0.0,"max_hp_gain":0.0,"max_hp_loss":0.0,"gold_gain":0.0,"event_name":"betterThird:BetterSerpent","player_choice":"RENOUNCE","floor":5.0,"gold_loss":126.0,"damage_taken":126.0,"cards_obtained":["Enlightenment"]},{"damage_healed":0.0,"max_hp_gain":0.0,"max_hp_loss":0.0,"gold_gain":0.0,"event_name":"Elementarium:GreatTreasure","player_choice":"Offer","floor":20.0,"relics_lost":["aspiration:RunicSpoon"],"gold_loss":0.0,"damage_taken":0.0,"relics_obtained":["halation:PinkAlligatorPlush"]},{"cards_removed":["Enlightenment"],"damage_healed":0.0,"max_hp_gain":0.0,"max_hp_loss":0.0,"gold_gain":0.0,"event_name":"Falling","player_choice":"Removed Skill","floor":36.0,"gold_loss":0.0,"damage_taken":0.0}],"is_beta":false,"boss_relics":[{"not_picked":["halation:CatFaceCupcake","Runic Pyramid"],"picked":"aspiration:RunicSpoon"},{"not_picked":["Calling Bell","Runic Dome"],"picked":"aspiration:RitualDagger"},{"not_picked":["aspiration:SecretTechniqueScroll","halation:LoveArrow"],"picked":"halation:Prosthetics"}],"items_purged_floors":[],"is_endless":true,"potions_floor_spawned":[6,8,11,21,24,27,29,30,31,33,35,40,41,42,44,45,47,50,52],"killed_by":"Small Slimes","ascension_level":0}}