{"host":"ty2cix8xj6r3ad26","time":1613413834,"event":{"mods":["AchievementEnabler","BaseMod","BetterRewards","Minty Spire (QoL Compilation)","Quick Restart","StSLib","SuperFastMode"],"gold_per_floor":[115,115,115,165,177,177,206,223,249,249,266,285,18,32,32,32,32],"floor_reached":16,"language":"ENG","playtime":907,"items_purged":["Strike_G","Strike_G"],"score":184,"play_id":"e942060c-21ab-4c0a-93b5-609ac9628324","local_time":"20210215203034","is_ascension_mode":true,"campfire_choices":[{"data":"After Image","floor":6,"key":"SMITH"},{"data":"Blade Dance","floor":10,"key":"SMITH"},{"data":"Neutralize","floor":15,"key":"SMITH"}],"circlet_count":0,"master_deck":["AscendersBane","Strike_G","Strike_G","Strike_G","Defend_G","Defend_G","Defend_G","Defend_G","Defend_G","Survivor","Neutralize+1","After Image+1","Blade Dance+1","Impatience","Dagger Throw","Footwork","Dodge and Roll","Calculated Gamble+1"],"relics":["Ring of the Snake","Anchor","Bag of Marbles","Lantern","Question Card","Bag of Preparation","Toxic Egg 2"],"acts_visited":["Exordium"],"potions_floor_usage":[16,16],"damage_taken":[{"damage":0,"enemies":"Cultist","floor":1,"turns":4},{"damage":0,"enemies":"Small Slimes","floor":5,"turns":2},{"damage":15,"enemies":"3 Sentries","floor":7,"turns":10},{"damage":0,"enemies":"2 Louse","floor":8,"turns":2},{"damage":0,"enemies":"Red Slaver","floor":11,"turns":2},{"damage":5,"enemies":"Lots of Slimes","floor":12,"turns":4},{"damage":0,"enemies":"Exordium Wildlife","floor":14,"turns":1},{"damage":36,"enemies":"Hexaghost","floor":16,"turns":16}],"seed_played":"3849575861980267525","potions_obtained":[{"floor":7,"key":"Poison Potion"},{"floor":8,"key":"Regen Potion"},{"floor":12,"key":"Weak Potion"}],"is_trial":false,"path_per_floor":["M","?","?","?","M","R","E","M","T","R","M","M","$","M","R","B"],"character_chosen":"THE_SILENT","items_purchased":["After Image","Blade Dance","Anchor","Bag of Marbles","Impatience","Dagger Throw","Toxic Egg 2"],"campfire_rested":0,"item_purchase_floors":[0,0,0,0,0,0,13],"current_hp_per_floor":[28,17,39,39,39,39,24,24,24,24,24,19,19,19,19,0,0],"gold":32,"neow_bonus":"","is_daily":false,"chose_seed":false,"campfire_upgraded":3,"win_rate":0.0,"timestamp":1613413834,"path_taken":["M","?","?","?","M","R","E","M","T","R","M","M","$","?","R","BOSS"],"items_purchased_type":["Card","Card","Relic","Relic","Card","Card","Relic"],"build_version":"2020-12-22","purchased_purges":2,"victory":false,"max_hp_per_floor":[66,66,66,66,66,66,66,66,66,66,66,66,66,66,66,66,66],"card_choices":[{"not_picked":["Outmaneuver","Flying Knee","Dash"],"picked":"SKIP","floor":1},{"not_picked":["Deadly Poison","PiercingWail","Acrobatics"],"picked":"SKIP","floor":5},{"not_picked":["Sucker Punch","Blade Dance","Slice"],"picked":"SKIP","floor":7},{"not_picked":["Expertise","Cloak And Dagger","Flying Knee"],"picked":"Footwork","floor":8},{"not_picked":["PiercingWail","Poisoned Stab","All Out Attack"],"picked":"Dodge and Roll","floor":11},{"not_picked":["PiercingWail","Poisoned Stab","Bane","Deflect"],"picked":"SKIP","floor":12},{"not_picked":["Flying Knee","Endless Agony","Dagger Throw"],"picked":"Calculated Gamble+1","floor":14}],"player_experience":579678,"relics_obtained":[{"floor":7,"key":"Question Card"},{"floor":9,"key":"Bag of Preparation"}],"event_choices":[{"damage_healed":0,"gold_gain":0,"player_choice":"Success","damage_taken":11,"relics_obtained":["Lantern"],"max_hp_gain":0,"max_hp_loss":0,"event_name":"Scrap Ooze","floor":2,"gold_loss":0},{"damage_healed":22,"gold_gain":0,"player_choice":"Banana","damage_taken":0,"max_hp_gain":0,"max_hp_loss":0,"event_name":"Big Fish","floor":3,"gold_loss":0},{"damage_healed":0,"gold_gain":50,"player_choice":"Pray","damage_taken":0,"max_hp_gain":0,"max_hp_loss":0,"event_name":"Golden Shrine","floor":4,"gold_loss":0}],"is_beta":false,"boss_relics":[],"items_purged_floors":[0,0],"is_endless":false,"potions_floor_spawned":[7,8,12],"killed_by":"Hexaghost","ascension_level":16}}