{"host":"yqw1zpryoutrnocq","time":1613349415,"event":{"mods":["2.2 Compatiblity","AchievementEnabler","BaseMod","Colored Map","Custom Start","DeckTracker","Minty Spire (QoL Compilation)","StSLib","SuperFastMode"],"gold_per_floor":[118,118,118,293,45,78,3,36,116,128,183,183,183,208,208,312,312,329,342,342,342,112,144,144,144,144,172,182,215,234,234,234,329,329,345,345,345,345,26,60,60,70,70,87,119,132,164,179,179,179,179,179,58,92,92,92],"floor_reached":55,"language":"KOR","playtime":1700,"items_purged":["Doubt"],"score":1428,"play_id":"fab17f7e-f8a5-4ec8-ada2-4fbae39086c6","local_time":"20210214183655","is_ascension_mode":true,"campfire_choices":[{"data":"Havoc","floor":13,"key":"SMITH"},{"data":"Clothesline","floor":15,"key":"SMITH"},{"data":"Barricade","floor":24,"key":"SMITH"},{"data":"Fire Breathing","floor":32,"key":"SMITH"},{"data":"Body Slam","floor":41,"key":"SMITH"},{"floor":49,"key":"RECALL"},{"data":"Bash","floor":52,"key":"SMITH"}],"circlet_count":0,"master_deck":["AscendersBane","Bash+1","Wild Strike","Clothesline+1","Thunderclap","Havoc+1","Reaper","Shrug It Off","Barricade+1","Anger+1","True Grit+1","Corruption+1","Fire Breathing+1","Decay","Shame","True Grit+1","Exhume","Flame Barrier","Shrug It Off+1","Shrug It Off+1","Limit Break","Body Slam+1","Intimidate","Brutality","Spot Weakness","Bludgeon","Dramatic Entrance","Purity","Power Through+1","Feel No Pain+1","Heavy Blade+1","True Grit+1","Shrug It Off"],"relics":["Burning Blood","Du-Vu Doll","TungstenRod","Brimstone","Juzu Bracelet","Bag of Preparation","The Courier","PreservedInsect","HornCleat","Astrolabe","Question Card","Lantern","DollysMirror","Pocketwatch","Meat on the Bone","Darkstone Periapt","Blood Vial","Torii","Pandora\u0027s Box","Toolbox","Eternal Feather","Kunai","Prayer Wheel","MealTicket","Bronze Scales","Bag of Marbles"],"acts_visited":["Exordium","TheCity","TheBeyond","TheEnding"],"potions_floor_usage":[14,16,19,23,27,55,55],"damage_taken":[{"damage":16,"enemies":"Cultist","floor":1,"turns":4},{"damage":17,"enemies":"Gremlin Nob","floor":6,"turns":4},{"damage":37,"enemies":"Lagavulin","floor":8,"turns":4},{"damage":3,"enemies":"2 Louse","floor":10,"turns":2},{"damage":17,"enemies":"Lagavulin Event","floor":11,"turns":3},{"damage":13,"enemies":"3 Sentries","floor":14,"turns":4},{"damage":0,"enemies":"Slime Boss","floor":16,"turns":6},{"damage":10,"enemies":"Shell Parasite","floor":18,"turns":4},{"damage":15,"enemies":"3 Byrds","floor":19,"turns":4},{"damage":34,"enemies":"Slavers","floor":23,"turns":4},{"damage":54,"enemies":"Book of Stabbing","floor":27,"turns":6},{"damage":0,"enemies":"Snecko","floor":28,"turns":5},{"damage":13,"enemies":"Gremlin Leader","floor":29,"turns":4},{"damage":26,"enemies":"Shelled Parasite and Fungi","floor":30,"turns":4},{"damage":0,"enemies":"Champ","floor":33,"turns":7},{"damage":17,"enemies":"3 Darklings","floor":35,"turns":3},{"damage":37,"enemies":"Giant Head","floor":40,"turns":7},{"damage":0,"enemies":"3 Shapes","floor":42,"turns":4},{"damage":0,"enemies":"Maw","floor":44,"turns":6},{"damage":11,"enemies":"Reptomancer","floor":45,"turns":4},{"damage":0,"enemies":"Transient","floor":46,"turns":5},{"damage":1,"enemies":"Nemesis","floor":47,"turns":7},{"damage":22,"enemies":"Jaw Worm Horde","floor":48,"turns":4},{"damage":6,"enemies":"Time Eater","floor":50,"turns":6},{"damage":87,"enemies":"Shield and Spear","floor":54,"turns":5},{"damage":87,"enemies":"The Heart","floor":55,"turns":5}],"seed_played":"-1676260536429580810","potions_obtained":[{"floor":1,"key":"Regen Potion"},{"floor":8,"key":"Swift Potion"},{"floor":11,"key":"Weak Potion"},{"floor":14,"key":"CultistPotion"},{"floor":16,"key":"BloodPotion"},{"floor":19,"key":"SkillPotion"},{"floor":29,"key":"Ancient Potion"},{"floor":30,"key":"Fire Potion"}],"is_trial":false,"path_per_floor":["M","T","?","?","$","E","$","E","T","M","?","?","R","E","R","B",null,"M","M","?","?","$","E","R","?","T","E","M","E","M","?","R","B",null,"M","?","?","?","$","E","R","M","T","M","E","M","E","M","R","B",null,"R","$","E","B"],"character_chosen":"IRONCLAD","items_purchased":["Brimstone","Clothesline","Thunderclap","Havoc","Lantern","DollysMirror","Toolbox","Eternal Feather","Bronze Scales"],"campfire_rested":0,"item_purchase_floors":[5,5,7,7,22,22,39,39,53],"current_hp_per_floor":[70,70,63,63,63,52,52,21,21,31,30,35,35,65,65,89,92,93,84,84,84,84,71,71,71,71,35,62,70,64,64,64,85,91,82,82,73,73,73,62,77,85,85,93,88,93,93,77,93,93,93,93,93,62,0,0],"gold":92,"neow_bonus":"TEN_PERCENT_HP_BONUS","is_daily":false,"chose_seed":false,"campfire_upgraded":6,"win_rate":0.0,"timestamp":1613349415,"path_taken":["M","?","?","?","$","E","?","E","T","M","?","?","R","E","R","BOSS","M","M","?","?","$","E","R","?","T","E","M","E","M","?","R","BOSS","M","?","?","?","$","E","R","M","T","M","E","M","E","M","R","BOSS","R","$","E","BOSS"],"items_purchased_type":["Relic","Card","Card","Card","Relic","Relic","Relic","Relic","Relic"],"build_version":"2020-12-22","purchased_purges":1,"victory":false,"max_hp_per_floor":[88,88,88,88,88,88,88,88,88,88,88,93,93,93,93,93,93,93,93,93,93,93,93,93,93,93,93,93,93,93,93,93,93,93,93,93,93,93,93,93,93,93,93,93,93,93,93,93,93,93,93,93,93,93,93,93],"card_choices":[{"not_picked":["Second Wind","Perfected Strike"],"picked":"Wild Strike","floor":1},{"not_picked":["Armaments","Heavy Blade"],"picked":"Cleave","floor":6},{"not_picked":["Inflame","Infernal Blade"],"picked":"Reaper","floor":8},{"not_picked":["Havoc","Combust","Cleave"],"picked":"SKIP","floor":10},{"not_picked":["Metallicize","Iron Wave"],"picked":"Shrug It Off","floor":11},{"not_picked":["Metallicize","Intimidate","Whirlwind"],"picked":"SKIP","floor":14},{"not_picked":["Exhume","Berserk"],"picked":"Barricade","floor":16},{"not_picked":["Rampage","Perfected Strike"],"picked":"Fire Breathing","floor":18},{"not_picked":["Clothesline+1","Infernal Blade","Rupture+1"],"picked":"SKIP","floor":19},{"not_picked":["Anger","Hemokinesis","Carnage","Iron Wave"],"picked":"SKIP","floor":23},{"not_picked":["Bloodletting","Warcry","Perfected Strike+1"],"picked":"Exhume","floor":27},{"not_picked":["Pommel Strike","Flex","Shrug It Off"],"picked":"Flame Barrier","floor":28},{"not_picked":["Reckless Charge","Uppercut","Twin Strike+1"],"picked":"Shrug It Off+1","floor":29},{"not_picked":["Spot Weakness+1","Perfected Strike","Headbutt"],"picked":"Shrug It Off+1","floor":30},{"not_picked":["Double Tap","Bludgeon","Fiend Fire"],"picked":"Limit Break","floor":33},{"not_picked":["Clothesline+1","Armaments","Bloodletting+1","Body Slam"],"picked":"SKIP","floor":35},{"not_picked":["Madness","Chrysalis","Metamorphosis"],"picked":"Dramatic Entrance","floor":37},{"not_picked":["Secret Technique","Impatience","Deep Breath"],"picked":"Purity","floor":37},{"not_picked":["Blood for Blood","Rupture+1","Pommel Strike"],"picked":"Power Through+1","floor":40},{"not_picked":["Perfected Strike+1","Cleave","Thunderclap","Sword Boomerang+1"],"picked":"SKIP","floor":42},{"not_picked":["Berserk","Armaments+1","Cleave","Perfected Strike+1"],"picked":"SKIP","floor":44},{"not_picked":["Flex+1","Immolate","Rampage","Shrug It Off"],"picked":"SKIP","floor":45},{"not_picked":["Clash+1","Cleave+1","Thunderclap"],"picked":"Feel No Pain+1","floor":46},{"not_picked":["Whirlwind+1","Pommel Strike+1","Hemokinesis+1"],"picked":"Heavy Blade+1","floor":46},{"not_picked":["Metallicize","Reckless Charge","Evolve","Thunderclap+1"],"picked":"SKIP","floor":47},{"not_picked":["Pommel Strike+1","Dual Wield+1","Thunderclap"],"picked":"True Grit+1","floor":48},{"not_picked":["Rupture","Pommel Strike","Carnage","Wild Strike"],"picked":"SKIP","floor":48},{"not_picked":["Heavy Blade+1","Sword Boomerang","Iron Wave"],"picked":"Shrug It Off","floor":54}],"player_experience":333009,"relics_obtained":[{"floor":2,"key":"Du-Vu Doll"},{"floor":6,"key":"Juzu Bracelet"},{"floor":8,"key":"Bag of Preparation"},{"floor":9,"key":"The Courier"},{"floor":14,"key":"HornCleat"},{"floor":23,"key":"Pocketwatch"},{"floor":26,"key":"Darkstone Periapt"},{"floor":27,"key":"Blood Vial"},{"floor":29,"key":"Torii"},{"floor":40,"key":"Kunai"},{"floor":45,"key":"Prayer Wheel"},{"floor":47,"key":"MealTicket"},{"floor":54,"key":"Bag of Marbles"}],"event_choices":[{"damage_healed":0,"gold_gain":0,"player_choice":"Success","damage_taken":7,"relics_obtained":["TungstenRod"],"max_hp_gain":0,"max_hp_loss":0,"event_name":"Scrap Ooze","floor":3,"gold_loss":0},{"damage_healed":0,"gold_gain":175,"player_choice":"AGREE","damage_taken":0,"max_hp_gain":0,"max_hp_loss":0,"event_name":"Liars Game","floor":4,"gold_loss":0,"cards_obtained":["Doubt"]},{"damage_healed":0,"gold_gain":0,"player_choice":"Searched \u00272\u0027 times","damage_taken":0,"relics_obtained":["PreservedInsect"],"max_hp_gain":0,"max_hp_loss":0,"event_name":"Dead Adventurer","floor":11,"gold_loss":0},{"damage_healed":0,"gold_gain":0,"player_choice":"Donut","damage_taken":0,"max_hp_gain":5,"max_hp_loss":0,"event_name":"Big Fish","floor":12,"gold_loss":0},{"damage_healed":0,"gold_gain":0,"player_choice":"Smashed Altar","damage_taken":0,"max_hp_gain":0,"max_hp_loss":0,"event_name":"Forgotten Altar","floor":20,"gold_loss":0,"cards_obtained":["Decay"]},{"damage_healed":0,"gold_gain":0,"player_choice":"Stole Relic","damage_taken":0,"relics_obtained":["Question Card"],"max_hp_gain":0,"max_hp_loss":0,"event_name":"Addict","floor":21,"gold_loss":0,"cards_obtained":["Shame"]},{"damage_healed":0,"gold_gain":0,"player_choice":"Opened","damage_taken":0,"relics_obtained":["Meat on the Bone"],"max_hp_gain":0,"max_hp_loss":0,"event_name":"The Mausoleum","floor":25,"gold_loss":0},{"cards_removed":["Strike_R"],"damage_healed":0,"gold_gain":0,"player_choice":"Elegance","damage_taken":0,"max_hp_gain":0,"max_hp_loss":0,"event_name":"Back to Basics","floor":31,"gold_loss":0},{"damage_healed":0,"gold_gain":0,"player_choice":"Ignored","damage_taken":0,"max_hp_gain":0,"max_hp_loss":0,"event_name":"Tomb of Lord Red Mask","floor":36,"gold_loss":0},{"damage_healed":0,"gold_gain":0,"player_choice":"Memory 3","damage_taken":10,"max_hp_gain":0,"max_hp_loss":0,"event_name":"SensoryStone","floor":37,"gold_loss":0},{"cards_removed":["Cleave"],"damage_healed":0,"gold_gain":0,"player_choice":"Removed Attack","damage_taken":0,"max_hp_gain":0,"max_hp_loss":0,"event_name":"Falling","floor":38,"gold_loss":0}],"is_beta":false,"boss_relics":[{"not_picked":["Fusion Hammer","Snecko Eye"],"picked":"Astrolabe"},{"not_picked":["Busted Crown","Sozu"],"picked":"Pandora\u0027s Box"}],"items_purged_floors":[5],"is_endless":false,"potions_floor_spawned":[1,8,11,14,16,19,29,30,33,35,40,47],"killed_by":"The Heart","ascension_level":10}}