{"host":"Keegz","time":1613431774,"event":{"mods":["BaseMod","Bestiary","Colored Powertips","Highlight Path","Minty Spire (QoL Compilation)","Relic Stats","Slay the Relics Exporter"],"gold_per_floor":[112,128,278,278,47,47,115,115,138,138,152,152,168,202,202,202,202],"floor_reached":16,"language":"ENG","playtime":376,"items_purged":["Doubt"],"score":200,"play_id":"cce2ef98-c5e9-408d-bd47-7ca59d5f7594","local_time":"20210216122934","is_ascension_mode":true,"campfire_choices":[{"data":"Armaments","floor":6,"key":"SMITH"},{"data":"Bloodletting","floor":8,"key":"SMITH"},{"data":"Entrench","floor":10,"key":"SMITH"},{"data":"Feel No Pain","floor":12,"key":"SMITH"},{"data":"Disarm","floor":15,"key":"SMITH"}],"circlet_count":0,"master_deck":["AscendersBane","Strike_R","Strike_R","Strike_R","Strike_R","Strike_R","Defend_R","Defend_R","Defend_R","Defend_R","Bash","Armaments+1","Entrench+1","Power Through","Disarm+1","Bloodletting+1","Feel No Pain+1","Hemokinesis"],"relics":["Burning Blood","NeowsBlessing","SsserpentHead","Boot","Centennial Puzzle"],"acts_visited":["Exordium"],"potions_floor_usage":[13,14,14],"damage_taken":[{"damage":0,"enemies":"Cultist","floor":1,"turns":1},{"damage":0,"enemies":"2 Louse","floor":2,"turns":1},{"damage":0,"enemies":"Jaw Worm","floor":7,"turns":1},{"damage":6,"enemies":"2 Fungi Beasts","floor":11,"turns":7},{"damage":12,"enemies":"Red Slaver","floor":13,"turns":3},{"damage":22,"enemies":"Gremlin Nob","floor":14,"turns":5},{"damage":55,"enemies":"The Guardian","floor":16,"turns":14}],"seed_played":"3505335107677552294","potions_obtained":[{"floor":2,"key":"DuplicationPotion"},{"floor":11,"key":"AttackPotion"},{"floor":13,"key":"SteroidPotion"}],"is_trial":false,"path_per_floor":["M","M","?","?","$","R","M","R","T","R","M","R","M","E","R","B"],"character_chosen":"IRONCLAD","items_purchased":["Power Through","Disarm"],"campfire_rested":0,"item_purchase_floors":[5,5],"current_hp_per_floor":[74,75,75,75,75,75,75,75,75,75,75,75,69,53,53,0,0],"gold":202,"neow_bonus":"THREE_ENEMY_KILL","is_daily":false,"chose_seed":false,"campfire_upgraded":5,"win_rate":0.0,"timestamp":1613431774,"path_taken":["M","M","?","?","$","R","?","R","T","R","M","R","M","E","R","BOSS"],"items_purchased_type":["Card","Card"],"build_version":"2020-12-18","purchased_purges":1,"victory":false,"max_hp_per_floor":[75,75,75,75,75,75,75,75,75,75,75,75,75,75,75,75,75],"relic_stats":{"SsserpentHead":50,"Centennial Puzzle":[3],"counters":[7,32],"Boot":[0],"obtain_stats":[{"SsserpentHead":4,"Centennial Puzzle":14,"NeowsBlessing":0,"Boot":9,"Burning Blood":0},{"SsserpentHead":2,"Centennial Puzzle":6,"NeowsBlessing":0,"Boot":3,"Burning Blood":0},{"SsserpentHead":2,"Centennial Puzzle":18,"NeowsBlessing":0,"Boot":3,"Burning Blood":0}],"Burning Blood":25},"card_choices":[{"not_picked":["Anger","Havoc"],"picked":"Armaments","floor":1},{"not_picked":["Anger","Clash"],"picked":"Entrench","floor":2},{"not_picked":["Clash","Blood for Blood"],"picked":"Bloodletting","floor":7},{"not_picked":["Perfected Strike","Power Through"],"picked":"Feel No Pain","floor":11},{"not_picked":["Burning Pact","Sword Boomerang","Shrug It Off"],"picked":"SKIP","floor":13},{"not_picked":["Fiend Fire","Pommel Strike"],"picked":"Hemokinesis","floor":14}],"player_experience":1512166,"relics_obtained":[{"floor":9,"key":"Boot"},{"floor":14,"key":"Centennial Puzzle"}],"event_choices":[{"damage_healed":0,"gold_gain":150,"player_choice":"AGREE","damage_taken":0,"max_hp_gain":0,"max_hp_loss":0,"event_name":"Liars Game","floor":3,"gold_loss":0,"cards_obtained":["Doubt"]},{"damage_healed":0,"gold_gain":0,"player_choice":"Trade","damage_taken":0,"relics_obtained":["SsserpentHead"],"max_hp_gain":0,"max_hp_loss":0,"event_name":"FaceTrader","floor":4,"gold_loss":0}],"is_beta":true,"boss_relics":[],"items_purged_floors":[5],"is_endless":false,"potions_floor_spawned":[2,11,13],"killed_by":"The Guardian","ascension_level":20}}