{"host":"b2j09bgckbzjrujr","time":1613390694,"event":{"mods":["AchievementEnabler","Aspiration","BaseMod","BetterRewards","Colored Map","Colored Powertips","Conspire","Friendly Minions","Infinite Spire","Marisa£®ÏF”Í°°ƒß¿Ì…≥£©","Minty Spire (QoL Compilation)","Quick Restart","Rare Cards Sparkle","Reimu£®≤©¿ˆ¡È√Œ£©","Remilia£®¿Ÿ√◊¿Ú—«£©","Replay The Spire","Shop Mod","StSLib","SuperFastMode","TestMod","The Cursed","The Jungle","The Servant 0.9.4","Waifu the Spire","Youmu£®ªÍ∆«—˝√Œ£©","Yuyuko","[IsaacMod]“‘»ˆº‚À˛","°æπ¶ƒ‹Mod°øªÏ„Á÷Æª∑–ﬁ∏¥≤π∂°"],"gold_per_floor":[117,117,135,60,78,118,118,18,18,40,40,40,40,76,76,188,188,208,208,123,123,138,138,217,217,217,234,281,281,304,142,142,257,257,276,296,316,316],"floor_reached":37,"language":"ZHS","playtime":1324,"items_purged":["Strike_R","Strike_R"],"score":868,"play_id":"5b3ec2ed-0c71-4b41-914c-54ccca572736","local_time":"20210215200454","is_ascension_mode":true,"campfire_choices":[{"floor":7.0,"key":"REST"},{"floor":12.0,"key":"REST"},{"floor":15.0,"key":"REST"},{"floor":23,"key":"REST"},{"floor":25,"key":"REST"},{"floor":32,"key":"REST"}],"circlet_count":0,"master_deck":["AscendersBane","Strike_R","Strike_R","Strike_R","Defend_R","Defend_R","Defend_R","Defend_R","Bash","Feed"],"relics":["Coronal","testmod-TestBox","HushsDoor","testmod-FatalChain","GuppysTail","Pen Nib","Juzu Bracelet","Toolbox","Incense Burner","testmod-TheFather","Matryoshka","Replay:PocketPolymizer","TheBattery","infinitespire:Cubic Diamond","Frozen Egg 2","ReplayTheSpireMod:Shallot","Regal Pillow","testmod-DreamHouse","Happy Flower","Lantern","Ice Cream","aspiration:RitualStick","infinitespire:Midas Blood","Shovel","ReplayTheSpireMod:TigerMarble","conspire:RunicOctahedron","testmod-Prudence"],"acts_visited":["Exordium","TheCity","TheBeyond"],"potions_floor_usage":[22,33,37,37],"damage_taken":[{"damage":22.0,"enemies":"infinitespire:Voidling","floor":1.0,"turns":4.0},{"damage":1.0,"enemies":"Small Slimes","floor":3.0,"turns":3.0},{"damage":0.0,"enemies":"Cultist","floor":5.0,"turns":1.0},{"damage":12.0,"enemies":"3 Sentries","floor":6.0,"turns":7.0},{"damage":4.0,"enemies":"3 Louse","floor":10.0,"turns":4.0},{"damage":36.0,"enemies":"Lagavulin","floor":14.0,"turns":4.0},{"damage":34.0,"enemies":"Hexaghost","floor":16.0,"turns":9.0},{"damage":57,"enemies":"Spheric Guardian","floor":18,"turns":8},{"damage":0,"enemies":"Chosen","floor":22,"turns":3},{"damage":8,"enemies":"conspire:HollyBat","floor":27,"turns":5},{"damage":18,"enemies":"Slavers","floor":28,"turns":3},{"damage":7,"enemies":"Snecko","floor":30,"turns":5},{"damage":72,"enemies":"conspire:MysteriousRune","floor":33,"turns":12},{"damage":6,"enemies":"3 Shapes","floor":35,"turns":3},{"damage":10,"enemies":"Orb Walker","floor":36,"turns":4},{"damage":25,"enemies":"infinitespire:Three Voidlings","floor":37,"turns":2},{"damage":38,"enemies":"Nightmare_Alpha","floor":37,"turns":5}],"seed_played":"5327787036923772048","potions_obtained":[{"floor":1.0,"key":"FearPotion"},{"floor":3.0,"key":"Adrenaline Potion"},{"floor":6.0,"key":"Reflective Coating"},{"floor":14.0,"key":"LiquidBronze"},{"floor":27,"key":"Weak Potion"},{"floor":36,"key":"Block Potion"}],"is_trial":false,"path_per_floor":["M","?","M","$","M","E","R","$","T","M","$","R","?","E","R","B",null,"M","?","?","?","M","R","?","R","T","M","E","AVR","M","$","R","B",null,"M","M","?"],"character_chosen":"IRONCLAD","items_purchased":["Pen Nib","Juzu Bracelet","Toolbox","Matryoshka","TheBattery","testmod-VirtualReality"],"campfire_rested":6,"item_purchase_floors":[0,0,0,0,0,31],"current_hp_per_floor":[17,17,16,16,16,4,28,28,28,24,24,48,48,12,51,17,64,7,33,33,17,20,59,44,83,83,75,60,60,53,53,86,14,68,62,55,0,0],"gold":316,"neow_bonus":"","is_daily":false,"chose_seed":false,"campfire_upgraded":0,"win_rate":0.0,"timestamp":1613390694,"path_taken":["M","?","M","$","M","E","R","$","T","M","?","R","?","E","R","BOSS","M","?","?","?","M","R","?","R","T","M","E","AVR","M","$","R","BOSS","M","M","?"],"items_purchased_type":["Relic","Relic","Relic","Relic","Relic","Card"],"build_version":"2020-12-22","purchased_purges":2,"victory":false,"max_hp_per_floor":[80,80,80,80,80,80,80,80,80,80,80,80,80,80,80,80,80,80,80,80,80,83,83,83,83,83,83,86,86,86,86,86,86,86,86,89,93,93],"card_choices":[{"not_picked":["Havoc","Wild Strike","Perfected Strike"],"picked":"SKIP","floor":1.0},{"not_picked":["Uppercut","Armaments","Havoc"],"picked":"SKIP","floor":3.0},{"not_picked":["Replay:Undeath\u0027s Touch","Wild Strike","Bomb"],"picked":"SKIP","floor":5.0},{"not_picked":["Replay:Undeath\u0027s Touch","Demonic Infusion","Ghostly Armor"],"picked":"SKIP","floor":6.0},{"not_picked":["Wild Strike","Armaments","ReplayTheSpireMod:Muscle Training"],"picked":"SKIP","floor":10.0},{"not_picked":["Fiend Fire","Sentinel","ReplayTheSpireMod:Strike From Hell"],"picked":"SKIP","floor":14.0},{"not_picked":["Impervious","Demon Form+1"],"picked":"Feed","floor":16.0},{"not_picked":["Wild Strike","Twin Strike","Run Through+1"],"picked":"SKIP","floor":18},{"not_picked":["Life Link+1","Rampage","Flex"],"picked":"SKIP","floor":22},{"not_picked":["Shockwave","Heavy Blade","Blood for Blood"],"picked":"SKIP","floor":27},{"not_picked":["Infernal Blade","Double Tap","Clothesline"],"picked":"SKIP","floor":28},{"not_picked":["Fire Breathing+1","Wild Strike+1","True Grit+1"],"picked":"SKIP","floor":30},{"not_picked":["Pummel+1","Searing Blow","Defy Death"],"picked":"SKIP","floor":35},{"not_picked":["Sword Boomerang+1","Twin Strike+1","Blood for Blood+1"],"picked":"SKIP","floor":36}],"player_experience":106826,"relics_obtained":[{"floor":6.0,"key":"Frozen Egg 2"},{"floor":9.0,"key":"ReplayTheSpireMod:Shallot"},{"floor":14.0,"key":"Regal Pillow"},{"floor":26,"key":"infinitespire:Midas Blood"},{"floor":28,"key":"Shovel"}],"event_choices":[{"damage_healed":26,"gold_gain":0,"player_choice":"Heal","damage_taken":0,"max_hp_gain":0,"max_hp_loss":0,"event_name":"The Library","floor":19,"gold_loss":0},{"damage_healed":0,"gold_gain":0,"player_choice":"Obtained Relic","damage_taken":0,"relics_obtained":["Ice Cream"],"max_hp_gain":0,"max_hp_loss":0,"event_name":"Addict","floor":20,"gold_loss":85}],"is_beta":false,"boss_relics":[{"not_picked":["conspire:SlowCooker","ReplayTheSpireMod:DimensionalGlitch"],"picked":"testmod-DreamHouse"},{"not_picked":[]},{"not_picked":["testmod-GoldenSoul","Replay:Fungal Core"],"picked":"testmod-Prudence"},{"not_picked":[]}],"items_purged_floors":[4,8],"is_endless":false,"potions_floor_spawned":[1,3,6,14,27,36,37],"killed_by":"Nightmare_Alpha","ascension_level":10}}