{"host":"6q94iy5iz6612v89","time":1613384325,"event":{"mods":["2.2 Compatiblity","AchievementEnabler","BaseMod","Colored Map","DeckTracker","Keyboard Shortcuts","Minty Spire (QoL Compilation)","Permanent Neow","StSLib","SuperFastMode"],"gold_per_floor":[118,136,136,152,77,77,152,152,176,36,63,74,74,39,39,111,111,128,145,145],"floor_reached":19,"language":"KOR","playtime":362,"items_purged":["Strike_G","Strike_G"],"score":334,"play_id":"7db0d25d-75ca-42ff-9322-3415710bf307","local_time":"20210215191845","is_ascension_mode":true,"campfire_choices":[{"data":"Dagger Spray","floor":6,"key":"SMITH"},{"data":"Deadly Poison","floor":8,"key":"SMITH"},{"data":"Noxious Fumes","floor":15,"key":"SMITH"}],"circlet_count":0,"master_deck":["AscendersBane","Strike_G","Defend_G","Defend_G","Defend_G","Defend_G","Defend_G","Survivor","Neutralize","All Out Attack","Dagger Spray+1","Deadly Poison+1","Noxious Fumes+1","Dodge and Roll","Backflip","PiercingWail"],"relics":["Ring of the Snake","Orichalcum","Centennial Puzzle","Regal Pillow","Cursed Key"],"acts_visited":["Exordium","TheCity"],"potions_floor_usage":[11,16],"damage_taken":[{"damage":5,"enemies":"Small Slimes","floor":1,"turns":8},{"damage":4,"enemies":"Jaw Worm","floor":2,"turns":6},{"damage":0,"enemies":"2 Louse","floor":4,"turns":2},{"damage":1,"enemies":"Gremlin Nob","floor":11,"turns":3},{"damage":4,"enemies":"Blue Slaver","floor":12,"turns":4},{"damage":27,"enemies":"Hexaghost","floor":16,"turns":10},{"damage":13,"enemies":"Spheric Guardian","floor":18,"turns":5},{"damage":7,"enemies":"Shell Parasite","floor":19,"turns":5}],"seed_played":"-6026557489108584590","potions_obtained":[{"floor":1,"key":"Block Potion"},{"floor":2,"key":"BlessingOfTheForge"},{"floor":11,"key":"PowerPotion"}],"is_trial":false,"path_per_floor":["M","M","?","M","$","R","?","R","T","$","E","M","?","?","R","B",null,"M","M"],"character_chosen":"THE_SILENT","items_purchased":["Noxious Fumes"],"campfire_rested":0,"item_purchase_floors":[10],"current_hp_per_floor":[54,50,32,32,32,32,21,21,21,21,20,16,16,32,32,5,51,38,31,31],"gold":145,"neow_bonus":"REMOVE_CARD","is_daily":false,"chose_seed":false,"campfire_upgraded":3,"win_rate":0.0,"timestamp":1613384325,"path_taken":["M","M","?","M","$","R","?","R","T","$","E","M","?","?","R","BOSS","M","M"],"items_purchased_type":["Card"],"build_version":"2020-12-22","purchased_purges":2,"victory":false,"max_hp_per_floor":[66,66,66,66,66,66,66,66,66,66,66,66,66,66,66,66,66,66,66,66],"card_choices":[{"not_picked":["Distraction","Flechettes"],"picked":"All Out Attack","floor":1},{"not_picked":["Riddle With Holes","Infinite Blades"],"picked":"Dagger Spray","floor":2},{"not_picked":["Dodge and Roll","Prepared"],"picked":"Deadly Poison","floor":4},{"not_picked":["Infinite Blades","Endless Agony","Setup"],"picked":"SKIP","floor":11},{"not_picked":["Grand Finale","Dagger Spray"],"picked":"Dodge and Roll","floor":12},{"not_picked":["Masterful Stab","Cloak And Dagger"],"picked":"Backflip","floor":18},{"not_picked":["Riddle With Holes","Choke"],"picked":"PiercingWail","floor":19}],"player_experience":1487813,"relics_obtained":[{"floor":9,"key":"Centennial Puzzle"},{"floor":11,"key":"Regal Pillow"}],"event_choices":[{"damage_healed":0,"gold_gain":0,"player_choice":"Success","damage_taken":18,"relics_obtained":["Orichalcum"],"max_hp_gain":0,"max_hp_loss":0,"event_name":"Scrap Ooze","floor":3,"gold_loss":0},{"damage_healed":0,"gold_gain":75,"player_choice":"Gather Gold","damage_taken":11,"max_hp_gain":0,"max_hp_loss":0,"event_name":"World of Goop","floor":7,"gold_loss":0},{"cards_removed":["Strike_G"],"damage_healed":0,"gold_gain":0,"player_choice":"Forget","damage_taken":0,"max_hp_gain":0,"max_hp_loss":0,"event_name":"Living Wall","floor":13,"gold_loss":0},{"damage_healed":16,"gold_gain":0,"player_choice":"Healed","damage_taken":0,"max_hp_gain":0,"max_hp_loss":0,"event_name":"The Cleric","floor":14,"gold_loss":35}],"is_beta":false,"boss_relics":[{"not_picked":["Astrolabe","Fusion Hammer"],"picked":"Cursed Key"}],"items_purged_floors":[5,10],"is_endless":false,"potions_floor_spawned":[1,2,11],"killed_by":"Shell Parasite","ascension_level":20}}