{"host":"82qk6ob05uum3zoi","time":1613425945,"event":{"mods":["BaseMod","BetterRewards","Minty Spire (QoL Compilation)","Reliquary","StSLib","The Cursed"],"gold_per_floor":[110,110,110,121,137,162,162,162,234,61,61,79,79,92,92,188,188,208,219,219,237,237,264,264,297,375,375,405,423,423,423],"floor_reached":30,"language":"ENG","playtime":1192,"items_purged":[],"score":356,"play_id":"c1195305-68e9-4e1c-9dbe-fece0434c3c1","local_time":"20210216105225","is_ascension_mode":true,"campfire_choices":[{"floor":8,"key":"REST"},{"floor":13,"key":"REST"},{"floor":15,"key":"REST"},{"floor":24,"key":"REST"},{"floor":27,"key":"REST"}],"circlet_count":0,"master_deck":["Strike_G","Strike_G+1","Strike_G","Strike_G+1","Strike_G","Defend_G+1","Defend_G","Defend_G","Defend_G","Defend_G","Survivor","Neutralize","Injury","Endless Agony","Deadly Poison","Poisoned Stab","Cloak And Dagger","Dagger Spray","Dagger Spray","Backstab","A Thousand Cuts","Deflect","Deadly Poison+1","Bane","PiercingWail+1","Venomology"],"relics":["Ring of the Snake","Tough Bandages","reliquary:PorcupineQuills","Singing Bowl","Bronze Scales","SlaversCollar","FaceOfCleric","MutagenicStrength","reliquary:Firecrackers","War Paint","Strawberry"],"acts_visited":["Exordium","TheCity"],"potions_floor_usage":[6,16,16,21,23,28,28,30],"damage_taken":[{"damage":0,"enemies":"2 Louse","floor":1,"turns":3},{"damage":0,"enemies":"Small Slimes","floor":4,"turns":3},{"damage":0,"enemies":"Cultist","floor":5,"turns":3},{"damage":50,"enemies":"3 Sentries","floor":6,"turns":12},{"damage":4,"enemies":"3 Louse","floor":12,"turns":2},{"damage":9,"enemies":"Exordium Wildlife","floor":14,"turns":4},{"damage":50,"enemies":"The Guardian","floor":16,"turns":10},{"damage":1,"enemies":"Chosen","floor":18,"turns":4},{"damage":20,"enemies":"Shell Parasite","floor":19,"turns":7},{"damage":13,"enemies":"Snake Plant","floor":21,"turns":4},{"damage":18,"enemies":"Book of Stabbing","floor":23,"turns":4},{"damage":34,"enemies":"Gremlin Leader","floor":25,"turns":5},{"damage":24,"enemies":"Book of Stabbing","floor":28,"turns":4},{"damage":19,"enemies":"Cultist and Chosen","floor":29,"turns":6},{"damage":18,"enemies":"Snecko","floor":30,"turns":2}],"seed_played":"-1842813890645942251","potions_obtained":[{"floor":1,"key":"GamblersBrew"},{"floor":5,"key":"Dexterity Potion"},{"floor":12,"key":"Strength Potion"},{"floor":14,"key":"Energy Potion"},{"floor":16,"key":"AttackPotion"},{"floor":18,"key":"LiquidBronze"},{"floor":25,"key":"Block Potion"},{"floor":29,"key":"SpeedPotion"}],"is_trial":false,"path_per_floor":["M","?","$","M","M","E","?","R","T","$","?","M","R","M","R","B",null,"M","M","?","M","?","E","R","E","T","R","E","M","M"],"character_chosen":"THE_SILENT","items_purchased":["Bronze Scales","Dagger Spray"],"campfire_rested":5,"item_purchase_floors":[10,10],"current_hp_per_floor":[70,56,56,56,56,6,6,27,27,27,27,23,44,35,56,6,70,69,51,51,39,39,22,44,13,13,36,20,2,0,0],"gold":423,"neow_bonus":"ONE_RARE_RELIC","is_daily":false,"chose_seed":false,"campfire_upgraded":0,"win_rate":0.0,"timestamp":1613425945,"path_taken":["M","?","$","M","M","E","?","R","T","$","?","M","R","M","R","BOSS","M","M","?","?","?","E","R","E","T","R","E","M","M"],"items_purchased_type":["Relic","Card"],"build_version":"2020-12-22","purchased_purges":0,"victory":false,"max_hp_per_floor":[70,70,70,70,70,70,70,70,70,70,70,70,70,70,70,70,70,70,72,72,73,73,74,74,77,77,77,85,86,86,86],"card_choices":[{"not_picked":["Cloak And Dagger","Predator"],"picked":"Endless Agony","floor":1},{"not_picked":["Masterful Stab","Concentrate"],"picked":"Deadly Poison","floor":4},{"not_picked":["Footwork","Underhanded Strike"],"picked":"Poisoned Stab","floor":5},{"not_picked":["Footwork","Dagger Throw"],"picked":"Cloak And Dagger","floor":6},{"not_picked":["Noxious Fumes","Outmaneuver"],"picked":"Dagger Spray","floor":12},{"not_picked":["Tactician","Deflect"],"picked":"Backstab","floor":14},{"not_picked":["Bullet Time","Phantasmal Killer"],"picked":"A Thousand Cuts","floor":16},{"not_picked":["Tactician","Bane"],"picked":"Deflect","floor":18},{"not_picked":["Prepared","Accuracy","Dagger Spray"],"picked":"Singing Bowl","floor":19},{"not_picked":["Dagger Spray+1","Quick Slash"],"picked":"Deadly Poison","floor":21},{"not_picked":["Reflex","Outmaneuver"],"picked":"Bane","floor":23},{"not_picked":["Accuracy+1","Cloak And Dagger","Finisher"],"picked":"Singing Bowl","floor":25},{"not_picked":["Expertise","Outmaneuver+1"],"picked":"PiercingWail+1","floor":28},{"not_picked":["Flying Knee","Dodge and Roll+1"],"picked":"Venomology","floor":29}],"player_experience":435290,"relics_obtained":[{"floor":6,"key":"reliquary:PorcupineQuills"},{"floor":9,"key":"Singing Bowl"},{"floor":23,"key":"reliquary:Firecrackers"},{"floor":25,"key":"War Paint"},{"floor":28,"key":"Strawberry"}],"event_choices":[{"damage_healed":0,"gold_gain":0,"player_choice":"Entered Light","damage_taken":14,"max_hp_gain":0,"max_hp_loss":0,"event_name":"Shining Light","floor":2,"gold_loss":0,"cards_upgraded":["Strike_G","Strike_G"]},{"damage_healed":0,"gold_gain":0,"player_choice":"Ignored","damage_taken":0,"max_hp_gain":0,"max_hp_loss":0,"event_name":"Golden Idol","floor":7,"gold_loss":0},{"damage_healed":0,"gold_gain":0,"player_choice":"Ignored","damage_taken":0,"max_hp_gain":0,"max_hp_loss":0,"event_name":"Liars Game","floor":11,"gold_loss":0},{"damage_healed":0,"gold_gain":0,"player_choice":"Trade","damage_taken":0,"relics_obtained":["FaceOfCleric"],"max_hp_gain":0,"max_hp_loss":0,"event_name":"FaceTrader","floor":20,"gold_loss":0},{"damage_healed":0,"gold_gain":0,"player_choice":"Inject Mutagens","damage_taken":0,"relics_obtained":["MutagenicStrength"],"max_hp_gain":0,"max_hp_loss":0,"event_name":"Drug Dealer","floor":22,"gold_loss":0}],"is_beta":false,"boss_relics":[{"not_picked":["reliquary:RedPaperclip","Astrolabe"],"picked":"SlaversCollar"}],"items_purged_floors":[],"is_endless":false,"potions_floor_spawned":[1,5,12,14,16,18,25,29],"killed_by":"Snecko","ascension_level":3}}