{"host":"oi6p1guiqfwwvxym","time":1613428491,"event":{"mods":["BaseMod","Bestiary","Colored Map","Minty Spire (QoL Compilation)","Relic Stats"],"gold_per_floor":[115,128,128,148,164,164,197,224,224,242,242,297,46,79,79,155,155,175,175,175,90,32,32,65,65,65,84,84,84],"floor_reached":28,"language":"ENG","playtime":986,"items_purged":[],"score":488,"play_id":"fdc3704a-5b2d-4de5-a687-05201702cee2","local_time":"20210215143451","is_ascension_mode":true,"campfire_choices":[{"data":"Wild Strike","floor":6,"key":"SMITH"},{"floor":11,"key":"REST"},{"data":"Whirlwind","floor":15,"key":"SMITH"},{"floor":23,"key":"REST"},{"floor":25,"key":"REST"}],"circlet_count":0,"master_deck":["AscendersBane","Strike_R","Defend_R","Defend_R","Defend_R","Defend_R","Bash","Flame Barrier","Cleave","Wild Strike+1","Seeing Red","Whirlwind+1","Shockwave","Inflame","Bludgeon","Blood for Blood+1","Cleave+1","Evolve+1","Headbutt","RitualDagger","Shrug It Off","Burning Pact"],"relics":["Runic Cube","Ancient Tea Set","Vajra","InkBottle","Medical Kit","Strawberry","Astrolabe","Nunchaku","Smiling Mask","Pantograph"],"acts_visited":["Exordium","TheCity"],"potions_floor_usage":[7,14,16,24],"damage_taken":[{"damage":4,"enemies":"2 Louse","floor":1,"turns":3},{"damage":7,"enemies":"Cultist","floor":2,"turns":5},{"damage":4,"enemies":"Small Slimes","floor":4,"turns":3},{"damage":11,"enemies":"Looter","floor":5,"turns":3},{"damage":20,"enemies":"3 Sentries","floor":7,"turns":5},{"damage":9,"enemies":"2 Fungi Beasts","floor":10,"turns":2},{"damage":8,"enemies":"Lagavulin","floor":14,"turns":5},{"damage":33,"enemies":"Hexaghost","floor":16,"turns":9},{"damage":17,"enemies":"Shell Parasite","floor":18,"turns":6},{"damage":28,"enemies":"Book of Stabbing","floor":24,"turns":3},{"damage":0,"enemies":"Chosen","floor":27,"turns":3},{"damage":67,"enemies":"Slavers","floor":28,"turns":4}],"seed_played":"-3041719538228540804","potions_obtained":[{"floor":1,"key":"Explosive Potion"},{"floor":2,"key":"Weak Potion"},{"floor":10,"key":"Regen Potion"},{"floor":16,"key":"AttackPotion"},{"floor":18,"key":"Weak Potion"},{"floor":27,"key":"CultistPotion"}],"is_trial":false,"path_per_floor":["M","M","?","M","M","R","E","T","T","M","R","?","$","E","R","B",null,"M","?","?","?","$","R","E","R","T","M","E"],"character_chosen":"IRONCLAD","items_purchased":["Medical Kit","Shockwave","Shrug It Off"],"campfire_rested":3,"item_purchase_floors":[13,13,22],"current_hp_per_floor":[64,57,57,53,42,42,22,22,22,13,35,35,35,46,46,13,65,48,42,42,42,42,66,38,62,62,62,0,0],"gold":84,"neow_bonus":"BOSS_RELIC","is_daily":false,"chose_seed":false,"campfire_upgraded":2,"win_rate":0.0,"timestamp":1613428491,"path_taken":["M","M","?","M","?","R","E","?","T","M","R","?","$","E","R","BOSS","M","?","?","?","$","R","E","R","T","M","E"],"items_purchased_type":["Relic","Card","Card"],"build_version":"2020-12-22","purchased_purges":0,"victory":false,"max_hp_per_floor":[75,75,75,75,75,75,75,75,75,75,75,75,75,82,82,82,82,82,82,82,82,82,82,82,82,82,82,82,82],"relic_stats":{"Nunchaku":[1],"counters":[12,51],"Astrolabe":["Blood for Blood","Cleave","Evolve"],"Pantograph":0,"Medical Kit":[15],"Smiling Mask":0,"obtain_stats":[{"Nunchaku":21,"Strawberry":14,"Astrolabe":17,"Pantograph":26,"Vajra":8,"Ancient Tea Set":7,"Medical Kit":13,"Smiling Mask":24,"Burning Blood":0,"InkBottle":9,"Runic Cube":0},{"Nunchaku":9,"Strawberry":7,"Astrolabe":8,"Pantograph":10,"Vajra":5,"Ancient Tea Set":5,"Medical Kit":6,"Smiling Mask":10,"Burning Blood":0,"InkBottle":5,"Runic Cube":0},{"Nunchaku":41,"Strawberry":26,"Astrolabe":35,"Pantograph":44,"Vajra":19,"Ancient Tea Set":19,"Medical Kit":21,"Smiling Mask":44,"Burning Blood":0,"InkBottle":19,"Runic Cube":0}],"InkBottle":[9],"Runic Cube":[31]},"card_choices":[{"not_picked":["Disarm","Flex"],"picked":"Flame Barrier","floor":1},{"not_picked":["Warcry","Headbutt"],"picked":"Cleave","floor":2},{"not_picked":["Rage","Metallicize"],"picked":"Wild Strike","floor":4},{"not_picked":["Iron Wave","Intimidate"],"picked":"Seeing Red","floor":5},{"not_picked":["Exhume","Heavy Blade"],"picked":"Whirlwind","floor":7},{"not_picked":["Twin Strike","Whirlwind","Sentinel"],"picked":"SKIP","floor":10},{"not_picked":["Twin Strike","Shockwave"],"picked":"Inflame","floor":14},{"not_picked":["Brutality","Berserk"],"picked":"Bludgeon","floor":16},{"not_picked":["Intimidate","Twin Strike"],"picked":"Headbutt","floor":18},{"not_picked":["Shrug It Off","Twin Strike"],"picked":"Burning Pact","floor":24},{"not_picked":["Rampage","Body Slam","Havoc"],"picked":"SKIP","floor":27}],"player_experience":442210,"relics_obtained":[{"floor":7,"key":"Ancient Tea Set"},{"floor":8,"key":"Vajra"},{"floor":9,"key":"InkBottle"},{"floor":14,"key":"Strawberry"},{"floor":24,"key":"Smiling Mask"},{"floor":26,"key":"Pantograph"}],"event_choices":[{"cards_removed":["Strike_R"],"damage_healed":0,"gold_gain":0,"player_choice":"Purged","damage_taken":0,"max_hp_gain":0,"max_hp_loss":0,"event_name":"Purifier","floor":3,"gold_loss":0},{"damage_healed":0,"gold_gain":55,"player_choice":"Gained Gold","damage_taken":0,"max_hp_gain":0,"max_hp_loss":0,"event_name":"Golden Wing","floor":12,"gold_loss":0},{"damage_healed":0,"gold_gain":0,"player_choice":"Joined the Cult","damage_taken":6,"max_hp_gain":0,"max_hp_loss":0,"event_name":"Nest","floor":19,"gold_loss":0,"cards_obtained":["RitualDagger"]},{"damage_healed":0,"gold_gain":0,"player_choice":"Ignored","damage_taken":0,"max_hp_gain":0,"max_hp_loss":0,"event_name":"Vampires","floor":20,"gold_loss":0},{"damage_healed":0,"gold_gain":0,"player_choice":"Obtained Relic","damage_taken":0,"relics_obtained":["Nunchaku"],"max_hp_gain":0,"max_hp_loss":0,"event_name":"Addict","floor":21,"gold_loss":85}],"is_beta":false,"boss_relics":[{"not_picked":["Ectoplasm","Empty Cage"],"picked":"Astrolabe"}],"items_purged_floors":[],"is_endless":false,"potions_floor_spawned":[1,2,10,16,18,27],"killed_by":"Slavers","ascension_level":20}}