{"host":"kh6fvhxn285ncg0o","time":1613431134,"event":{"mods":["Act Like it!","BaseMod","Colored Map","Friendly Minions","Keyboard Shortcuts","Minty Spire (QoL Compilation)","Quick Restart","Relic Stats","StSLib","SuperFastMode","UnlockEverythingMod"],"gold_per_floor":[367,367,378,392,64,64,90,90,164,164,164,176,176,210,210,289,289,302,302,202,221,233,233,267,291,291,291,325,345,361,361,361,361,361],"floor_reached":33,"language":"KOR","playtime":709,"items_purged":["Strike_R","Strike_R"],"score":686,"play_id":"2317854a-25e5-4eb5-b0ba-9cd370687a96","local_time":"20210216081854","is_ascension_mode":true,"campfire_choices":[{"data":"Hemokinesis","floor":6,"key":"SMITH"},{"data":"Demon Form","floor":8,"key":"SMITH"},{"floor":10,"key":"RECALL"},{"floor":15,"key":"REST"},{"data":"Immolate","floor":23,"key":"SMITH"},{"data":"Flame Barrier","floor":27,"key":"SMITH"},{"data":"Battle Trance","floor":32,"key":"SMITH"}],"circlet_count":0,"master_deck":["AscendersBane","Strike_R","Strike_R","Defend_R","Defend_R+1","Defend_R+1","Defend_R","Bash","Uppercut+1","Hemokinesis+1","Demon Form+1","Barricade","Immolate+1","Shrug It Off","Flame Barrier+1","Battle Trance+1","Twin Strike"],"relics":["Burning Blood","Centennial Puzzle","War Paint","StrikeDummy","Bronze Scales","Runic Dome","Potion Belt","Strawberry","Meat on the Bone","Akabeko"],"acts_visited":["Exordium","TheCity"],"potions_floor_usage":[7,16,21,24,28,33,33],"damage_taken":[{"damage":4,"enemies":"Small Slimes","floor":1,"turns":3},{"damage":16,"enemies":"Jaw Worm","floor":3,"turns":4},{"damage":8,"enemies":"2 Louse","floor":4,"turns":3},{"damage":8,"enemies":"Gremlin Nob","floor":7,"turns":3},{"damage":15,"enemies":"Exordium Thugs","floor":12,"turns":5},{"damage":17,"enemies":"3 Sentries","floor":14,"turns":9},{"damage":0,"enemies":"The Guardian","floor":16,"turns":9},{"damage":7,"enemies":"Spheric Guardian","floor":18,"turns":3},{"damage":18,"enemies":"Shell Parasite","floor":21,"turns":5},{"damage":5,"enemies":"3 Cultists","floor":22,"turns":4},{"damage":27,"enemies":"Book of Stabbing","floor":24,"turns":4},{"damage":26,"enemies":"Gremlin Leader","floor":28,"turns":5},{"damage":10,"enemies":"Centurion and Healer","floor":29,"turns":3},{"damage":4,"enemies":"Snake Plant","floor":30,"turns":2},{"damage":76,"enemies":"Automaton","floor":33,"turns":6}],"seed_played":"-3862258959397054769","potions_obtained":[{"floor":1,"key":"ColorlessPotion"},{"floor":3,"key":"DistilledChaos"},{"floor":12,"key":"SpeedPotion"},{"floor":16,"key":"Explosive Potion"},{"floor":21,"key":"GamblersBrew"},{"floor":28,"key":"FearPotion"},{"floor":29,"key":"Block Potion"}],"is_trial":false,"path_per_floor":["M","?","M","M","$","R","E","R","T","R","?","M","?","E","R","B",null,"M","?","$","M","M","R","E","T","T","R","E","M","M","?","R","B"],"character_chosen":"IRONCLAD","items_purchased":["Centennial Puzzle","Hemokinesis"],"campfire_rested":1,"item_purchase_floors":[5,5],"current_hp_per_floor":[68,68,58,56,56,56,54,54,54,54,54,45,38,27,47,53,64,63,63,63,51,52,52,31,38,38,38,30,38,52,52,52,0,0],"gold":361,"neow_bonus":"TWO_FIFTY_GOLD","is_daily":false,"chose_seed":false,"campfire_upgraded":5,"win_rate":0.0,"timestamp":1613431134,"path_taken":["M","?","M","M","$","R","E","R","T","R","?","M","?","E","R","BOSS","M","?","$","M","M","R","E","?","T","R","E","M","M","?","R","BOSS"],"items_purchased_type":["Relic","Card"],"build_version":"2020-12-22","purchased_purges":2,"victory":false,"max_hp_per_floor":[68,68,68,68,68,68,68,68,68,68,68,68,68,68,68,68,68,68,68,68,68,68,68,68,75,75,75,75,75,75,75,75,75,75],"relic_stats":{"Centennial Puzzle":[33],"counters":[15,68],"Bronze Scales":[99],"War Paint":["Defend_R","Defend_R"],"obtain_stats":[{"Potion Belt":24,"Runic Dome":17,"Centennial Puzzle":5,"Bronze Scales":14,"Strawberry":25,"War Paint":7,"StrikeDummy":9,"Burning Blood":0,"Akabeko":28,"Meat on the Bone":26},{"Potion Belt":11,"Runic Dome":7,"Centennial Puzzle":3,"Bronze Scales":6,"Strawberry":11,"War Paint":4,"StrikeDummy":4,"Burning Blood":0,"Akabeko":12,"Meat on the Bone":11},{"Potion Belt":52,"Runic Dome":36,"Centennial Puzzle":10,"Bronze Scales":27,"Strawberry":52,"War Paint":13,"StrikeDummy":13,"Burning Blood":0,"Akabeko":57,"Meat on the Bone":52}],"Burning Blood":82,"Meat on the Bone":36},"card_choices":[{"not_picked":["Whirlwind","Havoc"],"picked":"Uppercut","floor":1},{"not_picked":["Whirlwind","Wild Strike"],"picked":"Demon Form","floor":7},{"not_picked":["Shrug It Off","Berserk"],"picked":"Barricade","floor":14},{"not_picked":["Reaper","Brutality"],"picked":"Immolate","floor":16},{"not_picked":["Rupture","Thunderclap"],"picked":"Shrug It Off","floor":18},{"not_picked":["Clothesline","Armaments"],"picked":"Flame Barrier","floor":21},{"not_picked":["Hemokinesis","Body Slam","Uppercut"],"picked":"SKIP","floor":22},{"not_picked":["Anger","Limit Break","Dual Wield"],"picked":"SKIP","floor":24},{"not_picked":["Ghostly Armor","Armaments"],"picked":"Battle Trance","floor":28},{"not_picked":["Metallicize","Searing Blow","Flex"],"picked":"SKIP","floor":29},{"not_picked":["Hemokinesis","Cleave"],"picked":"Twin Strike","floor":30}],"player_experience":1423403,"relics_obtained":[{"floor":7,"key":"War Paint"},{"floor":9,"key":"StrikeDummy"},{"floor":14,"key":"Bronze Scales"},{"floor":24,"key":"Potion Belt"},{"floor":25,"key":"Strawberry"},{"floor":26,"key":"Meat on the Bone"},{"floor":28,"key":"Akabeko"}],"event_choices":[{"damage_healed":0,"gold_gain":0,"player_choice":"Grow","damage_taken":0,"max_hp_gain":0,"max_hp_loss":0,"event_name":"Living Wall","floor":2,"gold_loss":0,"cards_upgraded":["Uppercut"]},{"damage_healed":0,"gold_gain":0,"player_choice":"Ignored","damage_taken":0,"max_hp_gain":0,"max_hp_loss":0,"event_name":"Liars Game","floor":11,"gold_loss":0},{"cards_removed":["Strike_R"],"damage_healed":0,"gold_gain":0,"player_choice":"Card Removal","damage_taken":7,"max_hp_gain":0,"max_hp_loss":0,"event_name":"Golden Wing","floor":13,"gold_loss":0},{"damage_healed":0,"gold_gain":0,"player_choice":"Ignored","damage_taken":0,"max_hp_gain":0,"max_hp_loss":0,"event_name":"Ghosts","floor":19,"gold_loss":0},{"damage_healed":0,"gold_gain":0,"player_choice":"Ignored","damage_taken":0,"max_hp_gain":0,"max_hp_loss":0,"event_name":"Vampires","floor":31,"gold_loss":0}],"is_beta":false,"boss_relics":[{"not_picked":["Black Star","Calling Bell"],"picked":"Runic Dome"}],"items_purged_floors":[5,20],"is_endless":false,"potions_floor_spawned":[1,3,12,16,21,28,29],"killed_by":"Automaton","ascension_level":20}}