{"host":"jz4ul6vrcxqkcr33","time":1613422490,"event":{"mods":["BaseMod","Minty Spire (QoL Compilation)","StSLib"],"gold_per_floor":[99,99,99,99,99,99,99,99,99,50,50,50,50,50,50,50,50,0,0,0,0,0,0,0,0,0,0,0],"floor_reached":27,"language":"ENG","playtime":1032,"items_purged":[],"score":410,"play_id":"e9eed079-7328-4849-9f0b-7b7489aab940","local_time":"20210215155450","is_ascension_mode":true,"campfire_choices":[{"floor":6.0,"key":"REST"},{"floor":8.0,"key":"REST"},{"data":"Gash","floor":13,"key":"SMITH"},{"data":"Gash","floor":15,"key":"SMITH"},{"floor":23,"key":"REST"}],"circlet_count":0,"master_deck":["AscendersBane","Strike_B+1","Strike_B","Strike_B","Strike_B","Defend_B","Defend_B","Defend_B","Defend_B","Zap","Dualcast+1","Streamline","Ball Lightning","Loop","Reboot","Gash+1","Melter","Gash+1","Sweeping Beam","Fission+1","Doom and Gloom+1","Streamline","Reprogram","Writhe","Auto Shields+1"],"relics":["Ectoplasm","MawBank","Du-Vu Doll","Shuriken","Art of War","SlaversCollar","Kunai","Ornamental Fan"],"acts_visited":["Exordium","TheCity"],"potions_floor_usage":[18,22,22],"damage_taken":[{"damage":8.0,"enemies":"Jaw Worm","floor":1.0,"turns":4.0},{"damage":1.0,"enemies":"Cultist","floor":2.0,"turns":3.0},{"damage":3.0,"enemies":"2 Louse","floor":4.0,"turns":2.0},{"damage":25.0,"enemies":"Lagavulin","floor":7.0,"turns":5.0},{"damage":6,"enemies":"Gremlin Nob","floor":11,"turns":3},{"damage":1,"enemies":"Exordium Thugs","floor":12,"turns":3},{"damage":5,"enemies":"3 Louse","floor":14,"turns":2},{"damage":0,"enemies":"Slime Boss","floor":16,"turns":7},{"damage":21,"enemies":"2 Thieves","floor":18,"turns":4},{"damage":15,"enemies":"3 Byrds","floor":20,"turns":4},{"damage":25,"enemies":"Snake Plant","floor":22,"turns":2},{"damage":23,"enemies":"Cultist and Chosen","floor":25,"turns":6},{"damage":29,"enemies":"Chosen and Byrds","floor":27,"turns":4}],"seed_played":"-6143873334861977633","potions_obtained":[{"floor":1.0,"key":"SteroidPotion"},{"floor":2.0,"key":"FearPotion"},{"floor":16,"key":"SkillPotion"},{"floor":18,"key":"LiquidBronze"},{"floor":20,"key":"Dexterity Potion"}],"is_trial":false,"path_per_floor":["M","M","?","M","?","R","E","R","T","$","E","M","R","M","R","B",null,"M","?","M","?","M","R","?","M","T","M"],"character_chosen":"DEFECT","items_purchased":["Gash"],"campfire_rested":3,"item_purchase_floors":[10],"current_hp_per_floor":[60,59,59,56,41,63,38,60,60,60,54,53,53,48,48,48,68,47,47,32,32,7,29,29,6,6,0,0],"gold":0,"neow_bonus":"BOSS_RELIC","is_daily":false,"chose_seed":false,"campfire_upgraded":2,"win_rate":0.0,"timestamp":1613422490,"path_taken":["M","M","?","?","?","R","E","R","T","?","E","M","R","M","R","BOSS","M","?","?","?","M","R","?","M","T","?"],"items_purchased_type":["Card"],"build_version":"2020-12-13","purchased_purges":0,"victory":false,"max_hp_per_floor":[75,75,75,75,75,75,75,75,75,75,75,75,75,75,75,75,75,75,75,75,75,75,75,75,75,75,75,75],"card_choices":[{"not_picked":["Hello World","Capacitor"],"picked":"Streamline","floor":1.0},{"not_picked":["Coolheaded","Stack"],"picked":"Ball Lightning","floor":2.0},{"not_picked":["Compile Driver","Turbo"],"picked":"Loop","floor":4.0},{"not_picked":["Tempest","Hologram"],"picked":"Reboot","floor":7.0},{"not_picked":["Sunder","Hologram"],"picked":"Melter","floor":11},{"not_picked":["Auto Shields","Loop"],"picked":"Gash","floor":12},{"not_picked":["Darkness","BootSequence"],"picked":"Sweeping Beam","floor":14},{"not_picked":["Creative AI","Machine Learning"],"picked":"Fission","floor":16},{"not_picked":["Sweeping Beam","Coolheaded"],"picked":"Doom and Gloom+1","floor":18},{"not_picked":["Coolheaded","Ball Lightning"],"picked":"Streamline","floor":20},{"not_picked":["Steam","BootSequence"],"picked":"Reprogram","floor":22},{"not_picked":["Capacitor+1","Cold Snap"],"picked":"Auto Shields+1","floor":25}],"player_experience":243389,"relics_obtained":[{"floor":7.0,"key":"Du-Vu Doll"},{"floor":9.0,"key":"Shuriken"},{"floor":11,"key":"Art of War"},{"floor":26,"key":"Ornamental Fan"}],"event_choices":[{"damage_healed":0.0,"max_hp_gain":0.0,"max_hp_loss":0.0,"gold_gain":0.0,"event_name":"WeMeetAgain","player_choice":"Gave Potion","floor":3.0,"gold_loss":0.0,"damage_taken":0.0,"relics_obtained":["MawBank"]},{"damage_healed":0.0,"max_hp_gain":0.0,"max_hp_loss":0.0,"gold_gain":0.0,"event_name":"Shining Light","player_choice":"Entered Light","floor":5.0,"gold_loss":0.0,"damage_taken":15.0,"cards_upgraded":["Dualcast","Strike_B"]},{"damage_healed":0,"gold_gain":0,"player_choice":"Upgraded","damage_taken":0,"max_hp_gain":0,"max_hp_loss":0,"event_name":"Upgrade Shrine","floor":19,"gold_loss":0,"cards_upgraded":["Fission"]},{"damage_healed":0,"gold_gain":0,"player_choice":"Opened","damage_taken":0,"relics_obtained":["Kunai"],"max_hp_gain":0,"max_hp_loss":0,"event_name":"The Mausoleum","floor":24,"gold_loss":0,"cards_obtained":["Writhe"]}],"is_beta":false,"boss_relics":[{"not_picked":["Sozu","Runic Dome"],"picked":"SlaversCollar"}],"items_purged_floors":[],"is_endless":false,"potions_floor_spawned":[1,2,16,18,20],"killed_by":"Chosen and Byrds","ascension_level":10}}