{"host":"bakf0s4odzu8z5xt","time":1613359406,"event":{"mods":["2.2 Compatiblity","BaseMod","Downfall","Friendly Minions","Minty Spire (QoL Compilation)","StSLib"],"gold_per_floor":[349,364,384,402,402,7,7,37,78,90,122,134,71,101,133,145,145,145],"floor_reached":16,"language":"ENG","playtime":957,"items_purged":["Slimebound:Strike_Slimebound"],"score":117,"play_id":"5d75b3c1-ee7f-4d60-98ef-b716fe39b0df","local_time":"20210214212326","is_ascension_mode":true,"campfire_choices":[{"data":"Slimebound:Tackle","floor":1,"key":"SMITH"},{"floor":10,"key":"REST"}],"circlet_count":0,"master_deck":["Slimebound:Strike_Slimebound","Slimebound:Strike_Slimebound","Slimebound:Tackle+1","Slimebound:Defend_Slimebound","Slimebound:Defend_Slimebound","Slimebound:Defend_Slimebound","Slimebound:Defend_Slimebound","Slimebound:Split","Slimebound:CorrosiveSpit","Slimebound:Chomp","Slimebound:Gluttony","Slimebound:SpikyOuterGoop","Slimebound:LeechingTouch","Slimebound:BestDefense","Slimebound:MegaLick","Slimebound:Grow","Slimebound:LeechingTouch","Slimebound:ForwardTackle","Slimebound:SlimeSlap"],"relics":["Slimebound:AbsorbEndCombat","Ornamental Fan","Nunchaku","MawBank","CaptainsWheel","Odd Mushroom","Slimebound:GreedOozeRelic"],"acts_visited":["Exordium"],"potions_floor_usage":[11,14,15],"damage_taken":[{"damage":1,"enemies":"Small Slimes","floor":2,"turns":5},{"damage":0,"enemies":"2 Louse","floor":3,"turns":2},{"damage":12,"enemies":"Jaw Worm","floor":4,"turns":4},{"damage":0,"enemies":"downfall:FleeingMerchant","floor":6,"turns":4},{"damage":2,"enemies":"3 Louse","floor":8,"turns":4},{"damage":36,"enemies":"Lagavulin","floor":9,"turns":8},{"damage":8,"enemies":"The Mushroom Lair","floor":11,"turns":4},{"damage":23,"enemies":"Lots of Slimes","floor":14,"turns":3},{"damage":6,"enemies":"downfall:LooterAlt","floor":15,"turns":2},{"damage":47,"enemies":"IC_STATUS_ARCHETYPE","floor":16,"turns":10}],"seed_played":"-4487629742345713348","potions_obtained":[{"floor":2,"key":"ColorlessPotion"},{"floor":8,"key":"DuplicationPotion"},{"floor":14,"key":"LiquidMemories"}],"is_trial":false,"path_per_floor":["R","M","M","M","?","$","T","M","E","R","?","?","?","M","M","B"],"character_chosen":"SLIMEBOUND","items_purchased":["Nunchaku","Slimebound:BestDefense","Slimebound:MegaLick"],"campfire_rested":1,"item_purchase_floors":[6,6,6],"current_hp_per_floor":[59,59,59,53,41,47,47,51,23,40,40,45,45,26,22,0,0,0],"gold":145,"neow_bonus":"TWO_FIFTY_GOLD","is_daily":false,"chose_seed":false,"campfire_upgraded":1,"win_rate":0.0,"timestamp":1613359406,"path_taken":["R","M","M","M","?","$","T","M","E","R","?","?","?","M","M","BOSS"],"items_purchased_type":["Relic","Card","Card"],"build_version":"2020-12-22","purchased_purges":1,"victory":false,"max_hp_per_floor":[59,59,59,59,59,59,59,59,59,59,59,64,64,64,64,64,64,64],"card_choices":[{"not_picked":["Slimebound:LeechEnergy","Slimebound:HauntingLick"],"picked":"Slimebound:Chomp","floor":2},{"not_picked":["Slimebound:SamplingLick","Slimebound:Schlurp"],"picked":"Slimebound:Gluttony","floor":3},{"not_picked":["Slimebound:SplitAcid","Slimebound:MegaLick"],"picked":"Slimebound:SpikyOuterGoop","floor":4},{"not_picked":["Slimebound:Prepare","Slimebound:MassRepurpose"],"picked":"Slimebound:LeechingTouch","floor":6},{"not_picked":["Slimebound:SplitAcid","Slimebound:SplitSpecialist","Slimebound:GoopTackle"],"picked":"SKIP","floor":8},{"not_picked":["Slimebound:Equalize","Slimebound:HungryTackle"],"picked":"Slimebound:Grow","floor":9},{"not_picked":["Slimebound:ServeAndProtect","Slimebound:Dissolve"],"picked":"Slimebound:LeechingTouch","floor":11},{"not_picked":["Slimebound:Dissolve","Slimebound:HauntingLick"],"picked":"Slimebound:ForwardTackle","floor":14},{"not_picked":["Slimebound:Prepare","Slimebound:Recollect"],"picked":"Slimebound:SlimeSlap","floor":15}],"player_experience":2203034,"relics_obtained":[{"floor":7,"key":"MawBank"},{"floor":9,"key":"CaptainsWheel"},{"floor":11,"key":"Odd Mushroom"}],"event_choices":[{"damage_healed":0,"gold_gain":0,"player_choice":"Success","damage_taken":12,"relics_obtained":["Ornamental Fan"],"max_hp_gain":0,"max_hp_loss":0,"event_name":"Scrap Ooze","floor":5,"gold_loss":0},{"damage_healed":0,"gold_gain":0,"player_choice":"Fought Mushrooms","damage_taken":0,"max_hp_gain":0,"max_hp_loss":0,"event_name":"Mushrooms","floor":11,"gold_loss":0},{"damage_healed":0,"gold_gain":0,"player_choice":"Donut","damage_taken":0,"max_hp_gain":5,"max_hp_loss":0,"event_name":"Big Fish","floor":12,"gold_loss":0}],"is_beta":false,"boss_relics":[],"items_purged_floors":[6],"is_endless":false,"potions_floor_spawned":[2,8,14],"killed_by":"IC_STATUS_ARCHETYPE","ascension_level":3}}