{"host":"9viy3memdfgcf4vy","time":1613424511,"event":{"mods":["BaseMod","Colored Map","Downfall","Minty Spire (QoL Compilation)","StSLib"],"gold_per_floor":[49,61,78,152,169,169,169,19,39,39,67,84,34,69,85,158,158,8,28,41,187,200,214,237,272,272,298,314,436,448,459,479,554,554,504,514,514,525,289,337,337,356,390,390,240,259,171,171,187,187,187,214,73,23,23,23],"floor_reached":57,"language":"ENG","playtime":4001,"items_purged":["Regret","downfall:Malfunctioning","Slimebound:CorrosiveSpit","Slimebound:Strike_Slimebound","Slimebound:Defend_Slimebound","Slimebound:SplitMire+1"],"score":2103,"play_id":"820cad8e-a491-457e-85e0-c29b06f468ed","local_time":"20210215232831","is_ascension_mode":true,"campfire_choices":[{"data":"Slimebound:OozeBath","floor":1,"key":"SMITH"},{"floor":8,"key":"RECALL"},{"data":"Slimebound:TongueLash","floor":13,"key":"SMITH"},{"data":"Slimebound:LevelUp","floor":18,"key":"SMITH"},{"data":"Slimebound:DuplicatedForm","floor":35,"key":"SMITH"},{"data":"Slimebound:SpikyOuterGoop","floor":45,"key":"SMITH"},{"data":"Slimebound:LeadByExample","floor":54,"key":"SMITH"}],"circlet_count":0,"master_deck":["AscendersBane","Slimebound:Split","Slimebound:OozeBath+1","Slimebound:SamplingLick","Slimebound:TongueLash+1","Slimebound:MegaLick","Slimebound:SamplingLick","Slimebound:FormOfPuddle","Slimebound:LeadByExample+1","Slimebound:Schlurp","Slimebound:MegaLick","Slimebound:ItLooksTasty+1","Slimebound:LevelUp+1","Slimebound:FlameTackle+1","Slimebound:Gluttony","Slimebound:HauntingLick","Slimebound:SpikyOuterGoop+1","Slimebound:LeechingTouch+1","Slimebound:LevelUp","Slimebound:Equalize+1","Slimebound:DuplicatedForm+1","Slimebound:GrowthPunch+1","Slimebound:TongueLash+1","Slimebound:Schlurp+1","expansioncontent:Chronoboost","Slimebound:MegaLick+1","Slimebound:Recycling","Slimebound:SlimeBarrage+1"],"relics":["Slimebound:AbsorbEndCombat","Slimebound:AggressiveSlimeRelic","Slimebound:MaxSlimesRelic","Slimebound:PotencyRelic","Slimebound:GreedOozeRelic","Old Coin","Anchor","Old Coin","Molten Egg 2","downfall:HeartBlessingBlue","downfall:ShatteredFragment","Boot","CaptainsWheel","Astrolabe","downfall:HeartBlessingRed","Old Coin","Juzu Bracelet","Bronze Scales","Lantern","Coffee Dripper","Membership Card","Slimebound:SlimedSkullRelic","Slimebound:MaxSlimesRelic","Mercury Hourglass","downfall:HeartBlessingGreen","Gremlin Horn"],"acts_visited":["Exordium","TheCity","TheBeyond","TheEnding"],"potions_floor_usage":[12,56,56],"damage_taken":[{"damage":7,"enemies":"Jaw Worm","floor":2,"turns":2},{"damage":2,"enemies":"Cultist","floor":3,"turns":3},{"damage":7,"enemies":"downfall:FleeingMerchant","floor":4,"turns":4},{"damage":0,"enemies":"Small Slimes","floor":5,"turns":2},{"damage":0,"enemies":"2 Fungi Beasts","floor":9,"turns":2},{"damage":0,"enemies":"Lagavulin","floor":11,"turns":4},{"damage":0,"enemies":"Lots of Slimes","floor":12,"turns":2},{"damage":3,"enemies":"3 Sentries","floor":14,"turns":4},{"damage":0,"enemies":"downfall:LooterAlt","floor":15,"turns":2},{"damage":0,"enemies":"SI_SHIV_ARCHETYPE","floor":16,"turns":5},{"damage":5,"enemies":"Shell Parasite","floor":19,"turns":2},{"damage":0,"enemies":"Spheric Guardian","floor":20,"turns":3},{"damage":3,"enemies":"downfall:FleeingMerchant","floor":21,"turns":4},{"damage":15,"enemies":"Shelled Parasite and Fungi","floor":22,"turns":3},{"damage":5,"enemies":"3 Cultists","floor":23,"turns":4},{"damage":5,"enemies":"Slavers","floor":25,"turns":4},{"damage":8,"enemies":"Book of Stabbing","floor":27,"turns":4},{"damage":0,"enemies":"Centurion and Healer","floor":28,"turns":4},{"damage":17,"enemies":"downfall:FleeingMerchant","floor":29,"turns":3},{"damage":3,"enemies":"Snake Plant","floor":30,"turns":2},{"damage":12,"enemies":"3 Cultists","floor":31,"turns":4},{"damage":3,"enemies":"Centurion and Healer","floor":32,"turns":3},{"damage":17,"enemies":"WA_ARCHETYPE_CALM","floor":33,"turns":7},{"damage":11,"enemies":"3 Darklings","floor":36,"turns":5},{"damage":0,"enemies":"Orb Walker","floor":38,"turns":2},{"damage":3,"enemies":"2 Orb Walkers","floor":40,"turns":4},{"damage":5,"enemies":"3 Darklings","floor":42,"turns":3},{"damage":23,"enemies":"Nemesis","floor":43,"turns":5},{"damage":15,"enemies":"Transient","floor":46,"turns":5},{"damage":29,"enemies":"Jaw Worm Horde","floor":49,"turns":3},{"damage":2,"enemies":"IC_BLOCK_ARCHETYPE","floor":50,"turns":8},{"damage":43,"enemies":"downfall:CharBossMerchant","floor":52,"turns":6},{"damage":15,"enemies":"downfall:NeowBoss","floor":55,"turns":11},{"damage":61,"enemies":"downfall:NeowBossFinal","floor":56,"turns":9}],"seed_played":"4748834597937935068","potions_obtained":[{"floor":3,"key":"Strength Potion"},{"floor":9,"key":"Explosive Potion"},{"floor":14,"key":"SteroidPotion"},{"floor":38,"key":"EntropicBrew"},{"floor":43,"key":"Dexterity Potion"}],"is_trial":false,"path_per_floor":["R","M","M","$","M","?","T","R","M","?","E","M","R","E","M","B",null,"R","M","M","$","M","M","T","E","?","E","M","$","M","M","M","B",null,"R","M","?","M","$","?","T","M","E","?","R","M","$","?","M","B",null,"E","$","R","B","B",null],"character_chosen":"SLIMEBOUND","items_purchased":["Anchor","Molten Egg 2","Slimebound:SpikyOuterGoop","Slimebound:Equalize+1","Membership Card","Slimebound:SlimeBarrage+1"],"campfire_rested":0,"item_purchase_floors":[4,4,21,29,39,53],"current_hp_per_floor":[53,50,52,49,53,53,53,63,65,47,51,51,51,56,58,66,68,68,67,69,68,54,57,57,60,60,60,68,54,55,51,68,52,65,65,60,60,69,69,69,69,64,52,52,52,69,69,69,69,69,69,43,43,43,69,10],"gold":23,"neow_bonus":"THREE_RARE_CARDS","is_daily":false,"chose_seed":false,"campfire_upgraded":6,"win_rate":0.0,"timestamp":1613424511,"path_taken":["R","M","M","$","M","?","T","R","?","?","E","M","R","E","M","BOSS","R","M","M","$","M","M","T","E","?","E","M","$","M","M","M","BOSS","R","M","?","M","$","?","T","M","E","?","R","M","$","?","M","BOSS","E","$","R","BOSS","BOSS"],"items_purchased_type":["Relic","Relic","Card","Card","Relic","Card"],"build_version":"2020-12-22","purchased_purges":6,"victory":true,"max_hp_per_floor":[59,59,59,59,59,59,59,69,69,69,69,69,69,69,69,69,69,69,69,69,69,69,69,69,69,69,69,69,69,69,69,69,69,69,69,69,69,69,69,69,69,69,69,69,69,69,69,69,69,69,69,69,69,69,69,69],"card_choices":[{"not_picked":["Slimebound:SelfFormingGoo","Slimebound:MassRepurpose"],"picked":"Slimebound:OozeBath","floor":0},{"not_picked":["Slimebound:Grow","Slimebound:BestDefense"],"picked":"Slimebound:SamplingLick","floor":2},{"not_picked":["Slimebound:SplitMire","Slimebound:Prepare"],"picked":"Slimebound:TongueLash","floor":3},{"not_picked":["Slimebound:Equalize","Slimebound:LeechEnergy"],"picked":"Slimebound:MegaLick","floor":4},{"not_picked":["Slimebound:RollThrough+1","Slimebound:SplitAcid"],"picked":"Slimebound:SamplingLick","floor":5},{"not_picked":["Slimebound:SplitBruiser","Slimebound:LeechingTouch+1"],"picked":"Slimebound:MegaLick","floor":9},{"not_picked":["Slimebound:FlameTackle+1","Slimebound:MinionMaster"],"picked":"Slimebound:ItLooksTasty+1","floor":11},{"not_picked":["Slimebound:SplitLeeching","Slimebound:SplitBruiser","Slimebound:FinishingTackle+1"],"picked":"SKIP","floor":12},{"not_picked":["Slimebound:RollThrough+1","Slimebound:SlimeSpikes"],"picked":"Slimebound:LevelUp","floor":14},{"not_picked":["Slimebound:FinishingTackle+1","Slimebound:CheckThePlaybook","Slimebound:DisruptingSlam+1"],"picked":"SKIP","floor":15},{"not_picked":["Slimebound:ItLooksTasty+1","Slimebound:Chomp+1","Slimebound:HungryTackle+1"],"picked":"SKIP","floor":19},{"not_picked":["Slimebound:AcidTongue","Slimebound:SplitSpecialist"],"picked":"Slimebound:Gluttony","floor":20},{"not_picked":["Slimebound:ForwardTackle+1","Slimebound:Grow"],"picked":"Slimebound:HauntingLick","floor":21},{"not_picked":["Slimebound:SplitBruiser","Slimebound:GoopTackle+1"],"picked":"Slimebound:LeechingTouch+1","floor":22},{"not_picked":["Slimebound:GoopTackle+1","Slimebound:SplitLeeching","Slimebound:Gluttony"],"picked":"SKIP","floor":23},{"not_picked":["Slimebound:SplitSpecialist","Slimebound:LeadByExample"],"picked":"Slimebound:LevelUp","floor":25},{"not_picked":["Slimebound:FinishingTackle+1","Slimebound:LeadByExample","Slimebound:LeechEnergy+1"],"picked":"SKIP","floor":27},{"not_picked":["Slimebound:GoopTackle+1","Slimebound:ForwardTackle+1","Slimebound:PressTheAttack+1"],"picked":"SKIP","floor":28},{"not_picked":["Slimebound:Schlurp","Slimebound:SplitAcid","Slimebound:DivideAndConquer+1"],"picked":"SKIP","floor":29},{"not_picked":["Slimebound:HungryTackle+1","Slimebound:Chomp+1","Slimebound:Replication"],"picked":"SKIP","floor":30},{"not_picked":["Slimebound:SplitLeeching","Slimebound:SamplingLick"],"picked":"Slimebound:DuplicatedForm","floor":31},{"not_picked":["Slimebound:SplitLeeching","Slimebound:ServeAndProtect","Slimebound:ForwardTackle+1"],"picked":"SKIP","floor":32},{"not_picked":["Slimebound:SamplingLick","Slimebound:SplitLeeching"],"picked":"Slimebound:GrowthPunch+1","floor":36},{"not_picked":["Slimebound:SlimeBrawl","Slimebound:SplitBruiser","Slimebound:ForwardTackle+1"],"picked":"SKIP","floor":38},{"not_picked":["Slimebound:BestDefense","Slimebound:SplitBruiser"],"picked":"Slimebound:Schlurp+1","floor":40},{"not_picked":["Slimebound:SplitAcid","Slimebound:RollThrough+1","Slimebound:Repurpose"],"picked":"SKIP","floor":42},{"not_picked":["Slimebound:GoopTackle+1","Slimebound:LeechEnergy+1","Slimebound:DivideAndConquer+1"],"picked":"SKIP","floor":43},{"not_picked":["expansioncontent:Hexaburn","expansioncontent:PolyBeam"],"picked":"expansioncontent:Chronoboost","floor":44},{"not_picked":["Slimebound:SplitBruiser+1","Slimebound:Prepare"],"picked":"Slimebound:MegaLick+1","floor":46},{"not_picked":["Slimebound:GoopSpray","Slimebound:Equalize+1","Slimebound:CheckThePlaybook"],"picked":"SKIP","floor":49},{"not_picked":["Slimebound:Repurpose","Slimebound:Equalize+1"],"picked":"Slimebound:Recycling","floor":52}],"player_experience":542784,"relics_obtained":[{"floor":11,"key":"Boot"},{"floor":14,"key":"CaptainsWheel"},{"floor":24,"key":"Juzu Bracelet"},{"floor":25,"key":"Bronze Scales"},{"floor":27,"key":"Lantern"},{"floor":40,"key":"Slimebound:SlimedSkullRelic"},{"floor":41,"key":"Slimebound:MaxSlimesRelic"},{"floor":43,"key":"Mercury Hourglass"},{"floor":52,"key":"Gremlin Horn"}],"event_choices":[{"damage_healed":0,"gold_gain":0,"player_choice":"Fight","damage_taken":0,"max_hp_gain":0,"max_hp_loss":0,"event_name":"Mysterious Sphere","floor":40,"gold_loss":0}],"is_beta":false,"boss_relics":[{"not_picked":["Busted Crown","Fusion Hammer"],"picked":"Astrolabe"},{"not_picked":["SacredBark","Calling Bell"],"picked":"Coffee Dripper"}],"items_purged_floors":[4,21,29,39,47,53],"is_endless":false,"potions_floor_spawned":[3,9,11,14,15,19,25,27,31,32,33,38,43],"ascension_level":16}}