{"host":"6vtgmkkqqeew181q","time":1613356457,"event":{"mods":["100% Spire Juice","BaseMod","Bestiary","Downfall","Faster Ascension Climbing","Hermit","Highlight Path","Minty Spire (QoL Compilation)","Reliquary","Spire Arcade","StSLib","The Jungle"],"gold_per_floor":[119,119,119,135,153,153,186,186,186,186,217,217,237,250,250,250,250],"floor_reached":16,"language":"ENG","playtime":1149,"items_purged":[],"score":110,"play_id":"40e6e914-32cd-4ab4-86f0-5d747d8f940d","local_time":"20210214183417","is_ascension_mode":false,"campfire_choices":[{"data":"hermit:Headshot","floor":6.0,"key":"SMITH"},{"data":"Blind","floor":10.0,"key":"SMITH"},{"data":"hermit:RoundhouseKick","floor":12.0,"key":"SMITH"},{"data":"hermit:WideOpen","floor":15,"key":"SMITH"}],"circlet_count":0,"master_deck":["hermit:Strike_Hermit","hermit:Strike_Hermit","hermit:Strike_Hermit","hermit:Strike_Hermit","hermit:Defend_Hermit","hermit:Defend_Hermit","hermit:Defend_Hermit","hermit:Defend_Hermit","hermit:Snapshot","hermit:Covet","hermit:Headshot+1","Blind+1","hermit:Magnum","hermit:Vantage","hermit:BigShot","hermit:RoundhouseKick+1","hermit:ShadowCloak","hermit:WideOpen+1"],"relics":["hermit:Momento","reliquary:QuartzCube","reliquary:WeakTea","WingedGreaves","Singing Bowl"],"acts_visited":["Exordium"],"potions_floor_usage":[16],"damage_taken":[{"damage":0.0,"enemies":"2 Louse","floor":1.0,"turns":3.0},{"damage":0.0,"enemies":"Cultist","floor":4.0,"turns":3.0},{"damage":0.0,"enemies":"Small Slimes","floor":5.0,"turns":3.0},{"damage":14.0,"enemies":"Lagavulin","floor":7.0,"turns":5.0},{"damage":4.0,"enemies":"3 Sentries","floor":11.0,"turns":5.0},{"damage":4,"enemies":"2 Fungi Beasts","floor":13,"turns":2},{"damage":0,"enemies":"3 Louse","floor":14,"turns":4},{"damage":55,"enemies":"Slime Boss","floor":16,"turns":8}],"seed_played":"-206892759400792997","potions_obtained":[{"floor":4.0,"key":"Strength Potion"},{"floor":5.0,"key":"Dexterity Potion"},{"floor":7.0,"key":"Block Potion"}],"is_trial":false,"path_per_floor":["M","?","$","M","M","R","E","?","T","R","E","R","M","M","R","B"],"character_chosen":"HERMIT","items_purchased":[],"campfire_rested":0,"item_purchase_floors":[],"current_hp_per_floor":[82,82,82,82,82,82,68,61,61,61,59,59,55,55,55,0,0],"gold":250,"neow_bonus":"TEN_PERCENT_HP_BONUS","is_daily":false,"chose_seed":false,"campfire_upgraded":4,"win_rate":0.0,"timestamp":1613356457,"path_taken":["M","?","$","M","?","R","E","?","T","R","E","R","M","M","R","BOSS"],"items_purchased_type":[],"build_version":"2020-12-22","purchased_purges":0,"victory":false,"max_hp_per_floor":[82,82,82,82,82,82,82,82,82,82,84,84,84,84,84,84,84],"card_choices":[{"not_picked":["hermit:Vantage","hermit:TrackingShot"],"picked":"hermit:Headshot","floor":1.0},{"not_picked":["hermit:Determination","hermit:BodyArmor"],"picked":"hermit:Vantage","floor":4.0},{"not_picked":["hermit:Glare","hermit:DeadMansHand"],"picked":"hermit:BigShot","floor":5.0},{"not_picked":["hermit:Manifest","hermit:TakeCover"],"picked":"hermit:RoundhouseKick","floor":7.0},{"not_picked":["hermit:ItchyTrigger","hermit:FullyLoaded","hermit:Maintenance"],"picked":"Singing Bowl","floor":11.0},{"not_picked":["hermit:Headshot","hermit:NoHoldsBarred"],"picked":"hermit:ShadowCloak","floor":13},{"not_picked":["hermit:ShadowCloak","hermit:Maintenance"],"picked":"hermit:WideOpen","floor":14}],"player_experience":640781,"relics_obtained":[{"floor":7.0,"key":"reliquary:QuartzCube"},{"floor":9.0,"key":"WingedGreaves"},{"floor":11.0,"key":"Singing Bowl"}],"event_choices":[{"damage_healed":0.0,"max_hp_gain":0.0,"max_hp_loss":0.0,"gold_gain":0.0,"event_name":"Match and Keep!","player_choice":"2 cards matched","floor":2.0,"gold_loss":0.0,"damage_taken":0.0,"cards_obtained":["Blind","hermit:Magnum"]},{"damage_healed":0.0,"max_hp_gain":0.0,"max_hp_loss":0.0,"gold_gain":0.0,"event_name":"Scrap Ooze","player_choice":"Success","floor":8.0,"gold_loss":0.0,"damage_taken":7.0,"relics_obtained":["reliquary:WeakTea"]}],"is_beta":false,"boss_relics":[],"items_purged_floors":[],"is_endless":false,"potions_floor_spawned":[4,5,7],"killed_by":"Slime Boss","ascension_level":0}}