{"host":"2no1vwhhkhf0ohz3","time":1613388699,"event":{"mods":["AchievementEnabler","BaseMod","Colored Map","DeckTracker","Keyboard Shortcuts","Minty Spire (QoL Compilation)","SuperFastMode"],"gold_per_floor":[16,16,16,36,56,56,75,75,75,114,114,142,217,244,244,244,244],"floor_reached":16,"language":"KOR","playtime":307,"items_purged":[],"score":184,"play_id":"7f470374-b75a-4937-9a76-5b84da23c5da","local_time":"20210215203139","is_ascension_mode":true,"campfire_choices":[{"data":"Phantasmal Killer","floor":6,"key":"SMITH"},{"data":"Blade Dance","floor":8,"key":"SMITH"},{"data":"Finisher","floor":11,"key":"SMITH"},{"floor":15,"key":"REST"}],"circlet_count":0,"master_deck":["Strike_G","Strike_G","Strike_G","Strike_G","Strike_G","Defend_G","Defend_G","Defend_G","Defend_G","Defend_G","Survivor","Neutralize","Phantasmal Killer+1","Cloak And Dagger+1","Finisher+1","Dagger Throw","Blade Dance+1","Infinite Blades","Acrobatics","Infinite Blades"],"relics":["Ring of the Snake","CeramicFish","Question Card"],"acts_visited":["Exordium"],"potions_floor_usage":[10,16,16,16],"damage_taken":[{"damage":0,"enemies":"Jaw Worm","floor":1,"turns":4},{"damage":1,"enemies":"Small Slimes","floor":4,"turns":4},{"damage":2,"enemies":"2 Louse","floor":5,"turns":3},{"damage":14,"enemies":"Lots of Slimes","floor":7,"turns":3},{"damage":0,"enemies":"3 Sentries","floor":10,"turns":2},{"damage":5,"enemies":"2 Fungi Beasts","floor":12,"turns":2},{"damage":11,"enemies":"3 Louse","floor":14,"turns":2},{"damage":40,"enemies":"The Guardian","floor":16,"turns":8}],"seed_played":"-3132327304016789469","potions_obtained":[{"floor":4,"key":"DistilledChaos"},{"floor":5,"key":"Swift Potion"},{"floor":10,"key":"SteroidPotion"},{"floor":14,"key":"PowerPotion"}],"is_trial":false,"path_per_floor":["M","$","?","M","M","R","M","R","T","E","R","M","?","M","R","B"],"character_chosen":"THE_SILENT","items_purchased":[],"campfire_rested":1,"item_purchase_floors":[],"current_hp_per_floor":[63,63,63,62,60,60,46,46,46,46,46,41,30,19,40,0,0],"gold":244,"neow_bonus":"THREE_RARE_CARDS","is_daily":false,"chose_seed":false,"campfire_upgraded":3,"win_rate":0.0,"timestamp":1613388699,"path_taken":["M","$","?","M","M","R","M","R","T","E","R","M","?","M","R","BOSS"],"items_purchased_type":[],"build_version":"2020-12-22","purchased_purges":0,"victory":false,"max_hp_per_floor":[70,70,70,70,70,70,70,70,70,70,70,70,70,70,70,70,70],"card_choices":[{"not_picked":["Malaise","A Thousand Cuts"],"picked":"Phantasmal Killer","floor":0},{"not_picked":["Endless Agony","Escape Plan"],"picked":"Cloak And Dagger","floor":1},{"not_picked":["Prepared","Concentrate"],"picked":"Finisher","floor":4},{"not_picked":["Riddle With Holes","PiercingWail"],"picked":"Dagger Throw","floor":5},{"not_picked":["Prepared","Flying Knee"],"picked":"Blade Dance","floor":7},{"not_picked":["Wraith Form v2","Deflect"],"picked":"Infinite Blades","floor":10},{"not_picked":["Dagger Throw","Sucker Punch","Bane"],"picked":"Acrobatics","floor":12},{"not_picked":["Bane","Outmaneuver","Distraction"],"picked":"Infinite Blades","floor":14}],"player_experience":304708,"relics_obtained":[{"floor":9,"key":"CeramicFish"},{"floor":10,"key":"Question Card"}],"event_choices":[{"damage_healed":0,"gold_gain":0,"player_choice":"Grow","damage_taken":0,"max_hp_gain":0,"max_hp_loss":0,"event_name":"Living Wall","floor":3,"gold_loss":0,"cards_upgraded":["Cloak And Dagger"]},{"damage_healed":0,"gold_gain":75,"player_choice":"Gather Gold","damage_taken":11,"max_hp_gain":0,"max_hp_loss":0,"event_name":"World of Goop","floor":13,"gold_loss":0}],"is_beta":false,"boss_relics":[],"items_purged_floors":[],"is_endless":false,"potions_floor_spawned":[4,5,10,14],"killed_by":"The Guardian","ascension_level":9}}