{"host":"syfsfjmzue8y1a6l","time":1613399394,"event":{"mods":["AchievementEnabler","BaseMod","Colored Map","DeckTracker","Minty Spire (QoL Compilation)","SuperFastMode"],"gold_per_floor":[110,120,139,139,149,149,169,169,169,169,181,210,210,225,243,257,257,353,353,364,380,226,239,256,256,256],"floor_reached":25,"language":"KOR","playtime":1299,"items_purged":["Defend_B"],"score":211,"play_id":"d344600a-9d91-4bc4-a99b-684a82722d7d","local_time":"20210215232954","is_ascension_mode":false,"campfire_choices":[{"data":"Dualcast","floor":9,"key":"SMITH"},{"data":"Chill","floor":17,"key":"SMITH"}],"circlet_count":0,"master_deck":["Strike_B","Strike_B","Strike_B","Strike_B","Defend_B","Defend_B","Defend_B","Zap","Dualcast+1","Coolheaded","Redo+1","Capacitor","Ball Lightning","Decay","FTL","Chill+1","Ball Lightning","BootSequence","Multi-Cast","Rebound+1","Hologram+1","Loop","Cold Snap"],"relics":["Cracked Core","Cables","FossilizedHelix","Philosopher\u0027s Stone"],"acts_visited":["Exordium","TheCity"],"potions_floor_usage":[11,12,12,12,18,20,21,24,25],"damage_taken":[{"damage":5,"enemies":"Small Slimes","floor":1,"turns":3},{"damage":0,"enemies":"Cultist","floor":2,"turns":3},{"damage":2,"enemies":"2 Louse","floor":3,"turns":3},{"damage":3,"enemies":"Large Slime","floor":5,"turns":6},{"damage":4,"enemies":"Red Slaver","floor":7,"turns":3},{"damage":3,"enemies":"2 Fungi Beasts","floor":11,"turns":3},{"damage":16,"enemies":"3 Sentries","floor":12,"turns":6},{"damage":0,"enemies":"Looter","floor":14,"turns":2},{"damage":0,"enemies":"3 Louse","floor":15,"turns":2},{"damage":0,"enemies":"Exordium Wildlife","floor":16,"turns":3},{"damage":31,"enemies":"Hexaghost","floor":18,"turns":9},{"damage":16,"enemies":"3 Byrds","floor":20,"turns":4},{"damage":14,"enemies":"Spheric Guardian","floor":21,"turns":4},{"damage":23,"enemies":"Snecko","floor":23,"turns":6},{"damage":0,"enemies":"Snake Plant","floor":24,"turns":4},{"damage":30,"enemies":"Gremlin Leader","floor":25,"turns":4}],"seed_played":"-6364184806799596336","potions_obtained":[{"floor":2,"key":"EssenceOfDarkness"},{"floor":5,"key":"ColorlessPotion"},{"floor":7,"key":"EntropicBrew"},{"floor":15,"key":"FearPotion"},{"floor":18,"key":"Explosive Potion"},{"floor":20,"key":"PotionOfCapacity"},{"floor":21,"key":"Strength Potion"}],"is_trial":false,"path_per_floor":["M","M","M","?","M","M","M","?","R","T","M","E","E","M","M","M","R","B",null,"M","M","$","M","M","E"],"character_chosen":"DEFECT","items_purchased":["Loop"],"campfire_rested":0,"item_purchase_floors":[22],"current_hp_per_floor":[77,77,75,75,72,72,68,68,68,68,65,63,63,63,63,63,63,32,82,66,52,52,29,29,0,0],"gold":256,"neow_bonus":"TEN_PERCENT_HP_BONUS","is_daily":false,"chose_seed":false,"campfire_upgraded":2,"win_rate":0.0,"timestamp":1613399394,"path_taken":["M","M","M","?","M","M","M","?","R","T","?","E","E","M","M","M","R","BOSS","M","M","$","M","M","E"],"items_purchased_type":["Card"],"build_version":"2020-12-22","purchased_purges":1,"victory":false,"max_hp_per_floor":[82,82,82,82,82,82,82,82,82,82,82,82,82,82,82,82,82,82,82,82,82,82,82,82,82,82],"card_choices":[{"not_picked":["Leap","Go for the Eyes"],"picked":"Coolheaded","floor":1},{"not_picked":["Redo","Leap","Stack"],"picked":"SKIP","floor":2},{"not_picked":["Stack","Tempest"],"picked":"Redo","floor":3},{"not_picked":["Hello World","Chaos"],"picked":"Capacitor","floor":5},{"not_picked":["Consume","Doom and Gloom"],"picked":"Ball Lightning","floor":7},{"not_picked":["Scrape","Reinforced Body","Redo"],"picked":"SKIP","floor":11},{"not_picked":["Reinforced Body","Undo"],"picked":"FTL","floor":12},{"not_picked":["White Noise","FTL"],"picked":"Chill","floor":14},{"not_picked":["Streamline","Sweeping Beam"],"picked":"Ball Lightning","floor":15},{"not_picked":["Coolheaded","Barrage"],"picked":"BootSequence","floor":16},{"not_picked":["Rainbow","Meteor Strike"],"picked":"Multi-Cast","floor":18},{"not_picked":["Streamline","Darkness"],"picked":"Rebound+1","floor":20},{"not_picked":["Sweeping Beam+1","Blizzard"],"picked":"Hologram+1","floor":21},{"not_picked":["Steam","Reinforced Body","Stack+1"],"picked":"SKIP","floor":23},{"not_picked":["Compile Driver","Redo"],"picked":"Cold Snap","floor":24}],"player_experience":67619,"relics_obtained":[{"floor":10,"key":"Cables"},{"floor":12,"key":"FossilizedHelix"}],"event_choices":[{"damage_healed":0,"gold_gain":0,"player_choice":"Grow","damage_taken":0,"max_hp_gain":0,"max_hp_loss":0,"event_name":"Living Wall","floor":4,"gold_loss":0,"cards_upgraded":["Redo"]},{"damage_healed":0,"gold_gain":0,"player_choice":"Cursed","damage_taken":0,"max_hp_gain":0,"max_hp_loss":0,"event_name":"Wheel of Change","floor":8,"gold_loss":0,"cards_obtained":["Decay"]}],"is_beta":false,"boss_relics":[{"not_picked":["Calling Bell","Velvet Choker"],"picked":"Philosopher\u0027s Stone"}],"items_purged_floors":[22],"is_endless":false,"potions_floor_spawned":[2,5,7,15,18,20,21],"killed_by":"Gremlin Leader","ascension_level":0}}