{"host":"w7pthw6r6331n954","time":1613417714,"event":{"mods":["AchievementEnabler","Act Like it!","BaseMod","BetterRewards","Colored Map","Colored Powertips","Custom Start","Downfall","Hallownest","Hermit","Jorbs\u0027s Wanderer Trilogy","Minty Spire (QoL Compilation)","Replay The Spire","Shop Mod","StSLib","SuperFastMode"],"gold_per_floor":[109,183,183,183,199,199,229,243,243,243,269,269,269,269,269,368,368,388,388,303,378,395,395,405,430,430,430,430,430,430,127,127,231,231,245,259,259,259],"floor_reached":37,"language":"ENG","playtime":2953,"items_purged":[],"score":714,"play_id":"e300478d-5c45-4b52-8c3b-95f96e6ce7c7","local_time":"20210215143514","is_ascension_mode":true,"campfire_choices":[{"floor":6,"key":"REST"},{"floor":10,"key":"REST"},{"floor":12,"key":"RECALL"},{"data":"Seek","floor":15,"key":"SMITH"},{"floor":23,"key":"REST"},{"floor":30,"key":"REST"},{"floor":32,"key":"REST"}],"circlet_count":0,"master_deck":["Strike_B+1","Strike_B+1","Strike_B+1","Defend_B+1","Defend_B+1","Defend_B+1","Defend_B+1","Zap","Dualcast","Beam Cell","Beam Cell","Redo","Steam","Genetic Algorithm","Sweeping Beam","Doom and Gloom","Sunder","Go for the Eyes","Panic Button+1","Seek+1","White Noise","White Noise","BootSequence","Machine Learning","Crystallizer+1","Beam Cell+1","White Noise","Double Energy","FTL+1","Fission","FTL+1","Ball Lightning+1"],"relics":["Cracked Core","MerchantsRug","Durian","Orrery","Emotion Chip","Blood Vial","Mango","Replay:Bottled Flurry","SacredBark","Peace Pipe","Smiling Mask","Potion Belt","Meat on the Bone","SlaversCollar"],"acts_visited":["Exordium","TheCity","TheBeyond"],"potions_floor_usage":[11,11,11,14,18,33,37],"damage_taken":[{"damage":1,"enemies":"2 Louse","floor":1,"turns":2},{"damage":0,"enemies":"Small Slimes","floor":5,"turns":2},{"damage":34,"enemies":"3 Sentries","floor":7,"turns":6},{"damage":7,"enemies":"Jaw Worm","floor":8,"turns":2},{"damage":7,"enemies":"Lagavulin","floor":11,"turns":5},{"damage":0,"enemies":"Gremlin Nob","floor":14,"turns":1},{"damage":15,"enemies":"Fading Forest","floor":16,"turns":11},{"damage":14,"enemies":"Chosen","floor":18,"turns":6},{"damage":10,"enemies":"Spheric Guardian","floor":22,"turns":4},{"damage":28,"enemies":"3 Cultists","floor":24,"turns":5},{"damage":38,"enemies":"Book of Stabbing","floor":25,"turns":4},{"damage":69,"enemies":"Champ","floor":33,"turns":9},{"damage":35,"enemies":"3 Darklings","floor":35,"turns":4},{"damage":43,"enemies":"3 Shapes","floor":36,"turns":4},{"damage":29,"enemies":"Jaw Worm Horde","floor":37,"turns":2}],"seed_played":"216735275345707348","potions_obtained":[{"floor":1,"key":"Milkshake"},{"floor":8,"key":"ColorlessPotion"},{"floor":25,"key":"PotionOfCapacity"},{"floor":33,"key":"DuplicationPotion"},{"floor":36,"key":"Fire Potion"}],"is_trial":false,"path_per_floor":["M","?","?","?","M","R","E","M","T","R","E","R","?","E","R","B",null,"M","?","?","?","M","R","M","E","T","?","?","T","R","$","R","B",null,"M","M","M"],"character_chosen":"DEFECT","items_purchased":["MerchantsRug","Durian","Beam Cell","Orrery","Sunder","Meat on the Bone","FTL+1"],"campfire_rested":5,"item_purchase_floors":[0,0,0,0,0,31,31],"current_hp_per_floor":[52,52,49,49,49,73,39,34,48,76,71,71,71,73,73,60,86,74,74,74,65,57,85,59,23,23,23,23,23,51,51,79,24,77,56,27,0,0],"gold":259,"neow_bonus":"","is_daily":false,"chose_seed":false,"campfire_upgraded":1,"win_rate":0.0,"timestamp":1613417714,"path_taken":["M","?","?","?","M","R","E","M","T","R","E","R","?","E","R","BOSS","M","?","?","?","M","R","?","E","T","?","?","?","R","$","R","BOSS","M","M","M"],"items_purchased_type":["Relic","Relic","Card","Relic","Card","Relic","Card"],"build_version":"2020-12-22","purchased_purges":0,"victory":false,"max_hp_per_floor":[80,80,80,80,80,80,80,80,94,94,94,94,94,94,94,94,94,94,94,94,94,94,94,94,94,94,94,94,94,94,94,94,94,94,94,94,94,94],"card_choices":[{"not_picked":["Recycle","BasicCrystalCard"],"picked":"Redo","floor":0},{"not_picked":["BasicCrystalCard","Sweeping Beam"],"picked":"Steam","floor":0},{"not_picked":["Compile Driver","BasicCrystalCard"],"picked":"Genetic Algorithm","floor":0},{"not_picked":["Hologram","Redo"],"picked":"Sweeping Beam","floor":0},{"not_picked":["Turbo","BasicCrystalCard"],"picked":"Doom and Gloom","floor":0},{"not_picked":["Steam","Cold Snap"],"picked":"Go for the Eyes","floor":1},{"not_picked":["Steam","BasicCrystalCard"],"picked":"Seek","floor":5},{"not_picked":["Streamline","Barrage"],"picked":"White Noise","floor":7},{"not_picked":["Ball Lightning","Tempest"],"picked":"White Noise","floor":8},{"not_picked":["Stack","Chill"],"picked":"BootSequence","floor":11},{"not_picked":["Multi-Cast","Hyperbeam"],"picked":"Machine Learning","floor":16},{"not_picked":["Streamline","BasicCrystalCard"],"picked":"Crystallizer+1","floor":18},{"not_picked":["Cold Snap","BasicCrystalCard+1"],"picked":"Beam Cell+1","floor":22},{"not_picked":["Rebound+1","Coolheaded"],"picked":"White Noise","floor":24},{"not_picked":["Machine Learning","Barrage"],"picked":"Double Energy","floor":25},{"not_picked":["ReplayTheSpireMod:Omega Cannon","Thunder Strike"],"picked":"Fission","floor":33},{"not_picked":["Steam+1","Panic Button+1"],"picked":"FTL+1","floor":35},{"not_picked":["Steam+1","Go for the Eyes"],"picked":"Ball Lightning+1","floor":36}],"player_experience":1272770,"relics_obtained":[{"floor":7,"key":"Blood Vial"},{"floor":9,"key":"Mango"},{"floor":11,"key":"Replay:Bottled Flurry"},{"floor":25,"key":"Smiling Mask"},{"floor":29,"key":"Potion Belt"}],"event_choices":[{"damage_healed":0,"gold_gain":74,"player_choice":"Gained Gold","damage_taken":0,"max_hp_gain":0,"max_hp_loss":0,"event_name":"Golden Wing","floor":2,"gold_loss":0},{"damage_healed":0,"gold_gain":0,"player_choice":"Success","damage_taken":3,"relics_obtained":["Emotion Chip"],"max_hp_gain":0,"max_hp_loss":0,"event_name":"Scrap Ooze","floor":3,"gold_loss":0},{"damage_healed":0,"gold_gain":0,"player_choice":"Ignored","damage_taken":0,"max_hp_gain":0,"max_hp_loss":0,"event_name":"Ghosts","floor":19,"gold_loss":0},{"damage_healed":0,"gold_gain":0,"player_choice":"Obtained Relic","damage_taken":0,"relics_obtained":["Peace Pipe"],"max_hp_gain":0,"max_hp_loss":0,"event_name":"Addict","floor":20,"gold_loss":85},{"damage_healed":0,"gold_gain":75,"player_choice":"Touch","damage_taken":9,"max_hp_gain":0,"max_hp_loss":0,"event_name":"FaceTrader","floor":21,"gold_loss":0},{"damage_healed":0,"gold_gain":0,"player_choice":"Ignored","damage_taken":0,"max_hp_gain":0,"max_hp_loss":0,"event_name":"Beggar","floor":27,"gold_loss":0},{"damage_healed":0,"gold_gain":0,"player_choice":"Simplicity","damage_taken":0,"max_hp_gain":0,"max_hp_loss":0,"event_name":"Back to Basics","floor":28,"gold_loss":0,"cards_upgraded":["Strike_B","Strike_B","Strike_B","Defend_B","Defend_B","Defend_B","Defend_B"]}],"is_beta":false,"boss_relics":[{"not_picked":["Kintsugi","Inserter"],"picked":"SacredBark"},{"not_picked":["Replay:Bronze Core","Cursed Key"],"picked":"SlaversCollar"}],"items_purged_floors":[],"is_endless":false,"potions_floor_spawned":[1,8,14,25,33,36],"killed_by":"Jaw Worm Horde","ascension_level":5}}