{"host":"or8fr2mp0k3eluj8","time":1613386593,"event":{"mods":["AchievementEnabler","BaseMod","Colored Map","DeckTracker","Minty Spire (QoL Compilation)","SuperFastMode"],"gold_per_floor":[109,184,184,359,378,378,152,52,76,92,130,130,130,70,70,184,184,195,195,211,222,237,266,266,278,278,278,278],"floor_reached":27,"language":"KOR","playtime":758,"items_purged":["Doubt","Strike_P"],"score":306,"play_id":"c29c4e3f-5e43-44c7-a7d1-62eb66e494bf","local_time":"20210215195633","is_ascension_mode":false,"campfire_choices":[{"data":"Eruption","floor":6,"key":"SMITH"},{"floor":13,"key":"REST"},{"data":"Vault","floor":15,"key":"SMITH"},{"floor":24,"key":"REST"}],"circlet_count":0,"master_deck":["Strike_P+1","Strike_P+1","Defend_P+1","Defend_P+1","Eruption+1","Vigilance+1","LikeWater+1","Pray+1","LessonLearned+1","Wallop+1","Vault+1","CrushJoints+1","Worship+1","Adaptation","Devotion+1"],"relics":["Astrolabe","Potion Belt","CeramicFish","Singing Bowl","Runic Dome","Anchor","TeardropLocket"],"acts_visited":["Exordium","TheCity"],"potions_floor_usage":[16,21],"damage_taken":[{"damage":0,"enemies":"Small Slimes","floor":1,"turns":3},{"damage":0,"enemies":"2 Louse","floor":5,"turns":2},{"damage":0,"enemies":"Jaw Worm","floor":10,"turns":4},{"damage":28,"enemies":"3 Sentries","floor":11,"turns":8},{"damage":0,"enemies":"Slime Boss","floor":16,"turns":6},{"damage":0,"enemies":"Spheric Guardian","floor":18,"turns":4},{"damage":8,"enemies":"2 Thieves","floor":20,"turns":4},{"damage":8,"enemies":"Chosen and Byrds","floor":21,"turns":4},{"damage":18,"enemies":"Snake Plant","floor":22,"turns":4},{"damage":27,"enemies":"Gremlin Leader","floor":23,"turns":6},{"damage":22,"enemies":"Snecko","floor":25,"turns":5},{"damage":54,"enemies":"Shelled Parasite and Fungi","floor":27,"turns":3}],"seed_played":"7066062803086857547","potions_obtained":[{"floor":10,"key":"BlessingOfTheForge"},{"floor":11,"key":"DistilledChaos"},{"floor":16,"key":"CultistPotion"},{"floor":20,"key":"Dexterity Potion"},{"floor":21,"key":"Fruit Juice"},{"floor":22,"key":"Weak Potion"}],"is_trial":false,"path_per_floor":["M","?","?","?","M","R","$","$","T","M","E","T","R","$","R","B",null,"M","?","M","M","M","E","R","M","T","M"],"character_chosen":"WATCHER","items_purchased":["Vault","Adaptation"],"campfire_rested":2,"item_purchase_floors":[7,14],"current_hp_per_floor":[72,61,47,47,47,47,47,47,47,47,19,19,40,40,40,40,72,74,74,68,67,51,26,52,32,32,0,0],"gold":278,"neow_bonus":"BOSS_RELIC","is_daily":false,"chose_seed":false,"campfire_upgraded":2,"win_rate":0.0,"timestamp":1613386593,"path_taken":["M","?","?","?","M","R","?","$","T","?","E","?","R","$","R","BOSS","M","?","M","M","M","E","R","M","T","?"],"items_purchased_type":["Card","Card"],"build_version":"2020-12-22","purchased_purges":2,"victory":false,"max_hp_per_floor":[72,72,72,72,72,72,72,72,72,72,72,72,72,72,72,72,72,74,74,76,83,85,87,87,89,89,89,89],"card_choices":[{"not_picked":["ClearTheMind","Halt"],"picked":"Wallop","floor":1},{"not_picked":["Evaluate","Study","JustLucky"],"picked":"SKIP","floor":5},{"not_picked":["Crescendo","Halt"],"picked":"CrushJoints","floor":10},{"not_picked":["LessonLearned","Meditate"],"picked":"Worship","floor":11},{"not_picked":["Ragnarok","Blasphemy"],"picked":"Devotion","floor":16},{"not_picked":["ThirdEye","Halt+1","TalkToTheHand"],"picked":"Singing Bowl","floor":18},{"not_picked":["FollowUp","FlurryOfBlows","BowlingBash+1"],"picked":"Singing Bowl","floor":20},{"not_picked":["SashWhip","EmptyBody","Adaptation"],"picked":"Singing Bowl","floor":21},{"not_picked":["MentalFortress","EmptyBody","LikeWater"],"picked":"Singing Bowl","floor":22},{"not_picked":["ReachHeaven","ClearTheMind","Vault"],"picked":"Singing Bowl","floor":23},{"not_picked":["FlyingSleeves","SashWhip","Adaptation"],"picked":"Singing Bowl","floor":25}],"player_experience":332730,"relics_obtained":[{"floor":9,"key":"Potion Belt"},{"floor":11,"key":"CeramicFish"},{"floor":12,"key":"Singing Bowl"},{"floor":23,"key":"Anchor"},{"floor":26,"key":"TeardropLocket"}],"event_choices":[{"damage_healed":0,"gold_gain":75,"player_choice":"Gather Gold","damage_taken":11,"max_hp_gain":0,"max_hp_loss":0,"event_name":"World of Goop","floor":2,"gold_loss":0},{"damage_healed":0,"gold_gain":0,"player_choice":"Entered Light","damage_taken":14,"max_hp_gain":0,"max_hp_loss":0,"event_name":"Shining Light","floor":3,"gold_loss":0,"cards_upgraded":["Vigilance","Wallop"]},{"damage_healed":0,"gold_gain":175,"player_choice":"AGREE","damage_taken":0,"max_hp_gain":0,"max_hp_loss":0,"event_name":"Liars Game","floor":4,"gold_loss":0,"cards_obtained":["Doubt"]},{"damage_healed":0,"gold_gain":0,"player_choice":"Ignored","damage_taken":0,"max_hp_gain":0,"max_hp_loss":0,"event_name":"Duplicator","floor":19,"gold_loss":0}],"is_beta":false,"boss_relics":[{"not_picked":["SlaversCollar","Cursed Key"],"picked":"Runic Dome"}],"items_purged_floors":[7,8],"is_endless":false,"potions_floor_spawned":[10,11,16,20,21,22],"killed_by":"Shelled Parasite and Fungi","ascension_level":0}}