{"host":"8dytqszkx6ijebks","time":1613361565,"event":{"mods":["AchievementEnabler","BaseMod","Colored Map","DeckTracker","Keyboard Shortcuts","Minty Spire (QoL Compilation)","Permanent Neow","SuperFastMode","everything is the same but u backflip on backflip"],"gold_per_floor":[115,115,126,137,137,137,164,164,164,7,40,54,88,48,48,147,147,163,262,278,288,308,343,361,218,218,238,267,94,122,142,142,245,245,265,265,64,64,114,141,170,201,201,227,227,227,92,174,174,174,174,174,24,57,57],"floor_reached":56,"language":"KOR","playtime":2859,"items_purged":["Defend_P","Strike_P","Vigilance","Strike_P"],"score":1571,"play_id":"54dce548-eca6-49df-b5e3-12c0b1de9839","local_time":"20210215125925","is_ascension_mode":true,"campfire_choices":[{"data":"Halt","floor":6.0,"key":"SMITH"},{"floor":8.0,"key":"REST"},{"data":"Adaptation","floor":15.0,"key":"SMITH"},{"floor":32.0,"key":"REST"},{"floor":49,"key":"RECALL"},{"floor":52,"key":"REST"}],"circlet_count":0,"master_deck":["Strike_P","Strike_P","Defend_P+1","Eruption+1","Halt+1","Adaptation+1","Adaptation+1","MentalFortress+1","MentalFortress+1","MentalFortress+1","Scrawl+1","InnerPeace","Panacea"],"relics":["Empty Cage","Ornamental Fan","Frozen Egg 2","Bag of Preparation","Bottled Lightning","Incense Burner","Runic Pyramid","Omamori","Darkstone Periapt","Tiny Chest","Fusion Hammer","Prayer Wheel","WingedGreaves","Juzu Bracelet","Pear","Kunai","Orichalcum","Potion Belt","Shuriken","War Paint"],"acts_visited":["Exordium","TheCity","TheBeyond","TheEnding"],"potions_floor_usage":[55,55,55,55,55,55,55],"damage_taken":[{"damage":9.0,"enemies":"2 Louse","floor":1.0,"turns":3.0},{"damage":0.0,"enemies":"Cultist","floor":3.0,"turns":3.0},{"damage":8.0,"enemies":"Small Slimes","floor":4.0,"turns":2.0},{"damage":18.0,"enemies":"3 Sentries","floor":7.0,"turns":5.0},{"damage":0.0,"enemies":"Gremlin Nob","floor":11.0,"turns":3.0},{"damage":4.0,"enemies":"Exordium Wildlife","floor":12.0,"turns":3.0},{"damage":0.0,"enemies":"Lagavulin","floor":13.0,"turns":6.0},{"damage":23.0,"enemies":"The Guardian","floor":16.0,"turns":8.0},{"damage":4.0,"enemies":"3 Byrds","floor":18.0,"turns":5.0},{"damage":0.0,"enemies":"Shell Parasite","floor":20.0,"turns":3.0},{"damage":4.0,"enemies":"Snake Plant","floor":21.0,"turns":3.0},{"damage":2.0,"enemies":"Sentry and Sphere","floor":22.0,"turns":4.0},{"damage":0.0,"enemies":"Book of Stabbing","floor":23.0,"turns":6.0},{"damage":0.0,"enemies":"Centurion and Healer","floor":24.0,"turns":5.0},{"damage":9.0,"enemies":"Snake Plant","floor":27.0,"turns":3.0},{"damage":0.0,"enemies":"Slavers","floor":28.0,"turns":5.0},{"damage":46.0,"enemies":"Gremlin Leader","floor":30.0,"turns":7.0},{"damage":0.0,"enemies":"Chosen and Byrds","floor":31.0,"turns":6.0},{"damage":0.0,"enemies":"Champ","floor":33.0,"turns":15.0},{"damage":9.0,"enemies":"3 Shapes","floor":35.0,"turns":5.0},{"damage":0.0,"enemies":"Mind Bloom Boss Battle","floor":39.0,"turns":3.0},{"damage":0.0,"enemies":"Nemesis","floor":40.0,"turns":3.0},{"damage":9.0,"enemies":"Giant Head","floor":41.0,"turns":2.0},{"damage":0.0,"enemies":"Nemesis","floor":42.0,"turns":5.0},{"damage":12,"enemies":"Donu and Deca","floor":50,"turns":2},{"damage":0,"enemies":"Shield and Spear","floor":54,"turns":2},{"damage":7,"enemies":"The Heart","floor":55,"turns":4}],"seed_played":"3000566936291352719","potions_obtained":[{"floor":3.0,"key":"DuplicationPotion"},{"floor":4.0,"key":"LiquidMemories"},{"floor":12.0,"key":"ColorlessPotion"},{"floor":14.0,"key":"CultistPotion"},{"floor":14.0,"key":"SteroidPotion"},{"floor":14.0,"key":"DistilledChaos"},{"floor":21.0,"key":"Swift Potion"},{"floor":22.0,"key":"BottledMiracle"},{"floor":33.0,"key":"DuplicationPotion"},{"floor":40.0,"key":"EntropicBrew"},{"floor":41.0,"key":"Ancient Potion"},{"floor":54,"key":"AttackPotion"}],"is_trial":false,"path_per_floor":["M","?","M","M","?","R","E","R","T","$","E","M","E","?","R","B",null,"M","?","M","M","M","E","M","$","T","M","E","$","E","M","R","B",null,"M","?","$","?","?","E","E","E","T","T","?","?","?","T","R","B",null,"R","$","E","B",null],"character_chosen":"WATCHER","items_purchased":["Bag of Preparation","MentalFortress+1","MentalFortress+1","InnerPeace"],"campfire_rested":3,"item_purchase_floors":[10,25,29,37],"current_hp_per_floor":[63,63,63,55,55,55,37,58,58,58,58,54,54,54,54,31,72,68,68,68,64,62,62,62,62,62,53,53,53,7,7,28,28,72,63,63,63,53,53,53,44,54,54,54,54,54,54,54,54,42,78,78,78,78,71],"gold":57,"neow_bonus":"BOSS_RELIC","is_daily":false,"chose_seed":false,"campfire_upgraded":2,"win_rate":0.0,"timestamp":1613361565,"path_taken":["M","?","?","M","?","R","E","R","T","$","E","M","E","?","R","BOSS","M","?","M","M","M","E","M","$","T","M","E","$","E","M","R","BOSS","M","?","$","?","?","E","E","E","T","?","?","?","?","?","R","BOSS","R","$","E","BOSS"],"items_purchased_type":["Relic","Card","Card","Card"],"build_version":"2020-12-22","purchased_purges":4,"victory":true,"max_hp_per_floor":[72,72,72,72,72,72,72,72,72,72,72,72,72,72,72,72,72,72,72,72,72,72,72,72,72,72,72,72,72,72,72,72,72,72,72,68,68,68,68,68,68,78,78,78,78,78,78,78,78,78,78,78,78,78,78],"card_choices":[{"not_picked":["SashWhip","BowlingBash","Indignation"],"picked":"SKIP","floor":1.0},{"not_picked":["EmptyBody","Prostrate"],"picked":"Halt","floor":3.0},{"not_picked":["CrushJoints","SandsOfTime","FlurryOfBlows"],"picked":"SKIP","floor":4.0},{"not_picked":["FlyingSleeves","ClearTheMind"],"picked":"Adaptation","floor":7.0},{"not_picked":["Sanctity","FlurryOfBlows","Halt"],"picked":"SKIP","floor":11.0},{"not_picked":["Sanctity","FlurryOfBlows","Halt"],"picked":"SKIP","floor":11.0},{"not_picked":["Perseverance","BowlingBash","Meditate"],"picked":"SKIP","floor":12.0},{"not_picked":["LikeWater+1","Tantrum","ClearTheMind"],"picked":"SKIP","floor":13.0},{"not_picked":["Prostrate+1","Protect"],"picked":"Adaptation+1","floor":18.0},{"not_picked":["DeceiveReality","EmptyBody","WindmillStrike"],"picked":"SKIP","floor":20.0},{"not_picked":["WindmillStrike","EmptyBody+1","PathToVictory"],"picked":"SKIP","floor":21.0},{"not_picked":["FlurryOfBlows","ThirdEye+1","Nirvana+1"],"picked":"SKIP","floor":22.0},{"not_picked":["Halt+1","TalkToTheHand","FlurryOfBlows"],"picked":"SKIP","floor":23.0},{"not_picked":["Nirvana+1","Consecrate","Prostrate"],"picked":"SKIP","floor":24.0},{"not_picked":["Alpha","EmptyFist","FollowUp"],"picked":"SKIP","floor":27.0},{"not_picked":["Protect","WindmillStrike","CrushJoints"],"picked":"SKIP","floor":28.0},{"not_picked":["CutThroughFate","FollowUp"],"picked":"MentalFortress+1","floor":30.0},{"not_picked":["Consecrate","ThirdEye"],"picked":"Scrawl","floor":31.0},{"not_picked":["Conclude+1","CarveReality+1","ForeignInfluence"],"picked":"SKIP","floor":35.0},{"not_picked":["Enlightenment","Magnetism+1"],"picked":"Panacea","floor":38.0},{"not_picked":["Evaluate+1","Indignation+1","EmptyBody"],"picked":"SKIP","floor":40.0},{"not_picked":["EmptyBody","ThirdEye","DeceiveReality+1"],"picked":"SKIP","floor":41.0},{"not_picked":["LessonLearned","Consecrate+1","Prostrate"],"picked":"SKIP","floor":42.0},{"not_picked":["ThirdEye+1","FlurryOfBlows+1","ForeignInfluence+1"],"picked":"SKIP","floor":54}],"player_experience":267400,"relics_obtained":[{"floor":7.0,"key":"Ornamental Fan"},{"floor":9.0,"key":"Frozen Egg 2"},{"floor":11.0,"key":"Bottled Lightning"},{"floor":13.0,"key":"Incense Burner"},{"floor":23.0,"key":"Omamori"},{"floor":28.0,"key":"Darkstone Periapt"},{"floor":30.0,"key":"Tiny Chest"},{"floor":39.0,"key":"Prayer Wheel"},{"floor":40.0,"key":"WingedGreaves"},{"floor":41.0,"key":"Juzu Bracelet"},{"floor":42.0,"key":"Pear"},{"floor":43.0,"key":"Kunai"},{"floor":44.0,"key":"Orichalcum"},{"floor":48,"key":"Shuriken"},{"floor":54,"key":"War Paint"}],"event_choices":[{"damage_healed":0.0,"max_hp_gain":0.0,"max_hp_loss":0.0,"gold_gain":0.0,"event_name":"Accursed Blacksmith","player_choice":"Forge","floor":2.0,"gold_loss":0.0,"damage_taken":0.0,"cards_upgraded":["Eruption"]},{"damage_healed":0.0,"max_hp_gain":0.0,"max_hp_loss":0.0,"gold_gain":0.0,"event_name":"Liars Game","player_choice":"Ignored","floor":5.0,"gold_loss":0.0,"damage_taken":0.0},{"damage_healed":0.0,"max_hp_gain":0.0,"max_hp_loss":0.0,"gold_gain":0.0,"event_name":"The Woman in Blue","player_choice":"Bought 3 Potions","floor":14.0,"gold_loss":0.0,"damage_taken":0.0},{"damage_healed":0.0,"max_hp_gain":0.0,"max_hp_loss":0.0,"gold_gain":99.0,"event_name":"Nest","player_choice":"Stole From Cult","floor":19.0,"gold_loss":0.0,"damage_taken":0.0},{"damage_healed":0.0,"max_hp_gain":0.0,"max_hp_loss":4.0,"gold_gain":0.0,"event_name":"Winding Halls","player_choice":"Max HP","floor":36.0,"gold_loss":0.0,"damage_taken":0.0},{"damage_healed":0.0,"max_hp_gain":0.0,"max_hp_loss":0.0,"gold_gain":0.0,"event_name":"SensoryStone","player_choice":"Memory 3","floor":38.0,"gold_loss":0.0,"damage_taken":10.0},{"damage_healed":0.0,"max_hp_gain":0.0,"max_hp_loss":0.0,"gold_gain":0.0,"event_name":"MindBloom","player_choice":"Fight","floor":39.0,"gold_loss":0.0,"damage_taken":0.0},{"damage_healed":0,"gold_gain":0,"player_choice":"Ignored","damage_taken":0,"max_hp_gain":0,"max_hp_loss":0,"event_name":"Mysterious Sphere","floor":45,"gold_loss":0},{"damage_healed":0,"gold_gain":0,"player_choice":"Ignored","damage_taken":0,"max_hp_gain":0,"max_hp_loss":0,"event_name":"Tomb of Lord Red Mask","floor":46,"gold_loss":0},{"damage_healed":0,"gold_gain":0,"player_choice":"Paid Gold","damage_taken":0,"relics_obtained":["Potion Belt"],"max_hp_gain":0,"max_hp_loss":0,"event_name":"WeMeetAgain","floor":47,"gold_loss":135}],"is_beta":false,"boss_relics":[{"not_picked":["Snecko Eye","Ectoplasm"],"picked":"Runic Pyramid"},{"not_picked":["Sozu","Tiny House"],"picked":"Fusion Hammer"}],"items_purged_floors":[25,29,37,53],"is_endless":false,"potions_floor_spawned":[3,4,12,16,21,22,23,27,33,40,41,54],"ascension_level":1}}