{"host":"y087t2reloz9bi43","time":1613398984,"event":{"mods":["2.2 Compatiblity","BaseMod","Better Note","Better Vampires","BetterRewards","Colored Map","Colored Powertips","Downfall","GifTheSpireLib","Gold Saver","Mimic Mod","Minty Spire (QoL Compilation)","Permanent Neow","Rare Cards Sparkle","Relic Stats","Shop Mod","StSLib","Transform Curses","Uncapped","everything is the same but u backflip on backflip"],"gold_per_floor":[99,99,111,122,135,163,163,98,98,132,143,154,185,202,217,313,313,213,233,333,343,357,384,415,272,289,300,315,345,145,155,169,269,269,269,269,288,308,320,320,320,255,255,266,266,165,165,165,182,182,182,182],"floor_reached":50,"language":"ENG","playtime":5713,"items_purged":["sneckomod:Strike","sneckomod:IronFang","sneckomod:Defend","sneckomod:Defend"],"score":615,"play_id":"fd9a9d2d-376a-458e-a445-12cb946b1593","local_time":"20210215142304","is_ascension_mode":false,"campfire_choices":[{"floor":1.0,"key":"RECALL"},{"data":"sneckomod:Nope","floor":18.0,"key":"SMITH"},{"data":"sneckomod:UnendingSupply","floor":30.0,"key":"SMITH"},{"data":"sneckomod:SoulExchange","floor":35.0,"key":"SMITH"},{"floor":45.0,"key":"REST"},{"data":"sneckomod:UnknownBoss","floor":47,"key":"SMITH"}],"circlet_count":0,"master_deck":["sneckomod:Defend","sneckomod:TailWhip","sneckomod:SnekBite","sneckomod:Unknown","sneckomod:Unknown","sneckomod:ImprovisedGuard","sneckomod:UnknownCommonAttack+1","sneckomod:Nope+1","sneckomod:RainOfDice","sneckomod:UnknownRarePower","sneckomod:TrashToTreasure","sneckomod:UnknownBoss+1","sneckomod:UnendingSupply+1","sneckomod:Rotation","sneckomod:WideSting","sneckomod:TrashToTreasure+1","sneckomod:SlitherStrike","sneckomod:RainOfDice","sneckomod:SnakeSap+1","sneckomod:RainOfDice","sneckomod:SoulExchange+1","CurseOfTheBell","sneckomod:Nope+1","sneckomod:RainOfDice+1","sneckomod:UnendingSupply+1"],"relics":["sneckomod:SneckoSoul","Meat on the Bone","Boot","Smiling Mask","Blood Vial","Singing Bowl","Runic Pyramid","downfall:HeartBlessingRed","Ancient Tea Set","Anchor","downfall:HeartBlessingBlue","downfall:HeartBlessingGreen","Calling Bell","Pen Nib","Toxic Egg 2","sneckomod:UnknownEgg","Molten Egg 2","Bag of Preparation","HornCleat"],"acts_visited":["Exordium","TheCity","TheBeyond"],"potions_floor_usage":[50,50],"damage_taken":[{"damage":2.0,"enemies":"Cultist","floor":3.0,"turns":4.0},{"damage":0.0,"enemies":"Small Slimes","floor":4.0,"turns":3.0},{"damage":0.0,"enemies":"Jaw Worm","floor":5.0,"turns":3.0},{"damage":9.0,"enemies":"Gremlin Nob","floor":6.0,"turns":3.0},{"damage":0.0,"enemies":"downfall:FleeingMerchant","floor":8.0,"turns":4.0},{"damage":6.0,"enemies":"Lagavulin","floor":10.0,"turns":6.0},{"damage":10.0,"enemies":"downfall:LooterAlt","floor":11.0,"turns":3.0},{"damage":5.0,"enemies":"Lots of Slimes","floor":12.0,"turns":4.0},{"damage":25.0,"enemies":"Gremlin Nob","floor":13.0,"turns":5.0},{"damage":7.0,"enemies":"3 Louse","floor":14.0,"turns":2.0},{"damage":18.0,"enemies":"Gremlin Gang","floor":15.0,"turns":4.0},{"damage":47.0,"enemies":"DF_ARCHETYPE_STREAMLINE","floor":16.0,"turns":9.0},{"damage":27.0,"enemies":"downfall:LooterAlt2","floor":19.0,"turns":5.0},{"damage":0.0,"enemies":"Spheric Guardian","floor":21.0,"turns":3.0},{"damage":20.0,"enemies":"Centurion and Healer","floor":22.0,"turns":6.0},{"damage":51.0,"enemies":"Book of Stabbing","floor":23.0,"turns":8.0},{"damage":6.0,"enemies":"Shelled Parasite and Fungi","floor":24.0,"turns":12.0},{"damage":0.0,"enemies":"downfall:FleeingMerchant","floor":25.0,"turns":4.0},{"damage":13.0,"enemies":"Shelled Parasite and Fungi","floor":26.0,"turns":5.0},{"damage":21.0,"enemies":"Snecko","floor":27.0,"turns":4.0},{"damage":0.0,"enemies":"Sentry and Sphere","floor":28.0,"turns":3.0},{"damage":47.0,"enemies":"Slavers","floor":29.0,"turns":5.0},{"damage":12.0,"enemies":"Centurion and Healer","floor":31.0,"turns":4.0},{"damage":0.0,"enemies":"Snecko","floor":32.0,"turns":5.0},{"damage":66.0,"enemies":"WA_ARCHETYPE_CALM","floor":33.0,"turns":13.0},{"damage":17.0,"enemies":"3 Darklings","floor":37.0,"turns":3.0},{"damage":14.0,"enemies":"Orb Walker","floor":38.0,"turns":3.0},{"damage":64.0,"enemies":"Spire Growth","floor":39.0,"turns":5.0},{"damage":19.0,"enemies":"Nemesis","floor":40.0,"turns":5.0},{"damage":17.0,"enemies":"downfall:FleeingMerchant","floor":42.0,"turns":4.0},{"damage":52.0,"enemies":"3 Darklings","floor":44.0,"turns":5.0},{"damage":27.0,"enemies":"downfall:FleeingMerchant","floor":46.0,"turns":4.0},{"damage":5,"enemies":"Writhing Mass","floor":49,"turns":4},{"damage":156,"enemies":"IC_BLOCK_ARCHETYPE","floor":50,"turns":4}],"seed_played":"-2667292212967273430","potions_obtained":[{"floor":3.0,"key":"Slimebound:ThreeZeroPotion"},{"floor":5.0,"key":"sneckomod:MuddlingPotion"},{"floor":6.0,"key":"sneckomod:DiceRollPotion"},{"floor":11.0,"key":"SteroidPotion"},{"floor":13.0,"key":"bronze:BurnAndBuffPotion"},{"floor":16.0,"key":"Ancient Potion"},{"floor":19.0,"key":"Block Potion"},{"floor":23.0,"key":"SkillPotion"},{"floor":29.0,"key":"hexamod:SoulburnPotion"},{"floor":31.0,"key":"LiquidBronze"},{"floor":32.0,"key":"ColorlessPotion"},{"floor":33.0,"key":"sneckomod:MuddlingPotion"},{"floor":38.0,"key":"SmokeBomb"},{"floor":44.0,"key":"DistilledChaos"},{"floor":49,"key":"Block Potion"}],"is_trial":false,"path_per_floor":["R","T","M","M","M","E","T","$","?","E","M","M","E","M","M","B",null,"R","M","?","M","M","E","MIM","$","M","M","M","E","R","M","M","B",null,"R","?","M","M","M","E","T","$","?","M","R","$","R","?","M","B"],"character_chosen":"THE_SNECKO","items_purchased":["sneckomod:SlitherStrike","Bag of Preparation","HornCleat"],"campfire_rested":1,"item_purchase_floors":[25,46,46],"current_hp_per_floor":[90,90,88,88,88,79,79,79,79,73,65,62,53,50,48,15,96,96,69,69,71,55,22,30,44,47,40,54,38,48,52,66,19,114,114,114,99,89,39,34,34,33,105,53,84,61,61,61,60,0,0,0],"gold":182,"neow_bonus":"REMOVE_CARD","is_daily":false,"chose_seed":false,"campfire_upgraded":4,"win_rate":0.0,"timestamp":1613398984,"path_taken":["R","?","M","?","M","E","T","$","?","E","M","M","E","M","M","BOSS","R","M","?","M","?","E","MIM","$","M","?","M","E","R","M","M","BOSS","R","?","M","M","M","E","T","$","?","M","R","$","R","?","M","BOSS"],"items_purchased_type":["Card","Relic","Relic"],"build_version":"2020-12-22","purchased_purges":4,"victory":false,"max_hp_per_floor":[90,90,90,90,90,90,90,90,90,90,90,90,92,94,96,96,96,96,96,96,96,98,98,98,98,100,100,100,102,112,114,114,114,114,114,114,116,118,118,118,118,120,105,105,105,107,107,107,109,109,109,109],"relic_stats":{"Blood Vial":50,"Singing Bowl":24,"counters":[34,164],"Pen Nib":[10],"Bag of Preparation":[4],"Boot":[311],"Smiling Mask":250,"obtain_stats":[{"Singing Bowl":13,"downfall:HeartBlessingRed":18,"sneckomod:UnknownEgg":34,"downfall:HeartBlessingGreen":30,"Pen Nib":34,"Bag of Preparation":46,"sneckomod:SneckoSoul":0,"Boot":6,"Smiling Mask":7,"Ancient Tea Set":23,"Blood Vial":10,"Calling Bell":34,"Anchor":29,"HornCleat":46,"downfall:HeartBlessingBlue":30,"Molten Egg 2":41,"Toxic Egg 2":34,"Meat on the Bone":2,"Runic Pyramid":17},{"Singing Bowl":9,"downfall:HeartBlessingRed":12,"sneckomod:UnknownEgg":25,"downfall:HeartBlessingGreen":22,"Pen Nib":25,"Bag of Preparation":32,"sneckomod:SneckoSoul":0,"Boot":4,"Smiling Mask":4,"Ancient Tea Set":16,"Blood Vial":6,"Calling Bell":25,"Anchor":22,"HornCleat":32,"downfall:HeartBlessingBlue":22,"Molten Egg 2":29,"Toxic Egg 2":25,"Meat on the Bone":0,"Runic Pyramid":12},{"Singing Bowl":35,"downfall:HeartBlessingRed":50,"sneckomod:UnknownEgg":127,"downfall:HeartBlessingGreen":105,"Pen Nib":127,"Bag of Preparation":156,"sneckomod:SneckoSoul":0,"Boot":13,"Smiling Mask":13,"Ancient Tea Set":72,"Blood Vial":23,"Calling Bell":127,"Anchor":105,"HornCleat":156,"downfall:HeartBlessingBlue":105,"Molten Egg 2":143,"Toxic Egg 2":127,"Meat on the Bone":0,"Runic Pyramid":50}],"Meat on the Bone":192},"card_choices":[{"not_picked":["sneckomod:UnknownUncommonSkill","sneckomod:CheapStock"],"picked":"sneckomod:ImprovisedGuard","floor":3.0},{"not_picked":["sneckomod:UnknownClassPURPLE","sneckomod:UnknownUncommonSkill"],"picked":"sneckomod:UnknownCommonAttack","floor":4.0},{"not_picked":["sneckomod:DiceCrush","sneckomod:UnknownCommonAttack"],"picked":"sneckomod:Nope","floor":5.0},{"not_picked":["sneckomod:UnknownClassTHE_BRONZE_AUTOMATON","sneckomod:Unknown2Cost"],"picked":"sneckomod:RainOfDice","floor":6.0},{"not_picked":["sneckomod:UnknownClassSLIMEBOUND","sneckomod:UnknownWeak"],"picked":"sneckomod:UnknownRarePower","floor":8.0},{"not_picked":["sneckomod:Unknown1Cost","sneckomod:SlitherStrike","sneckomod:ImprovisedGuard"],"picked":"SKIP","floor":10.0},{"not_picked":["sneckomod:UnknownWeak","sneckomod:Unknown1Cost","sneckomod:UnknownClassBLUE"],"picked":"SKIP","floor":11.0},{"not_picked":["sneckomod:UnknownClassGUARDIAN","sneckomod:SoulCleanse"],"picked":"sneckomod:TrashToTreasure","floor":12.0},{"not_picked":["sneckomod:UnknownRarePower","sneckomod:UnknownCommonSkill","sneckomod:CheapStock"],"picked":"Singing Bowl","floor":13.0},{"not_picked":["sneckomod:Unknown1Cost","sneckomod:UnknownDraw","sneckomod:PureSnecko"],"picked":"Singing Bowl","floor":14.0},{"not_picked":["sneckomod:WideSting","sneckomod:UnknownExhaust","sneckomod:UnknownDraw"],"picked":"Singing Bowl","floor":15.0},{"not_picked":["sneckomod:Mudshield","sneckomod:SerpentMind"],"picked":"sneckomod:UnknownBoss","floor":16.0},{"not_picked":["sneckomod:QuickMove","sneckomod:UnknownCommonAttack"],"picked":"sneckomod:UnendingSupply","floor":19.0},{"not_picked":["sneckomod:DiceCrush","sneckomod:UnknownClassBLUE"],"picked":"sneckomod:IronFang","floor":21.0},{"not_picked":["sneckomod:SlitherStrike","sneckomod:UnknownDraw","sneckomod:UnknownBlock"],"picked":"Singing Bowl","floor":22.0},{"not_picked":["sneckomod:UnknownClassSLIMEBOUND+1","sneckomod:UnknownClassPURPLE+1"],"picked":"sneckomod:Rotation","floor":23.0},{"not_picked":["sneckomod:UnknownDraw","sneckomod:UnknownClassHEXA_GHOST_PURPLE"],"picked":"sneckomod:WideSting","floor":24.0},{"not_picked":["sneckomod:UnknownDraw","sneckomod:UnknownRarePower"],"picked":"sneckomod:TrashToTreasure+1","floor":25.0},{"not_picked":["sneckomod:UnknownClassPURPLE","sneckomod:DiceCrush","sneckomod:TrashToTreasure"],"picked":"Singing Bowl","floor":26.0},{"not_picked":["sneckomod:UnknownClassPURPLE+1","sneckomod:SoulRoll"],"picked":"sneckomod:RainOfDice","floor":27.0},{"not_picked":["sneckomod:Nope","sneckomod:ImprovisedGuard"],"picked":"sneckomod:SnakeSap+1","floor":28.0},{"not_picked":["sneckomod:SnekBeam","sneckomod:Cheat","sneckomod:ImprovisedGuard+1"],"picked":"Singing Bowl","floor":29.0},{"not_picked":["sneckomod:UnknownClassBLUE","sneckomod:PureSnecko","sneckomod:DiceBlock+1"],"picked":"Singing Bowl","floor":31.0},{"not_picked":["sneckomod:PureSnecko","sneckomod:UnknownClassBLUE+1"],"picked":"sneckomod:RainOfDice","floor":32.0},{"not_picked":["sneckomod:UnknownRareAttack","sneckomod:Mudshield"],"picked":"sneckomod:SoulExchange","floor":33.0},{"not_picked":["sneckomod:IronFang+1","sneckomod:ImprovisedGuard+1","sneckomod:Unknown1Cost+1"],"picked":"Singing Bowl","floor":37.0},{"not_picked":["sneckomod:Rotation+1","sneckomod:QuickBite+1","sneckomod:UnknownUncommonAttack+1"],"picked":"Singing Bowl","floor":38.0},{"not_picked":["sneckomod:ImprovisedAttack","sneckomod:MasterEye"],"picked":"sneckomod:Nope+1","floor":39.0},{"not_picked":["sneckomod:SoulDraw+1","sneckomod:Unknown1Cost+1","sneckomod:SnekBeam+1"],"picked":"Singing Bowl","floor":42.0},{"not_picked":["sneckomod:SlitherStrike+1","sneckomod:SoulRoll+1"],"picked":"sneckomod:RainOfDice+1","floor":44.0},{"not_picked":["sneckomod:DefensiveFlair+1","sneckomod:Restock+1","sneckomod:DiceCrush+1"],"picked":"Singing Bowl","floor":46.0},{"not_picked":["sneckomod:Unknown1Cost+1","sneckomod:Nope+1","sneckomod:SoulRoll+1"],"picked":"Singing Bowl","floor":49}],"player_experience":302035,"relics_obtained":[{"floor":2.0,"key":"Meat on the Bone"},{"floor":6.0,"key":"Boot"},{"floor":7.0,"key":"Smiling Mask"},{"floor":10.0,"key":"Blood Vial"},{"floor":13.0,"key":"Singing Bowl"},{"floor":23.0,"key":"Ancient Tea Set"},{"floor":29.0,"key":"Anchor"},{"floor":34.0,"key":"Pen Nib"},{"floor":34.0,"key":"Toxic Egg 2"},{"floor":34.0,"key":"sneckomod:UnknownEgg"},{"floor":41.0,"key":"Molten Egg 2"}],"event_choices":[{"cards_removed":["sneckomod:SnekBite"],"damage_healed":0.0,"max_hp_gain":0.0,"max_hp_loss":0.0,"gold_gain":0.0,"event_name":"betterNote:BetterNote","player_choice":"Give","floor":36.0,"gold_loss":0.0,"damage_taken":0.0,"cards_obtained":["None"]}],"is_beta":false,"boss_relics":[{"not_picked":["Pandora\u0027s Box","Empty Cage"],"picked":"Runic Pyramid"},{"not_picked":["Velvet Choker","Snecko Eye"],"picked":"Calling Bell"}],"items_purged_floors":[8,25,42,46],"is_endless":false,"potions_floor_spawned":[3,5,6,11,13,16,19,23,29,31,32,33,38,44,49],"killed_by":"IC_BLOCK_ARCHETYPE","ascension_level":0}}