{"host":"bpnwh7vpv9k3tssc","time":1613427347,"event":{"mods":["BaseMod","Colored Map","Colored Powertips","Curses Come First","Highlight Path","Minty Spire (QoL Compilation)","Quick Restart","Random Character Button","Relic Sorter","StSLib"],"gold_per_floor":[365,383,400,575,40,68,68,82,82,96,48,67,100,118,118,218,218,230,230,230,230,130,130,172,172,172,207,207,207,242,261,261,261,261],"floor_reached":33,"language":"ENG","playtime":1218,"items_purged":["Doubt","Writhe"],"score":427,"play_id":"d7354421-5d0b-4267-9032-c43a116dc59d","local_time":"20210215231547","is_ascension_mode":true,"campfire_choices":[{"floor":7,"key":"REST"},{"data":"Collect","floor":15,"key":"SMITH"},{"data":"Adaptation","floor":23,"key":"SMITH"},{"floor":25,"key":"REST"},{"floor":28,"key":"REST"},{"data":"Pray","floor":32,"key":"SMITH"}],"circlet_count":0,"master_deck":["Strike_P","Strike_P","Strike_P","Strike_P","Defend_P","Defend_P","Defend_P","Defend_P","Eruption+1","Vigilance","FlurryOfBlows","Collect+1","Adaptation+1","ClearTheMind","CutThroughFate+1","Pray+1","CutThroughFate+1","FlurryOfBlows+1","Ragnarok+1","MentalFortress","EmptyFist+1","LessonLearned+1","TalkToTheHand+1","WreathOfFlame+1","Pray"],"relics":["PureWater","Matryoshka","Medical Kit","Oddly Smooth Stone","Molten Egg 2","PreservedInsect","Mummified Hand","Black Star","Ornamental Fan","Orichalcum","CeramicFish","Happy Flower","Sundial","Ginger","Blood Vial","InkBottle","Art of War"],"acts_visited":["Exordium","TheCity"],"potions_floor_usage":[12,13,16],"damage_taken":[{"damage":0,"enemies":"Cultist","floor":1,"turns":2},{"damage":3,"enemies":"Small Slimes","floor":2,"turns":3},{"damage":7,"enemies":"Jaw Worm","floor":3,"turns":3},{"damage":17,"enemies":"3 Sentries","floor":6,"turns":8},{"damage":6,"enemies":"Exordium Thugs","floor":8,"turns":3},{"damage":3,"enemies":"Large Slime","floor":10,"turns":5},{"damage":0,"enemies":"3 Louse","floor":12,"turns":1},{"damage":0,"enemies":"Gremlin Nob","floor":13,"turns":1},{"damage":12,"enemies":"Exordium Wildlife","floor":14,"turns":3},{"damage":0,"enemies":"Slime Boss","floor":16,"turns":4},{"damage":18,"enemies":"3 Byrds","floor":18,"turns":5},{"damage":36,"enemies":"Slavers","floor":24,"turns":5},{"damage":6,"enemies":"Book of Stabbing","floor":27,"turns":4},{"damage":12,"enemies":"Gremlin Leader","floor":30,"turns":5},{"damage":6,"enemies":"Chosen","floor":31,"turns":3},{"damage":62,"enemies":"Champ","floor":33,"turns":8}],"seed_played":"-3308790500915492949","potions_obtained":[{"floor":6,"key":"Explosive Potion"},{"floor":10,"key":"SteroidPotion"},{"floor":13,"key":"ColorlessPotion"},{"floor":24,"key":"BlessingOfTheForge"}],"is_trial":false,"path_per_floor":["M","M","M","?","$","E","R","M","T","M","$","M","E","M","R","B",null,"M","?","?","?","$","R","E","R","T","E","R","?","E","M","R","B"],"character_chosen":"WATCHER","items_purchased":["Matryoshka","Medical Kit","ClearTheMind","FlurryOfBlows+1"],"campfire_rested":3,"item_purchase_floors":[5,5,5,11],"current_hp_per_floor":[51,48,41,41,41,24,45,39,39,36,36,36,36,24,24,24,72,54,54,54,54,54,54,18,39,39,33,54,72,60,56,56,0,0],"gold":261,"neow_bonus":"TWO_FIFTY_GOLD","is_daily":false,"chose_seed":false,"campfire_upgraded":3,"win_rate":0.0,"timestamp":1613427347,"path_taken":["M","?","M","?","$","E","R","M","T","M","?","M","E","M","R","BOSS","M","?","?","?","$","R","E","R","T","E","R","?","E","?","R","BOSS"],"items_purchased_type":["Relic","Relic","Card","Card"],"build_version":"2020-12-22","purchased_purges":2,"victory":false,"max_hp_per_floor":[72,72,72,72,72,72,72,72,72,72,72,72,72,72,72,72,72,72,72,72,72,72,72,72,72,72,72,72,72,72,72,72,72,72],"card_choices":[{"not_picked":["FlyingSleeves","Nirvana"],"picked":"FlurryOfBlows","floor":1},{"not_picked":["Nirvana","Wireheading"],"picked":"Collect","floor":2},{"not_picked":["Consecrate","Halt"],"picked":"Adaptation","floor":3},{"not_picked":["JustLucky","Meditate"],"picked":"CutThroughFate","floor":6},{"not_picked":["FollowUp","FlurryOfBlows"],"picked":"Pray","floor":8},{"not_picked":["ThirdEye","Swivel"],"picked":"CutThroughFate+1","floor":10},{"not_picked":["JustLucky+1","InnerPeace"],"picked":"Ragnarok+1","floor":12},{"not_picked":["FollowUp+1","PathToVictory"],"picked":"MentalFortress","floor":13},{"not_picked":["Halt","Sanctity"],"picked":"EmptyFist+1","floor":14},{"not_picked":["MasterReality","Brilliance+1"],"picked":"LessonLearned+1","floor":16},{"not_picked":["PathToVictory","Halt","SashWhip+1"],"picked":"SKIP","floor":18},{"not_picked":["Halt+1","Protect"],"picked":"TalkToTheHand+1","floor":24},{"not_picked":["ReachHeaven+1","Consecrate+1"],"picked":"WreathOfFlame+1","floor":27},{"not_picked":["Wireheading","SashWhip+1"],"picked":"Pray","floor":30},{"not_picked":["Wallop+1","ThirdEye","ForeignInfluence"],"picked":"SKIP","floor":31}],"player_experience":410919,"relics_obtained":[{"floor":6,"key":"Oddly Smooth Stone"},{"floor":9,"key":"Molten Egg 2"},{"floor":9,"key":"PreservedInsect"},{"floor":13,"key":"Mummified Hand"},{"floor":24,"key":"Orichalcum"},{"floor":24,"key":"CeramicFish"},{"floor":26,"key":"Happy Flower"},{"floor":26,"key":"Sundial"},{"floor":27,"key":"Ginger"},{"floor":27,"key":"Blood Vial"},{"floor":30,"key":"InkBottle"},{"floor":30,"key":"Art of War"}],"event_choices":[{"damage_healed":0,"gold_gain":175,"player_choice":"AGREE","damage_taken":0,"max_hp_gain":0,"max_hp_loss":0,"event_name":"Liars Game","floor":4,"gold_loss":0,"cards_obtained":["Doubt"]},{"damage_healed":0,"gold_gain":0,"player_choice":"Ignored","damage_taken":0,"max_hp_gain":0,"max_hp_loss":0,"event_name":"Ghosts","floor":19,"gold_loss":0},{"damage_healed":0,"gold_gain":0,"player_choice":"Opened","damage_taken":0,"relics_obtained":["Ornamental Fan"],"max_hp_gain":0,"max_hp_loss":0,"event_name":"The Mausoleum","floor":20,"gold_loss":0,"cards_obtained":["Writhe"]},{"damage_healed":0,"gold_gain":0,"player_choice":"Ignored","damage_taken":0,"max_hp_gain":0,"max_hp_loss":0,"event_name":"Vampires","floor":21,"gold_loss":0},{"damage_healed":24,"gold_gain":0,"player_choice":"Heal","damage_taken":0,"max_hp_gain":0,"max_hp_loss":0,"event_name":"The Library","floor":29,"gold_loss":0}],"is_beta":false,"boss_relics":[{"not_picked":["Tiny House","Runic Pyramid"],"picked":"Black Star"}],"items_purged_floors":[5,22],"is_endless":false,"potions_floor_spawned":[6,10,13,24],"killed_by":"Champ","ascension_level":2}}