{"host":"gvmmh8a4dbuurnvz","time":1613387231,"event":{"mods":["AchievementEnabler","Aspiration","BaseMod","Better Vampires","BetterRewards","Colored Powertips","Highlight Path","Minty Spire (QoL Compilation)","MostiFishMod","Spicy Shops","StSLib","¡¾ÒÅÎï¿¨ÅÆ¡¿REMEMod"],"gold_per_floor":[114,39,54,54,54,92,92,92,92,130,130,168,168,193,193,318,318,337,66,116,116,116,154,154,154,229,229,229,28,28,66,66,191,191,210,573,573,573,273,273,273,273,273,548,586,586,411,128,128,128],"floor_reached":51,"language":"ZHS","playtime":1331,"items_purged":["Strike_R","Defend_R","Bash+1","Defend_R","Regret","Defend_R"],"score":1088,"play_id":"6134b19a-4eb1-4ec1-adc6-e7632f2f1fee","local_time":"20210215190711","daily_mods":["Heirloom","Flight","Night Terrors"],"is_ascension_mode":false,"campfire_choices":[{"data":"Wild Strike","floor":7.0,"key":"SMITH"},{"data":"Offering","floor":11.0,"key":"SMITH"},{"data":"Bash","floor":13.0,"key":"SMITH"},{"data":"Strike_R","floor":15.0,"key":"SMITH"},{"data":"MostiFishMod:RainCloud","floor":24,"key":"SMITH"},{"data":"MostiFishMod:OrdinaryWorld","floor":27,"key":"SMITH"},{"data":"Uppercut","floor":30,"key":"SMITH"},{"data":"Rampage","floor":32,"key":"SMITH"},{"data":"Evolve","floor":40,"key":"SMITH"},{"data":"MostiFishMod:PerfectForm","floor":41,"key":"SMITH"},{"data":"Thunderclap","floor":42,"key":"SMITH"},{"data":"REME_FirmDetermination","floor":49,"key":"SMITH"}],"circlet_count":0,"master_deck":["Strike_R+1","Strike_R","Strike_R","Strike_R","Defend_R","Offering+1","Wild Strike+1","Rage+1","MostiFishMod:RainCloud+1","Uppercut+1","MostiFishMod:RacingGame+1","Thunderclap+1","MostiFishMod:OrdinaryWorld+1","Rampage+1","Evolve+1","Shrug It Off+1","Flame Barrier+1","MostiFishMod:PerfectForm+1","REME_FirmDetermination+1"],"relics":["Burning Blood","DaveBox","REME_ComplimentaryCards","Civilization","Mango","SynthV:TestCard","Golden Idol","Vajra","Nunchaku","aspiration:ChemicalBlood","Toxic Egg 2","Juzu Bracelet","Orichalcum","NightmareShop","MutagenicStrength","Bottled Lightning","Calipers","aspiration:WatcherSkillbook","Old Coin","ChiLing","Chi","Ling","Lantern","Red Skull"],"acts_visited":["Exordium","TheCity","TheBeyond"],"potions_floor_usage":[45,50],"damage_taken":[{"damage":8.0,"enemies":"2 Louse","floor":1.0,"turns":2.0},{"damage":6.0,"enemies":"Jaw Worm","floor":3.0,"turns":2.0},{"damage":11.0,"enemies":"Lagavulin","floor":6.0,"turns":4.0},{"damage":6.0,"enemies":"3 Sentries","floor":10.0,"turns":6.0},{"damage":6.0,"enemies":"Lagavulin","floor":12.0,"turns":3.0},{"damage":24.0,"enemies":"Hexaghost","floor":16.0,"turns":6.0},{"damage":4.0,"enemies":"2 Thieves","floor":18.0,"turns":3.0},{"damage":6,"enemies":"REME_1_Revenger","floor":23,"turns":1},{"damage":0,"enemies":"Book of Stabbing","floor":31,"turns":1},{"damage":5,"enemies":"Champ","floor":33,"turns":2},{"damage":0,"enemies":"Orb Walker","floor":35,"turns":1},{"damage":16,"enemies":"Mind Bloom Boss Battle","floor":36,"turns":2},{"damage":3,"enemies":"Nemesis","floor":45,"turns":3},{"damage":4,"enemies":"Time Eater","floor":50,"turns":3}],"seed_played":"5535013652570512859","potions_obtained":[{"floor":1.0,"key":"Weak Potion"},{"floor":3.0,"key":"DuplicationPotion"},{"floor":18.0,"key":"LiquidMemories"},{"floor":31,"key":"LiquidBronze"},{"floor":45,"key":"GamblersBrew"}],"is_trial":false,"path_per_floor":["M","$","M","?","$","E","R","?","T","E","R","E","R","T","R","B",null,"M","$","?","?","?","E","R","?","T","R","?","$","R","E","R","B",null,"M","?","?","?","$","R","R","R","T","?","E","?","$","$","R","B",null],"character_chosen":"IRONCLAD","items_purchased":["MostiFishMod:RacingGame+1","Thunderclap","Rampage","ChiLing","REME_FirmDetermination"],"campfire_rested":0,"item_purchase_floors":[19,19,29,39,48],"current_hp_per_floor":[94,94,97,73,73,72,72,60,60,65,65,70,70,70,70,57,118,123,123,123,123,123,128,128,128,128,128,128,128,128,133,133,138,138,143,138,138,138,138,138,138,138,138,138,146,146,146,146,146,151],"gold":128,"neow_bonus":"","is_daily":true,"chose_seed":false,"campfire_upgraded":12,"win_rate":0.0,"timestamp":1613387231,"path_taken":["M","$","M","?","?","E","R","?","T","E","R","E","R","?","R","BOSS","M","$","?","?","?","E","R","?","T","R","?","$","R","E","R","BOSS","M","?","?","?","$","R","R","R","T","?","E","?","$","$","R","BOSS"],"items_purchased_type":["Card","Card","Card","Relic","Card"],"build_version":"2020-12-22","purchased_purges":6,"victory":true,"max_hp_per_floor":[96,96,99,99,99,103,103,103,103,108,108,113,113,113,113,118,118,123,123,123,123,123,128,128,128,128,128,128,128,128,133,133,138,138,143,148,148,141,141,141,141,141,141,141,146,146,146,146,146,151],"card_choices":[{"not_picked":["Iron Wave","Clash","Sword Boomerang"],"picked":"SKIP","floor":1.0},{"not_picked":["Sword Boomerang","Seeing Red","True Grit","Disarm","Bloodletting"],"picked":"SKIP","floor":3.0},{"not_picked":["Dropkick","Feed","Iron Wave","Flex"],"picked":"Wild Strike","floor":6.0},{"not_picked":["Warcry+1","True Grit+1","Dual Wield+1","Perfected Strike"],"picked":"Rage+1","floor":10.0},{"not_picked":["Infernal Blade+1","Flame Barrier+1","Flex+1","Iron Wave","Hemokinesis"],"picked":"SKIP","floor":12.0},{"not_picked":["MostiFishMod:Mania","REME_TheLastStrike","MostiFishMod:HellRitual+1","Berserk"],"picked":"MostiFishMod:RainCloud","floor":16.0},{"not_picked":["Warcry+1","Shrug It Off+1","Clash+1","Clothesline"],"picked":"Uppercut","floor":18.0},{"not_picked":["Flex+1","Rupture+1","REME_Scribble+1","Shrug It Off+1"],"picked":"MostiFishMod:OrdinaryWorld","floor":23},{"not_picked":["Flex+1","Clash","Ghostly Armor+1","Iron Wave"],"picked":"Evolve","floor":31},{"not_picked":["Heavy Blade","Clash","CrushJoints","Prostrate+1","Reckless Charge+1"],"picked":"Shrug It Off+1","floor":35},{"not_picked":["Protect+1","ThirdEye+1","Indignation+1","Flex+1","Warcry+1"],"picked":"Flame Barrier+1","floor":36},{"not_picked":["Good Instincts+1","MostiFishMod:BrokenBlackCloak+1","MostiFishMod:SupremeArchaeology+1","MostiFishMod:ButterFly","Mind Blast"],"picked":"MostiFishMod:PerfectForm","floor":37},{"not_picked":["Flex+1","Anger+1","EmptyBody+1","Study","Weave+1","MostiFishMod:Speedup"],"picked":"SKIP","floor":45}],"player_experience":323290,"relics_obtained":[{"floor":1.0,"key":"SynthV:TestCard"},{"floor":6.0,"key":"Vajra"},{"floor":9.0,"key":"aspiration:ChemicalBlood"},{"floor":10.0,"key":"Toxic Egg 2"},{"floor":12.0,"key":"Juzu Bracelet"},{"floor":14.0,"key":"Orichalcum"},{"floor":26,"key":"Bottled Lightning"},{"floor":31,"key":"Calipers"},{"floor":36,"key":"Old Coin"},{"floor":43,"key":"Lantern"},{"floor":45,"key":"Red Skull"}],"event_choices":[{"damage_healed":0.0,"max_hp_gain":0.0,"max_hp_loss":0.0,"gold_gain":0.0,"event_name":"Golden Idol","player_choice":"Take Damage","floor":4.0,"gold_loss":0.0,"damage_taken":24.0,"relics_obtained":["Golden Idol"]},{"damage_healed":0.0,"max_hp_gain":0.0,"max_hp_loss":0.0,"gold_gain":0.0,"event_name":"Scrap Ooze","player_choice":"Success","floor":8.0,"gold_loss":0.0,"damage_taken":12.0,"relics_obtained":["Nunchaku"]},{"damage_healed":0.0,"max_hp_gain":0.0,"max_hp_loss":0.0,"gold_gain":100.0,"event_name":"The Joust","player_choice":"Bet on Murderer","floor":20.0,"gold_loss":50.0,"damage_taken":0.0},{"damage_healed":0.0,"max_hp_gain":0.0,"max_hp_loss":0.0,"gold_gain":0.0,"event_name":"Ghosts","player_choice":"Ignored","floor":21.0,"gold_loss":0.0,"damage_taken":0.0},{"damage_healed":0,"gold_gain":0,"player_choice":"Inject Mutagens","damage_taken":0,"relics_obtained":["MutagenicStrength"],"max_hp_gain":0,"max_hp_loss":0,"event_name":"Drug Dealer","floor":25,"gold_loss":0},{"damage_healed":0,"gold_gain":0,"player_choice":"Ignored","damage_taken":0,"max_hp_gain":0,"max_hp_loss":0,"event_name":"Vampires","floor":28,"gold_loss":0},{"damage_healed":0,"gold_gain":0,"player_choice":"Fight","damage_taken":0,"max_hp_gain":0,"max_hp_loss":0,"event_name":"MindBloom","floor":36,"gold_loss":0},{"damage_healed":0,"gold_gain":0,"player_choice":"Memory 1","damage_taken":0,"max_hp_gain":0,"max_hp_loss":0,"event_name":"SensoryStone","floor":37,"gold_loss":0},{"damage_healed":0,"gold_gain":0,"player_choice":"Max HP","damage_taken":0,"max_hp_gain":0,"max_hp_loss":7,"event_name":"Winding Halls","floor":38,"gold_loss":0},{"damage_healed":0,"gold_gain":275,"player_choice":"Desecrate","damage_taken":0,"max_hp_gain":0,"max_hp_loss":0,"event_name":"Golden Shrine","floor":44,"gold_loss":0,"cards_obtained":["Regret"]},{"damage_healed":0,"gold_gain":0,"player_choice":"Ignored","damage_taken":0,"max_hp_gain":0,"max_hp_loss":0,"event_name":"Tomb of Lord Red Mask","floor":46,"gold_loss":0}],"is_beta":false,"boss_relics":[{"not_picked":["REME_LowDesire","Runic Dome"],"picked":"NightmareShop"},{"not_picked":["EE1DDrone","Astrolabe"],"picked":"aspiration:WatcherSkillbook"}],"items_purged_floors":[2,19,29,39,47,48],"is_endless":false,"potions_floor_spawned":[1,3,18,31,45],"ascension_level":0}}