{"host":"684z1xpuwaoqmmh1","time":1613412746,"event":{"mods":["A Magickal Journey","BaseMod","Downfall","Hermit","Jorbs\u0027s Wanderer Trilogy","Marisa????????","Minty Spire (QoL Compilation)","Robot Space Explorer","Shade Mod","StSLib","The Bug Knight","The Dragon Tamer","The Elementalist","The Hayseed","The Hierophant","The Marked","The Mystic","The Runesmith","The Saiyan","The Senshi","The Spell Scribe","The Vixen","TheBandit","TheFirefly"],"gold_per_floor":[109,184,184,199,199,199,224,234,234,244,38,65,65,77,77,179,179,195,195,209,221,221,255,255,255,255,587,587,607,607,633,633,729,729,739,755,810,860,338,369,400,425,451,478,478,458,488,504,504,504,504,504,30,56,56,56],"floor_reached":55,"language":"ENG","playtime":2674,"items_purged":["theMarked:Strike","theMarked:Strike"],"score":1414,"play_id":"dd4c5491-df84-463c-a921-38c8f292b0a2","local_time":"20210215201226","is_ascension_mode":true,"campfire_choices":[{"data":"theMarked:SoldierOfQuellstein","floor":6,"key":"SMITH"},{"data":"1","floor":13,"key":"LIFT"},{"data":"2","floor":15,"key":"LIFT"},{"data":"3","floor":24,"key":"LIFT"},{"floor":30,"key":"REST"},{"data":"theMarked:FavorableWinds","floor":32,"key":"SMITH"},{"floor":45,"key":"RECALL"},{"data":"theMarked:MuscleMemory","floor":49,"key":"SMITH"},{"data":"theMarked:Pokerface","floor":52,"key":"SMITH"}],"circlet_count":0,"master_deck":["theMarked:Strike","theMarked:Strike","theMarked:Defend","theMarked:Defend","theMarked:Defend","theMarked:Defend","theMarked:SoldierOfQuellstein+1","theMarked:ResourceFulStrike","theMarked:ParalyzingBlade","theMarked:Pokerface+1","theMarked:RepellingDischarge","theMarked:GodGivenPower","theMarked:MuscleMemory+1","Flash of Steel+1","theMarked:TunnelVision+1","theMarked:FavorableWinds+1","theMarked:KeepCalmAndFight+1","theMarked:TwofoldDefense","theMarked:OneWithTheBlade+1","theMarked:WastefulAttack+1","theMarked:Defy+1","theMarked:StartUp+1","theMarked:Overcharge","theMarked:Parry+1","theMarked:MysticalArsenal","theMarked:SelfDefenseTraining+1","theMarked:MagusForm"],"relics":["theMarked:ArtifactOfAir","NeowsBlessing","Girya","Guardian:PocketSentry","Molten Egg 2","Torii","SlaversCollar","Toy Ornithopter","MutagenicStrength","Thread and Needle","champ:DuelingGlove","Old Coin","StoneCalendar","Busted Crown","WingedGreaves","Blood Vial","Centennial Puzzle","theMarked:SecretDocuments","Ice Cream","Vajra","hexamod:BolsterEngine","Dream Catcher","TungstenRod","Mercury Hourglass"],"acts_visited":["Exordium","TheCity","TheBeyond","TheEnding"],"potions_floor_usage":[20,23,27,31,37,37,42,54,55,55],"damage_taken":[{"damage":0,"enemies":"Jaw Worm","floor":1,"turns":1},{"damage":0,"enemies":"Small Slimes","floor":4,"turns":1},{"damage":0,"enemies":"3 Sentries","floor":7,"turns":1},{"damage":0,"enemies":"Cultist","floor":8,"turns":3},{"damage":4,"enemies":"Exordium Wildlife","floor":10,"turns":3},{"damage":2,"enemies":"Lagavulin","floor":12,"turns":7},{"damage":1,"enemies":"2 Fungi Beasts","floor":14,"turns":2},{"damage":3,"enemies":"Hexaghost","floor":16,"turns":7},{"damage":2,"enemies":"Spheric Guardian","floor":18,"turns":4},{"damage":1,"enemies":"2 Thieves","floor":20,"turns":4},{"damage":3,"enemies":"Centurion and Healer","floor":21,"turns":6},{"damage":20,"enemies":"Slavers","floor":23,"turns":3},{"damage":0,"enemies":"Book of Stabbing","floor":27,"turns":5},{"damage":0,"enemies":"Cultist and Chosen","floor":29,"turns":3},{"damage":0,"enemies":"Slavers","floor":31,"turns":3},{"damage":17,"enemies":"Champ","floor":33,"turns":8},{"damage":0,"enemies":"3 Shapes","floor":35,"turns":7},{"damage":1,"enemies":"3 Darklings","floor":36,"turns":5},{"damage":17,"enemies":"2 Orb Walkers","floor":37,"turns":5},{"damage":0,"enemies":"Nemesis","floor":40,"turns":3},{"damage":2,"enemies":"Giant Head","floor":41,"turns":7},{"damage":0,"enemies":"Nemesis","floor":42,"turns":5},{"damage":0,"enemies":"Giant Head","floor":44,"turns":5},{"damage":1,"enemies":"Nemesis","floor":47,"turns":7},{"damage":8,"enemies":"Maw","floor":48,"turns":5},{"damage":0,"enemies":"Time Eater","floor":50,"turns":5},{"damage":58,"enemies":"Shield and Spear","floor":54,"turns":4},{"damage":38,"enemies":"The Heart","floor":55,"turns":2}],"seed_played":"-255786103340824679","potions_obtained":[{"floor":7,"key":"ColorlessPotion"},{"floor":10,"key":"ColorlessPotion"},{"floor":14,"key":"bronze:BurnAndBuffPotion"},{"floor":16,"key":"EssenceOfSteel"},{"floor":23,"key":"FearPotion"},{"floor":27,"key":"SneckoOil"},{"floor":29,"key":"GamblersBrew"},{"floor":35,"key":"SneckoOil"},{"floor":36,"key":"hexamod:SoulburnPotion"},{"floor":44,"key":"Weak Potion"},{"floor":46,"key":"bronze:BurnAndBuffPotion"},{"floor":48,"key":"Explosive Potion"}],"is_trial":false,"path_per_floor":["M","?","?","M","?","R","E","M","T","M","$","E","R","M","R","B",null,"M","?","M","M","?","E","R","?","T","E","?","M","R","E","R","B",null,"M","M","?","?","$","E","E","E","T","E","R","?","E","M","R","B",null,"R","$","E","B"],"character_chosen":"THE_DEFAULT","items_purchased":["theMarked:MuscleMemory","Flash of Steel+1","Blood Vial","Centennial Puzzle","theMarked:StartUp+1","theMarked:Overcharge","TungstenRod","theMarked:MysticalArsenal","theMarked:SelfDefenseTraining+1","ColorlessPotion"],"campfire_rested":1,"item_purchase_floors":[11,11,39,39,39,39,53,53,53,53],"current_hp_per_floor":[63,52,52,52,45,45,45,45,45,41,41,39,39,38,38,35,61,59,59,63,60,60,45,45,32,32,37,37,37,59,64,64,47,68,68,67,59,59,59,61,61,68,68,70,70,70,71,65,65,67,73,73,73,22,0,0],"gold":56,"neow_bonus":"THREE_ENEMY_KILL","is_daily":false,"chose_seed":false,"campfire_upgraded":4,"win_rate":0.0,"timestamp":1613412746,"path_taken":["M","?","?","?","?","R","E","M","T","M","$","E","R","M","R","BOSS","M","?","M","M","?","E","R","?","T","E","?","M","R","E","R","BOSS","M","M","?","?","$","E","E","E","T","E","R","?","E","M","R","BOSS","R","$","E","BOSS"],"items_purchased_type":["Card","Card","Relic","Relic","Card","Card","Relic","Card","Card","Potion"],"build_version":"2020-12-22","purchased_purges":2,"victory":false,"max_hp_per_floor":[70,70,70,70,70,70,70,70,70,70,70,70,70,70,70,70,70,70,70,70,70,70,70,70,75,75,75,75,75,75,75,75,75,75,75,75,75,75,75,75,75,75,75,75,75,75,75,75,75,75,75,75,75,75,75,75],"card_choices":[{"not_picked":["theMarked:Heritage","theMarked:Seal"],"picked":"theMarked:ResourceFulStrike","floor":1},{"not_picked":["theMarked:TwofoldDefense","theMarked:WardOff"],"picked":"theMarked:ParalyzingBlade","floor":4},{"not_picked":["theMarked:WardOff","theMarked:TwofoldDefense"],"picked":"theMarked:Pokerface","floor":7},{"not_picked":["theMarked:ResourceFulStrike","theMarked:WastefulAttack"],"picked":"theMarked:RepellingDischarge","floor":8},{"not_picked":["theMarked:TwofoldDefense","theMarked:Maelstrom"],"picked":"theMarked:GodGivenPower","floor":10},{"not_picked":["theMarked:Static","theMarked:Determination"],"picked":"theMarked:TunnelVision+1","floor":12},{"not_picked":["theMarked:TunnelVision+1","theMarked:Electrocute+1","theMarked:Improvise"],"picked":"SKIP","floor":14},{"not_picked":["theMarked:Snap+1","theMarked:BiggerThanFate"],"picked":"theMarked:FavorableWinds","floor":16},{"not_picked":["theMarked:Memento+1","theMarked:Parkour+1"],"picked":"theMarked:KeepCalmAndFight+1","floor":18},{"not_picked":["theMarked:KeepCalmAndFight+1","theMarked:Frustration+1","theMarked:EmpowerWeapon+1"],"picked":"SKIP","floor":20},{"not_picked":["theMarked:TunnelVision+1","theMarked:WardOff","theMarked:ParalyzingBlade"],"picked":"SKIP","floor":21},{"not_picked":["theMarked:Parkour+1","theMarked:Seal"],"picked":"theMarked:TwofoldDefense","floor":23},{"not_picked":["theMarked:BanishingStrike+1","theMarked:EmpowerWeapon"],"picked":"theMarked:OneWithTheBlade+1","floor":27},{"not_picked":["theMarked:HeightenedSenses","theMarked:Maelstrom+1","theMarked:GodGivenPower"],"picked":"SKIP","floor":29},{"not_picked":["theMarked:GodGivenPower+1","theMarked:Improvise"],"picked":"theMarked:WastefulAttack+1","floor":31},{"not_picked":["theMarked:FavorableWinds","theMarked:Vacuum+1"],"picked":"theMarked:Defy+1","floor":33},{"not_picked":["theMarked:EmpowerWeapon+1"],"picked":"SKIP","floor":35},{"not_picked":["theMarked:CreepingChasm+1"],"picked":"SKIP","floor":36},{"not_picked":["theMarked:ResourceFulStrike+1"],"picked":"SKIP","floor":40},{"not_picked":["theMarked:SwordAndMagic+1"],"picked":"SKIP","floor":41},{"not_picked":["theMarked:Frustration+1"],"picked":"SKIP","floor":42},{"not_picked":["theMarked:PowerFlow+1"],"picked":"SKIP","floor":44},{"not_picked":[],"picked":"theMarked:Parry+1","floor":47},{"not_picked":["theMarked:Improvise"],"picked":"SKIP","floor":48},{"not_picked":[],"picked":"theMarked:MagusForm","floor":54}],"player_experience":3307363,"relics_obtained":[{"floor":7,"key":"Guardian:PocketSentry"},{"floor":9,"key":"Molten Egg 2"},{"floor":12,"key":"Torii"},{"floor":23,"key":"Thread and Needle"},{"floor":26,"key":"champ:DuelingGlove"},{"floor":27,"key":"Old Coin"},{"floor":31,"key":"StoneCalendar"},{"floor":37,"key":"WingedGreaves"},{"floor":40,"key":"theMarked:SecretDocuments"},{"floor":41,"key":"Ice Cream"},{"floor":42,"key":"Vajra"},{"floor":44,"key":"hexamod:BolsterEngine"},{"floor":47,"key":"Dream Catcher"},{"floor":54,"key":"Mercury Hourglass"}],"event_choices":[{"damage_healed":0,"gold_gain":75,"player_choice":"Gather Gold","damage_taken":11,"max_hp_gain":0,"max_hp_loss":0,"event_name":"World of Goop","floor":2,"gold_loss":0},{"cards_removed":["theMarked:Strike"],"damage_healed":0,"gold_gain":0,"player_choice":"Offered Basic","damage_taken":0,"max_hp_gain":0,"max_hp_loss":0,"event_name":"Bonfire Elementals","floor":3,"gold_loss":0},{"damage_healed":0,"gold_gain":0,"player_choice":"Success","damage_taken":7,"relics_obtained":["Girya"],"max_hp_gain":0,"max_hp_loss":0,"event_name":"Scrap Ooze","floor":5,"gold_loss":0},{"damage_healed":0,"gold_gain":0,"player_choice":"Opened","damage_taken":0,"relics_obtained":["Toy Ornithopter"],"max_hp_gain":0,"max_hp_loss":0,"event_name":"The Mausoleum","floor":19,"gold_loss":0},{"damage_healed":0,"gold_gain":0,"player_choice":"Inject Mutagens","damage_taken":0,"relics_obtained":["MutagenicStrength"],"max_hp_gain":0,"max_hp_loss":0,"event_name":"Drug Dealer","floor":22,"gold_loss":0},{"damage_healed":0,"gold_gain":0,"player_choice":"Shed Blood","damage_taken":18,"max_hp_gain":5,"max_hp_loss":0,"event_name":"Forgotten Altar","floor":25,"gold_loss":0},{"damage_healed":0,"gold_gain":0,"player_choice":"Fight","damage_taken":0,"max_hp_gain":0,"max_hp_loss":0,"event_name":"Mysterious Sphere","floor":37,"gold_loss":0},{"damage_healed":0,"gold_gain":0,"player_choice":"Bought 1 Potion","damage_taken":0,"max_hp_gain":0,"max_hp_loss":0,"event_name":"The Woman in Blue","floor":46,"gold_loss":0}],"is_beta":false,"boss_relics":[{"not_picked":["theMarked:BronzeBlade","Pandora\u0027s Box"],"picked":"SlaversCollar"},{"not_picked":["theSenshi:MoonKaleidoScopeRelic","theMarked:Eyepatch"],"picked":"Busted Crown"}],"items_purged_floors":[11,39],"is_endless":false,"potions_floor_spawned":[7,10,14,16,23,27,29,35,36,44,48],"killed_by":"The Heart","ascension_level":7}}