{"host":"vyiqbz5w606ur92t","time":1613362197,"event":{"mods":["BaseMod","Downfall","Minty Spire (QoL Compilation)","Relic Stats","StSLib"],"gold_per_floor":[99,110,129,145,145,145,145,45,58,43,73,85,85,70,90,90,90,90],"floor_reached":16,"language":"ENG","playtime":956,"items_purged":[],"score":124,"play_id":"662eb885-d340-4280-b0d1-3a164066378f","local_time":"20210215040957","is_ascension_mode":true,"campfire_choices":[{"floor":1,"key":"RECALL"},{"data":"Apotheosis","floor":8,"key":"SMITH"},{"floor":13,"key":"REST"}],"circlet_count":0,"master_deck":["sneckomod:Strike","sneckomod:Strike","sneckomod:Strike","sneckomod:Defend","sneckomod:Defend","sneckomod:Defend","sneckomod:TailWhip","sneckomod:SnekBite","sneckomod:Unknown","sneckomod:Unknown","Apotheosis+1","sneckomod:SnakeSap","sneckomod:QuickMove","sneckomod:Mudshield","sneckomod:SoulRoll","sneckomod:UnknownRareAttack","sneckomod:UnknownUncommonSkill","sneckomod:UnknownVulnerable","sneckomod:UnknownDexterity","sneckomod:UnknownBlock"],"relics":["sneckomod:SneckoSoul","downfall:ShatteredFragment","Question Card","downfall:HeartBlessingRed","Odd Mushroom"],"acts_visited":["Exordium"],"potions_floor_usage":[11,16,16],"damage_taken":[{"damage":13,"enemies":"Jaw Worm","floor":2,"turns":4},{"damage":0,"enemies":"Small Slimes","floor":3,"turns":4},{"damage":7,"enemies":"2 Louse","floor":4,"turns":2},{"damage":3,"enemies":"Blue Slaver","floor":9,"turns":3},{"damage":5,"enemies":"downfall:FleeingMerchant","floor":10,"turns":4},{"damage":18,"enemies":"The Mushroom Lair","floor":11,"turns":4},{"damage":0,"enemies":"Exordium Wildlife","floor":12,"turns":3},{"damage":0,"enemies":"downfall:FleeingMerchant","floor":14,"turns":4},{"damage":7,"enemies":"2 Fungi Beasts","floor":15,"turns":2},{"damage":41,"enemies":"IC_STATUS_ARCHETYPE","floor":16,"turns":8}],"seed_played":"-5757448097950394094","potions_obtained":[{"floor":3,"key":"AttackPotion"},{"floor":11,"key":"sneckomod:MuddlingPotion"},{"floor":15,"key":"Fruit Juice"}],"is_trial":false,"path_per_floor":["R","M","M","M","?","?","T","R","M","$","?","M","R","$","M","B"],"character_chosen":"THE_SNECKO","items_purchased":[],"campfire_rested":1,"item_purchase_floors":[],"current_hp_per_floor":[81,68,68,61,61,40,40,40,37,32,14,18,43,43,36,0,0,0],"gold":90,"neow_bonus":"RANDOM_COLORLESS_2","is_daily":false,"chose_seed":false,"campfire_upgraded":1,"win_rate":0.0,"timestamp":1613362197,"path_taken":["R","M","M","M","?","?","T","R","M","$","?","M","R","$","M","BOSS"],"items_purchased_type":[],"build_version":"2020-12-22","purchased_purges":0,"victory":false,"max_hp_per_floor":[81,81,81,81,81,81,81,81,81,81,81,85,85,85,85,90,90,90],"relic_stats":{"counters":[10,38],"Question Card":6,"obtain_stats":[{"downfall:ShatteredFragment":6,"downfall:HeartBlessingRed":8,"Odd Mushroom":11,"sneckomod:SneckoSoul":0,"Question Card":7},{"downfall:ShatteredFragment":3,"downfall:HeartBlessingRed":3,"Odd Mushroom":6,"sneckomod:SneckoSoul":0,"Question Card":3},{"downfall:ShatteredFragment":10,"downfall:HeartBlessingRed":10,"Odd Mushroom":21,"sneckomod:SneckoSoul":0,"Question Card":10}]},"card_choices":[{"not_picked":["Transmutation","Thinking Ahead"],"picked":"Apotheosis","floor":0},{"not_picked":["sneckomod:DiceCrush","sneckomod:UnknownBlock"],"picked":"sneckomod:SnakeSap","floor":2},{"not_picked":["sneckomod:UnknownExhaust","sneckomod:DiceBlock"],"picked":"sneckomod:QuickMove","floor":3},{"not_picked":["sneckomod:UnknownBlock","sneckomod:Unknown1Cost"],"picked":"sneckomod:Mudshield","floor":4},{"not_picked":["sneckomod:Unknown2Cost","sneckomod:UnknownBlock","sneckomod:UnknownUncommonSkill"],"picked":"sneckomod:SoulRoll","floor":9},{"not_picked":["sneckomod:Memorize","sneckomod:UnknownBlock","sneckomod:UnknownVulnerable"],"picked":"sneckomod:UnknownRareAttack","floor":10},{"not_picked":["sneckomod:QuickMove","sneckomod:WideSting","sneckomod:MixItUp"],"picked":"sneckomod:UnknownUncommonSkill","floor":11},{"not_picked":["sneckomod:Unknown0Cost","sneckomod:UnknownStrength","sneckomod:DiceBlock"],"picked":"sneckomod:UnknownVulnerable","floor":12},{"not_picked":["sneckomod:UnknownUncommonAttack","sneckomod:RainOfDice","sneckomod:UnknownCommonAttack"],"picked":"sneckomod:UnknownDexterity","floor":14},{"not_picked":["sneckomod:UnknownStrike","sneckomod:RainOfDice","sneckomod:QuickMove"],"picked":"sneckomod:UnknownBlock","floor":15}],"player_experience":1784240,"relics_obtained":[{"floor":7,"key":"Question Card"},{"floor":11,"key":"Odd Mushroom"}],"event_choices":[{"damage_healed":0,"gold_gain":0,"player_choice":"Fought Mushrooms","damage_taken":0,"max_hp_gain":0,"max_hp_loss":0,"event_name":"Mushrooms","floor":11,"gold_loss":0}],"is_beta":false,"boss_relics":[],"items_purged_floors":[],"is_endless":false,"potions_floor_spawned":[3,11,15],"killed_by":"IC_STATUS_ARCHETYPE","ascension_level":7}}