{"host":"2c84cb4cp1emursg","time":1613427979,"event":{"mods":["Act Like it!","BaseMod","Better Third Choice","Bossed Relics","Hermit","Mimic Mod","Minty Spire (QoL Compilation)","Permanent Neow","Ruina","StSLib","TheSurvivalist"],"gold_per_floor":[110,122,142,154,164,164,195,195,222,222,222],"floor_reached":10,"language":"ENG","playtime":363,"items_purged":[],"score":84,"play_id":"ab01fd78-944f-4443-b799-d9337ed72a04","local_time":"20210215152619","is_ascension_mode":true,"campfire_choices":[{"data":"Zap","floor":6,"key":"SMITH"},{"data":"White Noise","floor":8,"key":"SMITH"}],"circlet_count":0,"master_deck":["Strike_B","Strike_B","Strike_B","Strike_B","Defend_B","Defend_B","Defend_B","Defend_B","Zap+1","Dualcast","Echo Form","Beam Cell","Ball Lightning","Ball Lightning","Tempest","White Noise+1"],"relics":["Cracked Core","Pen Nib","Anchor"],"acts_visited":["Exordium"],"potions_floor_usage":[5,7,7],"damage_taken":[{"damage":1,"enemies":"Cultist","floor":1,"turns":4},{"damage":13,"enemies":"Jaw Worm","floor":2,"turns":4},{"damage":0,"enemies":"2 Louse","floor":3,"turns":4},{"damage":7,"enemies":"Looter","floor":4,"turns":3},{"damage":4,"enemies":"Blue Slaver","floor":5,"turns":3},{"damage":23,"enemies":"3 Sentries","floor":7,"turns":6},{"damage":18,"enemies":"Gremlin Nob","floor":10,"turns":2}],"seed_played":"3340872695528324483","potions_obtained":[{"floor":1,"key":"FearPotion"},{"floor":2,"key":"Block Potion"},{"floor":5,"key":"Block Potion"},{"floor":7,"key":"Fruit Juice"}],"is_trial":false,"path_per_floor":["M","M","M","M","M","R","E","R","T","E"],"character_chosen":"DEFECT","items_purchased":[],"campfire_rested":0,"item_purchase_floors":[],"current_hp_per_floor":[53,40,40,33,29,29,11,11,11,0,0],"gold":222,"neow_bonus":"THREE_RARE_CARDS","is_daily":false,"chose_seed":false,"campfire_upgraded":2,"win_rate":0.0,"timestamp":1613427979,"path_taken":["M","M","M","M","?","R","E","R","T","E"],"items_purchased_type":[],"build_version":"2020-12-22","purchased_purges":0,"victory":false,"max_hp_per_floor":[75,75,75,75,75,75,80,80,80,80,80],"card_choices":[{"not_picked":["Creative AI","Fission"],"picked":"Echo Form","floor":0},{"not_picked":["Gash","Sweeping Beam","Barrage"],"picked":"SKIP","floor":1},{"not_picked":["Redo","Compile Driver"],"picked":"Beam Cell","floor":2},{"not_picked":["Melter","Rebound"],"picked":"Ball Lightning","floor":3},{"not_picked":["Gash","FTL"],"picked":"Ball Lightning","floor":4},{"not_picked":["Coolheaded","Cold Snap"],"picked":"Tempest","floor":5},{"not_picked":["Coolheaded","Redo"],"picked":"White Noise","floor":7}],"player_experience":479450,"relics_obtained":[{"floor":7,"key":"Pen Nib"},{"floor":9,"key":"Anchor"}],"event_choices":[],"is_beta":false,"boss_relics":[],"items_purged_floors":[],"is_endless":false,"potions_floor_spawned":[1,2,5,7],"killed_by":"Gremlin Nob","ascension_level":4}}