{"host":"y36bp6mnm73x3iob","time":1613418311,"event":{"mods":["2.2 Compatiblity","BaseMod","Bossed Relics","GifTheSpireLib","Hermit","Minty Spire (QoL Compilation)","Reliquary","StSLib"],"gold_per_floor":[110,130,130,19,35,35,35,35,35],"floor_reached":8,"language":"ENG","playtime":286,"items_purged":["Strike_G"],"score":55,"play_id":"b7cebe3f-d382-4307-9835-9d3f5e54d6dc","local_time":"20210215214511","is_ascension_mode":true,"campfire_choices":[{"data":"Footwork","floor":6,"key":"SMITH"}],"circlet_count":0,"master_deck":["Strike_G","Strike_G","Strike_G","Defend_G","Defend_G","Defend_G","Defend_G","Defend_G","Survivor","Neutralize","Venomology","Dodge and Roll","Deadly Poison","Footwork+1","Heel Hook"],"relics":["Ring of the Snake"],"acts_visited":["Exordium"],"potions_floor_usage":[5,5,5,8,8],"damage_taken":[{"damage":1,"enemies":"Small Slimes","floor":1,"turns":7},{"damage":1,"enemies":"Cultist","floor":2,"turns":5},{"damage":0,"enemies":"Jaw Worm","floor":5,"turns":4},{"damage":94,"enemies":"Gremlin Nob","floor":8,"turns":7}],"seed_played":"-2208962534820082323","potions_obtained":[{"floor":2,"key":"Regen Potion"}],"is_trial":false,"path_per_floor":["M","M","?","$","M","R","?","E"],"character_chosen":"THE_SILENT","items_purchased":["Footwork"],"campfire_rested":0,"item_purchase_floors":[4],"current_hp_per_floor":[48,47,47,47,61,61,61,0,0],"gold":35,"neow_bonus":"THREE_RARE_CARDS","is_daily":false,"chose_seed":false,"campfire_upgraded":1,"win_rate":0.0,"timestamp":1613418311,"path_taken":["M","M","?","$","?","R","?","E"],"items_purchased_type":["Card"],"build_version":"2020-12-22","purchased_purges":1,"victory":false,"max_hp_per_floor":[70,70,70,70,70,70,70,70,70],"card_choices":[{"not_picked":["Envenom","Phantasmal Killer"],"picked":"Venomology","floor":0},{"not_picked":["Prepared","Deflect"],"picked":"Dodge and Roll","floor":1},{"not_picked":["PiercingWail","Dodge and Roll"],"picked":"Deadly Poison","floor":2},{"not_picked":["Endless Agony","Deflect"],"picked":"Heel Hook","floor":5}],"player_experience":556272,"relics_obtained":[],"event_choices":[{"damage_healed":0,"gold_gain":0,"player_choice":"Bought 0 Potions","damage_taken":0,"max_hp_gain":0,"max_hp_loss":0,"event_name":"The Woman in Blue","floor":3,"gold_loss":0},{"cards_removed":["Strike_G"],"damage_healed":0,"gold_gain":0,"player_choice":"Offered Basic","damage_taken":0,"max_hp_gain":0,"max_hp_loss":0,"event_name":"Bonfire Elementals","floor":7,"gold_loss":0}],"is_beta":false,"boss_relics":[],"items_purged_floors":[4],"is_endless":false,"potions_floor_spawned":[2],"killed_by":"Gremlin Nob","ascension_level":4}}