{"host":"ef2yae0c2dejfw9q","time":1613376541,"event":{"mods":["BaseMod","Card Forge","Colored Powertips","Highlight Path","Minty Spire (QoL Compilation)","StSLib"],"gold_per_floor":[114,114,9524,9524,9534,9534,9564,9118,9195,9195,9214,9234,9234,9261,9261,9366,9366,9383,9298,9311,8771,8786,8811,8822,8822,8845,8874,8173,8173,8204,8217,8217,8316,8316,8335,8107,8121,8121,8133,8161,8161,8191,8191,7915,7951,8004,8023,8042,8042,8042],"floor_reached":51,"language":"ENG","playtime":1120,"items_purged":[],"score":1447,"play_id":"74dded59-49b6-4c54-9be3-d4ca2bba6844","local_time":"20210215000901","is_ascension_mode":true,"campfire_choices":[{"floor":6,"key":"REST"},{"floor":10,"key":"REST"},{"floor":15,"key":"REST"},{"data":"Alpha","floor":29,"key":"SMITH"}],"circlet_count":0,"master_deck":["Omega+1","Omega+1","Alpha+1"],"relics":["PureWater","Hammer of Thor","Seething Fire","Anvil of the Gods","Akabeko","WingedGreaves","Strange Spoon","Whetstone","War Paint","Bag of Marbles","Dream Catcher","DollysMirror","Frozen Egg 2","Centennial Puzzle","Coffee Dripper","Omamori","Blood Vial","Mummified Hand","Chemical X","Singing Bowl","Bag of Preparation","Incense Burner","Anchor","Du-Vu Doll","Membership Card","Red Mask","Velvet Choker","Toy Ornithopter","Orichalcum","PrismaticShard","Art of War","Damaru","Ornamental Fan","Nunchaku","Letter Opener","Toolbox","Ice Cream"],"acts_visited":["Exordium","TheCity","TheBeyond"],"potions_floor_usage":[16,27,27,27,33,33,39,50],"damage_taken":[{"damage":0,"enemies":"2 Louse","floor":1,"turns":2},{"damage":0,"enemies":"Small Slimes","floor":5,"turns":1},{"damage":0,"enemies":"3 Sentries","floor":7,"turns":1},{"damage":0,"enemies":"Cultist","floor":11,"turns":1},{"damage":0,"enemies":"2 Fungi Beasts","floor":12,"turns":1},{"damage":0,"enemies":"Lagavulin","floor":14,"turns":2},{"damage":42,"enemies":"Hexaghost","floor":16,"turns":3},{"damage":0,"enemies":"2 Thieves","floor":18,"turns":1},{"damage":12,"enemies":"Chosen","floor":20,"turns":2},{"damage":0,"enemies":"Centurion and Healer","floor":22,"turns":2},{"damage":18,"enemies":"Gremlin Leader","floor":23,"turns":2},{"damage":20,"enemies":"Shelled Parasite and Fungi","floor":24,"turns":2},{"damage":14,"enemies":"Book of Stabbing","floor":27,"turns":2},{"damage":0,"enemies":"Masked Bandits","floor":30,"turns":1},{"damage":0,"enemies":"Sentry and Sphere","floor":31,"turns":1},{"damage":0,"enemies":"Collector","floor":33,"turns":3},{"damage":0,"enemies":"Orb Walker","floor":35,"turns":1},{"damage":0,"enemies":"3 Shapes","floor":37,"turns":1},{"damage":0,"enemies":"Transient","floor":39,"turns":5},{"damage":45,"enemies":"Nemesis","floor":40,"turns":3},{"damage":0,"enemies":"Reptomancer","floor":42,"turns":2},{"damage":0,"enemies":"4 Shapes","floor":45,"turns":1},{"damage":0,"enemies":"2 Orb Walkers","floor":46,"turns":1},{"damage":0,"enemies":"Sphere and 2 Shapes","floor":47,"turns":1},{"damage":2,"enemies":"Writhing Mass","floor":48,"turns":2},{"damage":0,"enemies":"Time Eater","floor":50,"turns":3}],"seed_played":"-7651012123842712867","potions_obtained":[{"floor":0,"key":"SteroidPotion"},{"floor":0,"key":"GamblersBrew"},{"floor":0,"key":"SteroidPotion"},{"floor":14,"key":"BottledMiracle"},{"floor":16,"key":"Explosive Potion"},{"floor":22,"key":"Regen Potion"},{"floor":35,"key":"Explosive Potion"},{"floor":37,"key":"Regen Potion"},{"floor":39,"key":"Strength Potion"},{"floor":42,"key":"BlessingOfTheForge"}],"is_trial":false,"path_per_floor":["M","?","$","?","M","R","E","$","T","R","M","M","?","E","R","B",null,"M","?","M","$","M","E","M","?","T","E","$","R","?","M","R","B",null,"M","$","M","?","M","E","?","E","T","$","M","?","M","M","R","B",null],"character_chosen":"WATCHER","items_purchased":["WingedGreaves","Strange Spoon","Whetstone","Bag of Marbles","Dream Catcher","DollysMirror","Blood Vial","Mummified Hand","Chemical X","Anchor","Du-Vu Doll","Membership Card","SkillPotion","SkillPotion","GamblersBrew","Toy Ornithopter","Orichalcum","PrismaticShard","Nunchaku","Letter Opener","Toolbox"],"campfire_rested":3,"item_purchase_floors":[3,3,3,8,8,8,21,21,21,28,28,28,28,28,28,36,36,36,44,44,44],"current_hp_per_floor":[65,58,58,63,63,72,72,72,72,72,72,72,72,72,72,30,62,62,62,50,50,52,38,22,22,22,21,21,21,25,29,29,33,71,75,75,79,88,90,47,43,47,47,47,51,55,59,61,61,68],"gold":8042,"neow_bonus":"THREE_SMALL_POTIONS","is_daily":false,"chose_seed":false,"campfire_upgraded":1,"win_rate":0.0,"timestamp":1613376541,"path_taken":["M","?","$","?","?","R","E","$","T","R","M","M","?","E","R","BOSS","M","?","M","$","M","E","M","?","T","E","?","R","?","M","R","BOSS","M","$","M","?","M","E","?","E","T","$","M","?","?","M","R","BOSS"],"items_purchased_type":["Relic","Relic","Relic","Relic","Relic","Relic","Relic","Relic","Relic","Relic","Relic","Relic","Potion","Potion","Potion","Relic","Relic","Relic","Relic","Relic","Relic"],"build_version":"2020-12-22","purchased_purges":0,"victory":true,"max_hp_per_floor":[72,72,72,72,72,72,72,72,72,72,72,72,72,72,72,72,72,72,72,72,72,72,74,76,76,76,78,78,78,80,82,82,84,84,86,86,88,88,90,92,98,100,100,100,102,104,106,108,108,108],"card_choices":[{"not_picked":["FlyingSleeves","WreathOfFlame","CutThroughFate"],"picked":"SKIP","floor":1},{"not_picked":["EmptyFist","Conclude","FlyingSleeves"],"picked":"SKIP","floor":5},{"not_picked":["BowlingBash","CrushJoints","CarveReality"],"picked":"SKIP","floor":7},{"not_picked":["ThirdEye","Prostrate","Meditate"],"picked":"SKIP","floor":11},{"not_picked":["PathToVictory","Wallop","JustLucky"],"picked":"SKIP","floor":12},{"not_picked":["ReachHeaven","EmptyFist","Adaptation+1"],"picked":"SKIP","floor":14},{"not_picked":["SpiritShield","Ragnarok"],"picked":"Alpha","floor":16},{"not_picked":["Halt","BowlingBash+1","CarveReality"],"picked":"SKIP","floor":18},{"not_picked":["Adaptation+1","WindmillStrike+1","FollowUp"],"picked":"SKIP","floor":20},{"not_picked":["ThirdEye","ClearTheMind","Prostrate"],"picked":"SKIP","floor":22},{"not_picked":["WindmillStrike","Evaluate","ThirdEye"],"picked":"Singing Bowl","floor":23},{"not_picked":["PathToVictory","Fasting2+1","WheelKick"],"picked":"Singing Bowl","floor":24},{"not_picked":["WaveOfTheHand","SashWhip+1","EmptyFist"],"picked":"Singing Bowl","floor":27},{"not_picked":["Weave","CutThroughFate","Meditate"],"picked":"Singing Bowl","floor":30},{"not_picked":["Collect+1","Swivel","Crescendo+1"],"picked":"Singing Bowl","floor":31},{"not_picked":["Ragnarok","SpiritShield","Wish"],"picked":"Singing Bowl","floor":33},{"not_picked":["Study+1","FollowUp+1","EmptyMind+1"],"picked":"Singing Bowl","floor":35},{"not_picked":["Finesse","Heavy Blade+1","Warcry+1"],"picked":"Singing Bowl","floor":37},{"not_picked":["Panacea","EmptyFist","Clash"],"picked":"Singing Bowl","floor":39},{"not_picked":["Sucker Punch+1","Swift Strike+1","Dash+1"],"picked":"Singing Bowl","floor":40},{"not_picked":["Panacea","Secret Technique","The Bomb"],"picked":"Singing Bowl","floor":41},{"not_picked":["Dramatic Entrance","The Bomb","Mind Blast"],"picked":"Singing Bowl","floor":41},{"not_picked":["Good Instincts","Trip","Swift Strike"],"picked":"Singing Bowl","floor":41},{"not_picked":["PiercingWail","SandsOfTime+1","Flying Knee+1"],"picked":"Singing Bowl","floor":42},{"not_picked":["Impatience","PathToVictory","Caltrops+1"],"picked":"Singing Bowl","floor":45},{"not_picked":["ClearTheMind","Power Through","Havoc"],"picked":"Singing Bowl","floor":46},{"not_picked":["Demon Form+1","Consecrate","Compile Driver"],"picked":"Singing Bowl","floor":47},{"not_picked":["Dodge and Roll+1","Clash","Poisoned Stab+1"],"picked":"Singing Bowl","floor":48}],"player_experience":133213,"relics_obtained":[{"floor":7,"key":"War Paint"},{"floor":9,"key":"Frozen Egg 2"},{"floor":14,"key":"Centennial Puzzle"},{"floor":23,"key":"Singing Bowl"},{"floor":26,"key":"Bag of Preparation"},{"floor":27,"key":"Incense Burner"},{"floor":30,"key":"Red Mask"},{"floor":40,"key":"Art of War"},{"floor":42,"key":"Damaru"},{"floor":43,"key":"Ornamental Fan"},{"floor":46,"key":"Ice Cream"}],"event_choices":[{"damage_healed":0,"gold_gain":0,"player_choice":"Success","damage_taken":7,"relics_obtained":["Akabeko"],"max_hp_gain":0,"max_hp_loss":0,"event_name":"Scrap Ooze","floor":2,"gold_loss":0},{"cards_removed":["Omega"],"damage_healed":5,"gold_gain":0,"player_choice":"Offered Special","damage_taken":0,"max_hp_gain":0,"max_hp_loss":0,"event_name":"Bonfire Elementals","floor":4,"gold_loss":0},{"damage_healed":0,"gold_gain":0,"player_choice":"Ignored","damage_taken":0,"max_hp_gain":0,"max_hp_loss":0,"event_name":"Shining Light","floor":13,"gold_loss":0},{"damage_healed":0,"gold_gain":0,"player_choice":"Obtained Relic","damage_taken":0,"relics_obtained":["Omamori"],"max_hp_gain":0,"max_hp_loss":0,"event_name":"Addict","floor":19,"gold_loss":85},{"damage_healed":0,"gold_gain":0,"player_choice":"Ignored","damage_taken":0,"max_hp_gain":0,"max_hp_loss":0,"event_name":"Vampires","floor":25,"gold_loss":0},{"damage_healed":0,"gold_gain":0,"player_choice":"Fought Bandits","damage_taken":0,"max_hp_gain":0,"max_hp_loss":0,"event_name":"Masked Bandits","floor":30,"gold_loss":0},{"damage_healed":22,"gold_gain":0,"player_choice":"Writhe","damage_taken":0,"max_hp_gain":0,"max_hp_loss":0,"event_name":"Winding Halls","floor":38,"gold_loss":0,"cards_obtained":["Writhe"]},{"damage_healed":0,"gold_gain":0,"player_choice":"Memory 3","damage_taken":10,"max_hp_gain":0,"max_hp_loss":0,"event_name":"SensoryStone","floor":41,"gold_loss":0},{"damage_healed":0,"gold_gain":0,"player_choice":"Fight","damage_taken":0,"max_hp_gain":0,"max_hp_loss":0,"event_name":"Mysterious Sphere","floor":46,"gold_loss":0}],"is_beta":false,"boss_relics":[{"not_picked":["Runic Pyramid","Pandora\u0027s Box"],"picked":"Coffee Dripper"},{"not_picked":["SacredBark","Tiny House"],"picked":"Velvet Choker"}],"items_purged_floors":[],"is_endless":false,"potions_floor_spawned":[7,14,16,22,30,35,37,39,42],"ascension_level":7}}