{"host":"43wsnxh97mgjl5zw","time":1613375805,"event":{"mods":["Aspiration","BaseMod","Colored Map","Colored Powertips","Downfall","Hubris","Minty Spire (QoL Compilation)","Quick Restart","Rare Cards Sparkle","Relic Sorter","Replay The Spire","StSLib"],"gold_per_floor":[115,134,154,1,1,31,31,56,56,56,56],"floor_reached":10,"language":"ENG","playtime":427,"items_purged":["Strike_R"],"score":152,"play_id":"8463d67b-f0bb-4424-ab1a-7843937b1fe7","local_time":"20210215095645","is_ascension_mode":true,"campfire_choices":[{"data":"TalkToTheHand","floor":7,"key":"SMITH"}],"circlet_count":0,"master_deck":["AscendersBane","Strike_R","Strike_R","Strike_R","Strike_R","Defend_R","Defend_R","Defend_R","Defend_R","Bash","Flame Barrier","Headbutt","Entrench","TalkToTheHand+1","Dagger Throw","ThirdEye"],"relics":["Burning Blood","aspiration:Nostalgia","Replay:M_StaffOfTheSnake","hubris:Zylophone","Boot","hubris:Potato"],"acts_visited":["Exordium"],"potions_floor_usage":[6],"damage_taken":[{"damage":7,"enemies":"Cultist","floor":1,"turns":4},{"damage":0,"enemies":"Jaw Worm","floor":2,"turns":5},{"damage":3,"enemies":"2 Louse","floor":3,"turns":2},{"damage":48,"enemies":"Gremlin Nob","floor":6,"turns":5},{"damage":23,"enemies":"Replay:BlueRogue","floor":8,"turns":10},{"damage":14,"enemies":"3 Sentries","floor":10,"turns":5}],"seed_played":"1964707339542917527","potions_obtained":[{"floor":3,"key":"PowerPotion"},{"floor":6,"key":"Reflective Coating"}],"is_trial":false,"path_per_floor":["M","M","M","$","?","E","R","E","T","E"],"character_chosen":"IRONCLAD","items_purchased":["TalkToTheHand"],"campfire_rested":0,"item_purchase_floors":[4],"current_hp_per_floor":[67,73,75,75,75,33,33,16,16,2,2],"gold":56,"neow_bonus":"NOSTALGIA","is_daily":false,"chose_seed":false,"campfire_upgraded":1,"win_rate":0.0,"timestamp":1613375805,"path_taken":["M","M","?","$","?","E","R","E","T","E"],"items_purchased_type":["Card"],"build_version":"2020-12-22","purchased_purges":1,"victory":false,"max_hp_per_floor":[75,75,75,75,75,75,75,75,75,75,75],"card_choices":[{"not_picked":["Sword Boomerang","Crescendo"],"picked":"Flame Barrier","floor":1},{"not_picked":["Replay:Undeath\u0027s Touch","Flex"],"picked":"Headbutt","floor":2},{"not_picked":["EmptyMind","Escape Plan"],"picked":"Entrench","floor":3},{"not_picked":["Shrug It Off","Flying Knee"],"picked":"Dagger Throw","floor":6},{"not_picked":["Wild Strike","Fire Breathing"],"picked":"ThirdEye","floor":8}],"player_experience":1245455,"relics_obtained":[{"floor":6,"key":"hubris:Zylophone"},{"floor":8,"key":"Boot"},{"floor":9,"key":"hubris:Potato"}],"event_choices":[],"is_beta":false,"boss_relics":[],"items_purged_floors":[4],"is_endless":false,"potions_floor_spawned":[3,6],"killed_by":"3 Sentries","ascension_level":20}}