{"host":"rjfefv2ruvigm2gb","time":1613374242,"event":{"mods":["AlwaysNeverKeys","BaseMod","Better Note","Better Third Choice","BetterRewards","Block Reminder","Bossed Relics","Colored Map","Colored Powertips","Curses Come First","Displayed Cursed Tome","Downfall","Fox Events","Gold Saver","Googly Eyes","Highlight Path","Minty Spire (QoL Compilation)","Permanent Neow","Quick Restart","Relic Stats","Reliquary","Shop Mod","Small Relic Pack","StSLib","SuperFastMode","Transform Curses","Uncapped","Virulent Crown"],"gold_per_floor":[741,754,754,774,784,812,812,840,840,860,860,860,877,907,919,1024,1024,1024,1040,1058,1158,652,668,693,719,424,424,424,424],"floor_reached":27,"language":"ENG","playtime":1613,"items_purged":["bronze:Defend","bronze:Verify+1"],"score":341,"play_id":"1ba7b54a-2b30-4df9-becb-71c457f7717e","local_time":"20210215013042","is_ascension_mode":true,"campfire_choices":[{"data":"bronze:Replicate","floor":1.0,"key":"SMITH"},{"floor":9.0,"key":"REST"},{"data":"bronze:Verify","floor":18,"key":"SMITH"}],"circlet_count":0,"master_deck":["bronze:Defend","bronze:Defend","bronze:Defend","bronze:Replicate+1","bronze:Goto","bronze:Shield","bronze:Iterate","bronze:BuggyMess","bronze:BugBarrage","bronze:BronzeOrb","bronze:BugBarrage","bronze:ChildClass","bronze:MaxOutput"],"relics":["bronze:BronzeCore","downfall:HeartBlessingRed","downfall:HeartBlessingGreen","downfall:HeartBlessingBlue","Prayer Wheel","Incense Burner","reliquary:TuningFork","relicPack:OneForAll","Orichalcum","Vajra","Empty Cage","Potion Belt","reliquary:RoseTintedGlasses","Bottled Lightning","Smiling Mask","Anchor","reliquary:BrokenClock"],"acts_visited":["Exordium","TheCity"],"potions_floor_usage":[16,20,21,25,25,25,27],"damage_taken":[{"damage":1.0,"enemies":"Jaw Worm","floor":2.0,"turns":3.0},{"damage":0.0,"enemies":"Cultist","floor":4.0,"turns":5.0},{"damage":1.0,"enemies":"2 Louse","floor":5.0,"turns":2.0},{"damage":16.0,"enemies":"Lagavulin","floor":6.0,"turns":7.0},{"damage":24.0,"enemies":"3 Sentries","floor":8.0,"turns":11.0},{"damage":2.0,"enemies":"Exordium Wildlife","floor":10.0,"turns":4.0},{"damage":0.0,"enemies":"Blue Slaver","floor":13.0,"turns":5.0},{"damage":11.0,"enemies":"Gremlin Nob","floor":14.0,"turns":4.0},{"damage":11.0,"enemies":"Exordium Thugs","floor":15.0,"turns":5.0},{"damage":2,"enemies":"SI_SHIV_ARCHETYPE","floor":16,"turns":7},{"damage":2,"enemies":"Shell Parasite","floor":19,"turns":7},{"damage":8,"enemies":"3 Byrds","floor":20,"turns":5},{"damage":0,"enemies":"downfall:LadyInBlue","floor":21,"turns":8},{"damage":0,"enemies":"downfall:FleeingMerchant","floor":22,"turns":4},{"damage":22,"enemies":"Centurion and Healer","floor":23,"turns":7},{"damage":34,"enemies":"Book of Stabbing","floor":25,"turns":6},{"damage":3,"enemies":"downfall:FleeingMerchant","floor":26,"turns":4},{"damage":11,"enemies":"Snake Plant","floor":27,"turns":2}],"seed_played":"-1470665192097716163","potions_obtained":[{"floor":2.0,"key":"hexamod:SoulburnPotion"},{"floor":8.0,"key":"PowerPotion"},{"floor":14.0,"key":"bronze:FreeFunctionsPotion"},{"floor":19,"key":"Explosive Potion"},{"floor":21,"key":"SpeedPotion"},{"floor":21,"key":"hexamod:SoulburnPotion"},{"floor":21,"key":"Dexterity Potion"},{"floor":21,"key":"sneckomod:MuddlingPotion"}],"is_trial":false,"path_per_floor":["R","M","?","M","M","E","T","E","R","M","?","T","M","E","M","B",null,"R","M","M","?","$","M","T","E","$","M"],"character_chosen":"THE_AUTOMATON","items_purchased":["reliquary:RoseTintedGlasses","Bottled Lightning","reliquary:BrokenClock","bronze:MaxOutput"],"campfire_rested":1,"item_purchase_floors":[22,22,26,26],"current_hp_per_floor":[87,86,86,86,85,69,69,45,71,69,69,69,69,58,47,45,77,77,75,67,67,67,45,45,11,8,0,0,0],"gold":424,"neow_bonus":"TEN_PERCENT_HP_BONUS","is_daily":false,"chose_seed":false,"campfire_upgraded":2,"win_rate":0.0,"timestamp":1613374242,"path_taken":["R","M","?","?","M","E","T","E","R","M","?","?","M","E","M","BOSS","R","M","M","?","?","M","T","E","$","M"],"items_purchased_type":["Relic","Relic","Relic","Card"],"build_version":"2020-12-22","purchased_purges":2,"victory":false,"max_hp_per_floor":[87,87,87,87,87,87,87,87,87,87,87,87,87,87,87,87,87,87,87,87,87,87,87,87,87,87,87,87,87],"relic_stats":{"counters":[18,96],"Prayer Wheel":6,"Orichalcum":[60],"Smiling Mask":50,"obtain_stats":[{"Potion Belt":21,"bronze:BronzeCore":0,"downfall:HeartBlessingRed":1,"Vajra":14,"downfall:HeartBlessingGreen":1,"Incense Burner":7,"Orichalcum":12,"Empty Cage":17,"Smiling Mask":24,"relicPack:OneForAll":11,"Anchor":25,"downfall:HeartBlessingBlue":1,"Prayer Wheel":6,"reliquary:RoseTintedGlasses":22,"reliquary:TuningFork":8,"reliquary:BrokenClock":26,"Bottled Lightning":22},{"Potion Belt":13,"bronze:BronzeCore":0,"downfall:HeartBlessingRed":0,"Vajra":8,"downfall:HeartBlessingGreen":0,"Incense Burner":4,"Orichalcum":6,"Empty Cage":10,"Smiling Mask":15,"relicPack:OneForAll":6,"Anchor":16,"downfall:HeartBlessingBlue":0,"Prayer Wheel":4,"reliquary:RoseTintedGlasses":14,"reliquary:TuningFork":5,"reliquary:BrokenClock":17,"Bottled Lightning":14},{"Potion Belt":73,"bronze:BronzeCore":0,"downfall:HeartBlessingRed":0,"Vajra":41,"downfall:HeartBlessingGreen":0,"Incense Burner":17,"Orichalcum":32,"Empty Cage":53,"Smiling Mask":84,"relicPack:OneForAll":32,"Anchor":90,"downfall:HeartBlessingBlue":0,"Prayer Wheel":17,"reliquary:RoseTintedGlasses":77,"reliquary:TuningFork":28,"reliquary:BrokenClock":94,"Bottled Lightning":77}]},"card_choices":[{"not_picked":["bronze:Optimize","bronze:Return"],"picked":"bronze:Shield","floor":2.0},{"not_picked":["bronze:Branch","bronze:Separator"],"picked":"bronze:Iterate","floor":4.0},{"not_picked":["bronze:Frontload","bronze:Repulsor","bronze:Philosophize"],"picked":"SKIP","floor":5.0},{"not_picked":["bronze:Invalidate","bronze:Repulsor"],"picked":"bronze:Verify","floor":6.0},{"not_picked":["bronze:Invalidate","bronze:Shield","bronze:CutThrough"],"picked":"SKIP","floor":8.0},{"not_picked":["bronze:Branch","bronze:InfiniteBeams","bronze:ForLoop"],"picked":"SKIP","floor":10.0},{"not_picked":["bronze:Backtrace","bronze:Shield","bronze:DelayedSlice"],"picked":"SKIP","floor":10.0},{"not_picked":["bronze:DelayedGuard","bronze:Boost","bronze:DelayedSlice"],"picked":"SKIP","floor":13.0},{"not_picked":["bronze:ForLoop","bronze:BronzeArmor","bronze:Repair"],"picked":"SKIP","floor":13.0},{"not_picked":["bronze:Invalidate","bronze:Refactor","bronze:CutThrough"],"picked":"SKIP","floor":14.0},{"not_picked":["bronze:Iterate","bronze:Allocate"],"picked":"bronze:BuggyMess","floor":15.0},{"not_picked":["bronze:WhirlingStrike","bronze:Invalidate","bronze:Turbo"],"picked":"SKIP","floor":15.0},{"not_picked":["bronze:Turbo","bronze:Repair+1"],"picked":"bronze:BugBarrage","floor":19},{"not_picked":["bronze:CutThrough+1","bronze:Overheat","bronze:DelayedGuard+1"],"picked":"SKIP","floor":19},{"not_picked":["bronze:OilSpill","bronze:WildBeam"],"picked":"bronze:BronzeOrb","floor":20},{"not_picked":["bronze:Flail+1","bronze:OilSpill","bronze:DelayedGuard"],"picked":"SKIP","floor":20},{"not_picked":["bronze:Allocate","bronze:BitShift+1"],"picked":"bronze:BugBarrage","floor":22},{"not_picked":["bronze:Mutator","bronze:Backtrace+1","bronze:OilSpill"],"picked":"SKIP","floor":23},{"not_picked":["bronze:Invalidate","bronze:Iterate","bronze:CutThrough"],"picked":"SKIP","floor":23},{"not_picked":["bronze:Flail","bronze:DigitalCarnage"],"picked":"bronze:ChildClass","floor":25},{"not_picked":["bronze:CutThrough","bronze:MaxOutput","bronze:Separator"],"picked":"SKIP","floor":26}],"player_experience":1113432,"relics_obtained":[{"floor":6.0,"key":"Prayer Wheel"},{"floor":7.0,"key":"Incense Burner"},{"floor":8.0,"key":"reliquary:TuningFork"},{"floor":12.0,"key":"Orichalcum"},{"floor":14.0,"key":"Vajra"},{"floor":21,"key":"Potion Belt"},{"floor":24,"key":"Smiling Mask"},{"floor":25,"key":"Anchor"}],"event_choices":[],"is_beta":false,"boss_relics":[{"not_picked":["reliquary:Ember","Cursed Key"],"picked":"Empty Cage"}],"items_purged_floors":[22,26],"is_endless":false,"potions_floor_spawned":[2,8,14,19,21],"killed_by":"Snake Plant","ascension_level":5}}