{"host":"lehbxtjrpalkmwwj","time":1613400686,"event":{"mods":["ATMod(°¢èªMod)","Aspiration","BaseMod","Challenge The Spire","Colored Map","Colored Powertips","Conspire","Dota2Spire","Energized Spire","Hunter ÁÔÈË","Minty Spire (QoL Compilation)","Quick Restart","Relic Stats","Reliquary","Replay The Spire","Spicy Shops","StSLib","TestMod","The Cursed","The IronCluck","The Poker Player","Waifu the Spire","Wide Potions","[IsaacMod]ÒÔÈö¼âËþ","¡¾ÒÅÎï¿¨ÅÆ¡¿REMEMod","É³µñ²ÄÖÊ°ümod","óô»ðÖ¸ÄÏ"],"gold_per_floor":[117,117,136,148,148,148,148],"floor_reached":6,"language":"ZHS","playtime":77,"items_purged":[],"score":43,"play_id":"fde2b3e5-330a-4eaf-8044-ea024b37eed5","local_time":"20210215225126","is_ascension_mode":true,"campfire_choices":[],"circlet_count":0,"master_deck":["Strike_R","Strike_R","Strike_R","Strike_R+1","Strike_R","Defend_R","Defend_R","Defend_R+1","Bash","EpicFetus","AT_TearsDenial","AT_FamilyPortrait","ReplayTheSpireMod:Corrosion Curse","Replay:Undeath\u0027s Touch","conspire:ExplosiveBarrier","Feel No Pain"],"relics":["Burning Blood","HushsDoor","AT_ATBox","testmod-TestBox","REME_ComplimentaryCards","testmod-InfectionSource","DeadEye","NeowsBlessing"],"acts_visited":["Exordium"],"potions_floor_usage":[],"damage_taken":[{"damage":0,"enemies":"Jaw Worm","floor":1,"turns":1},{"damage":0,"enemies":"Cultist","floor":3,"turns":1},{"damage":0,"enemies":"Small Slimes","floor":4,"turns":1},{"damage":0,"enemies":"3 Sentries","floor":6,"turns":1}],"seed_played":"-3903544600087612462","potions_obtained":[{"floor":1,"key":"Strength Potion"},{"floor":3,"key":"Elixir"}],"is_trial":false,"path_per_floor":["M","?","M","M","?","E"],"character_chosen":"IRONCLAD","items_purchased":[],"campfire_rested":0,"item_purchase_floors":[],"current_hp_per_floor":[80,64,70,76,76,76,76],"gold":148,"neow_bonus":"THREE_ENEMY_KILL","is_daily":false,"chose_seed":false,"campfire_upgraded":0,"win_rate":0.0,"timestamp":1613400686,"path_taken":["M","?","M","?","?","E"],"items_purchased_type":[],"build_version":"2020-12-22","purchased_purges":0,"victory":false,"max_hp_per_floor":[80,80,80,80,80,80,80],"relic_stats":{"counters":[3,3],"obtain_stats":[{"KeepersGift":0,"AT_ATBox":0,"testmod-TestBox":0,"NeowsBlessing":0,"testmod-InfectionSource":0,"DeadEye":0,"HushsDoor":0,"Burning Blood":0,"REME_ComplimentaryCards":0},{"KeepersGift":0,"AT_ATBox":0,"testmod-TestBox":0,"NeowsBlessing":0,"testmod-InfectionSource":0,"DeadEye":0,"HushsDoor":0,"Burning Blood":0,"REME_ComplimentaryCards":0},{"KeepersGift":0,"AT_ATBox":0,"testmod-TestBox":0,"NeowsBlessing":0,"testmod-InfectionSource":0,"DeadEye":0,"HushsDoor":0,"Burning Blood":0,"REME_ComplimentaryCards":0}],"Burning Blood":12},"card_choices":[{"not_picked":[],"picked":"EpicFetus","floor":0},{"not_picked":["Spot Weakness","Disarm"],"picked":"ReplayTheSpireMod:Corrosion Curse","floor":1},{"not_picked":["Intimidate","True Grit"],"picked":"Replay:Undeath\u0027s Touch","floor":3},{"not_picked":["Defy Death","REME_FearOfPain"],"picked":"conspire:ExplosiveBarrier","floor":4}],"player_experience":193616,"relics_obtained":[],"event_choices":[{"damage_healed":0,"gold_gain":0,"player_choice":"Entered Light","damage_taken":16,"max_hp_gain":0,"max_hp_loss":0,"event_name":"Shining Light","floor":2,"gold_loss":0,"cards_upgraded":["Strike_R","Defend_R"]},{"damage_healed":0,"gold_gain":0,"cards_transformed":["Defend_R"],"player_choice":"Transformed","damage_taken":0,"max_hp_gain":0,"max_hp_loss":0,"event_name":"Transmorgrifier","floor":5,"gold_loss":0,"cards_obtained":["Feel No Pain"]}],"is_beta":false,"boss_relics":[],"items_purged_floors":[],"is_endless":false,"potions_floor_spawned":[1,3,4],"killed_by":"3 Sentries","ascension_level":4}}