{"host":"l8j2eaviddq1qvzn","time":1613402646,"event":{"mods":["BaseMod","Curses Come First","Downfall","Evolution","Filter the Spire","Fox Events","Infinite Spire","Minty Spire (QoL Compilation)","Practice Mode","Reliquary","Replay The Spire","Shop Mod","StS++","StSLib","Wide Potions"],"gold_per_floor":[99,99,99,110,129,148,148,166,197,212,244,254,254,271,286,389,389,389,407,426,444,444,444,494,494,494,521,549,549,559,62,80,80,80,80],"floor_reached":33,"language":"ENG","playtime":3866,"items_purged":[],"score":333,"play_id":"3a1a4061-2350-40ec-b724-68653712f29a","local_time":"20210215162406","is_ascension_mode":false,"campfire_choices":[{"floor":1.0,"key":"DIG"},{"floor":13.0,"key":"REST"},{"data":"Guardian:StasisField","floor":18,"key":"SMITH"},{"floor":26,"key":"REST"}],"circlet_count":0,"master_deck":["Guardian:Strike_Guardian","Guardian:Strike_Guardian","Guardian:Strike_Guardian","Guardian:Strike_Guardian","Guardian:Defend_Guardian","Guardian:Defend_Guardian","Guardian:Defend_Guardian","Guardian:Defend_Guardian","Guardian:CurlUp","Guardian:TwinSlam","Guardian:VentSteam","Guardian:Reroute","Guardian:SentryBeam","Guardian:Recover","Guardian:TemporalStrike","Guardian:TimeCapacitor","Guardian:SentryBeam","Guardian:StasisField+1","Guardian:Repulse+1","Guardian:RollAttack","Guardian:Planning","Guardian:TimeCapacitor","Guardian:EvasiveProtocol","Guardian:Gem_Green","Guardian:Gem_White","Guardian:Gem_Fragmented","expansioncontent:QuickStudy","Guardian:TimeCapacitor","Guardian:Repulse","Guardian:Reroute+1","Guardian:Suspension","Guardian:BronzeOrb","Guardian:TimeCapacitor","Guardian:Gem_Cyan","Guardian:Gem_Yellow","Guardian:PrismaticBarrier"],"relics":["Guardian:ModeShifter","EVO:Axolotl","White Beast Statue","reliquary:HotPoker","Question Card","Meat on the Bone","Black Star","MutagenicStrength","Replay:Rubber Ducky","Ancient Tea Set","reliquary:RedPaperclip","Replay:Multitool","Orrery"],"acts_visited":["Exordium","TheCity"],"potions_floor_usage":[31,33,33],"damage_taken":[{"damage":3.0,"enemies":"2 Louse","floor":4.0,"turns":6.0},{"damage":1.0,"enemies":"Jaw Worm","floor":5.0,"turns":6.0},{"damage":5.0,"enemies":"Cultist","floor":6.0,"turns":4.0},{"damage":16.0,"enemies":"Exordium Wildlife","floor":8.0,"turns":6.0},{"damage":16.0,"enemies":"Lagavulin","floor":9.0,"turns":6.0},{"damage":0.0,"enemies":"2 Fungi Beasts","floor":10.0,"turns":3.0},{"damage":19.0,"enemies":"Gremlin Nob","floor":11.0,"turns":5.0},{"damage":9.0,"enemies":"Blue Slaver","floor":12.0,"turns":4.0},{"damage":10.0,"enemies":"downfall:LooterAlt","floor":14.0,"turns":3.0},{"damage":8.0,"enemies":"Exordium Wildlife","floor":15.0,"turns":5.0},{"damage":19.0,"enemies":"IC_STATUS_ARCHETYPE","floor":16.0,"turns":8.0},{"damage":16,"enemies":"downfall:LooterAlt2","floor":19,"turns":6},{"damage":7,"enemies":"Shell Parasite","floor":20,"turns":6},{"damage":14,"enemies":"Chosen and Byrds","floor":21,"turns":10},{"damage":26,"enemies":"Book of Stabbing","floor":27,"turns":8},{"damage":0,"enemies":"Cultist and Chosen","floor":28,"turns":9},{"damage":12,"enemies":"Snake Plant","floor":30,"turns":5},{"damage":0,"enemies":"downfall:FleeingMerchant","floor":31,"turns":4},{"damage":2,"enemies":"3 Cultists","floor":32,"turns":7},{"damage":59,"enemies":"SI_MIRROR_ARCHETYPE","floor":33,"turns":14}],"seed_played":"4892798621533817266","potions_obtained":[{"floor":4.0,"key":"sneckomod:MuddlingPotion"},{"floor":5.0,"key":"StSpp:ScatteredPotion"},{"floor":8.0,"key":"Fire Potion"},{"floor":9.0,"key":"Block Potion"},{"floor":10.0,"key":"Explosive Potion"},{"floor":11.0,"key":"ColorlessPotion"},{"floor":16.0,"key":"ColorlessPotion"},{"floor":30,"key":"Guardian:StasisDiscoveryPotion"},{"floor":31,"key":"EssenceOfSteel"}],"is_trial":false,"path_per_floor":["R","?","T","M","M","M","T","M","E","M","E","M","R","M","M","B",null,"R","M","M","M","?","?","T","?","R","E","M","AVR","M","$","M","B"],"character_chosen":"GUARDIAN","items_purchased":["expansioncontent:QuickStudy","Guardian:TimeCapacitor","Orrery","Guardian:Gem_Cyan","Guardian:Gem_Yellow"],"campfire_rested":2,"item_purchase_floors":[31,31,31,31,31],"current_hp_per_floor":[88,88,88,85,84,79,79,63,47,47,40,43,69,59,51,44,88,88,72,65,51,51,51,51,51,77,51,51,51,51,51,49,0,0,0],"gold":80,"neow_bonus":"TEN_PERCENT_HP_BONUS","is_daily":false,"chose_seed":false,"campfire_upgraded":1,"win_rate":0.0,"timestamp":1613402646,"path_taken":["R","?","?","M","M","M","T","M","E","M","E","M","R","M","M","BOSS","R","M","M","M","?","?","T","?","R","E","M","AVR","M","?","M","BOSS"],"items_purchased_type":["Card","Card","Relic","Card","Card"],"build_version":"2020-12-22","purchased_purges":0,"victory":false,"max_hp_per_floor":[88,88,88,88,88,88,88,88,88,88,88,88,88,88,88,88,88,88,88,88,88,88,88,88,88,88,88,88,88,88,88,88,88,88,88],"card_choices":[{"not_picked":["Guardian:ShieldSpikes","Guardian:TemporalShield"],"picked":"Guardian:VentSteam","floor":4.0},{"not_picked":["Guardian:TemporalShield","Guardian:FloatingOrbs"],"picked":"Guardian:Gem_Lightblue","floor":5.0},{"not_picked":["Guardian:BodySlam","Guardian:TemporalStrike"],"picked":"Guardian:Gem_Crimson","floor":6.0},{"not_picked":["Guardian:TemporalShield","Guardian:TimeCapacitor","Guardian:PolyBeam"],"picked":"Guardian:Reroute","floor":8.0},{"not_picked":["Guardian:WalkerClaw","Guardian:BronzeOrb","Guardian:PolyBeam"],"picked":"Guardian:SentryBeam","floor":9.0},{"not_picked":["Guardian:TemporalShield","Guardian:RefractedBeam","Guardian:Gem_Green"],"picked":"Guardian:Recover","floor":10.0},{"not_picked":["Guardian:Incinerate","Guardian:ConstructionForm","Guardian:Gem_Green"],"picked":"Guardian:TemporalStrike","floor":11.0},{"not_picked":["Guardian:Gem_Green","Guardian:Harden","Guardian:Gem_Cyan"],"picked":"Guardian:TimeCapacitor","floor":12.0},{"not_picked":["Guardian:Suspension","Guardian:SpikerProtocol","Guardian:PrismaticBeam"],"picked":"Guardian:SentryBeam","floor":14.0},{"not_picked":["Guardian:WalkerClaw","Guardian:ChargeCore","Guardian:PiercingHide"],"picked":"Guardian:Gem_Cyan","floor":15.0},{"not_picked":["Guardian:FastForward","Guardian:ExploitGems","Guardian:TimeSifter"],"picked":"Guardian:StasisField","floor":16.0},{"not_picked":["Guardian:PiercingHide","Guardian:FloatingOrbs","Guardian:TemporalShield+1"],"picked":"Guardian:Repulse+1","floor":19},{"not_picked":["Guardian:Incinerate+1","Guardian:ChargeCore","Guardian:ShieldSpikes"],"picked":"Guardian:RollAttack","floor":20},{"not_picked":["Guardian:ChargeCore","Guardian:Gem_Red","Guardian:ShieldCharger"],"picked":"Guardian:Planning","floor":21},{"not_picked":["Guardian:AncientConstruct","Guardian:TimeCapacitor+1","Guardian:TemporalStrike"],"picked":"Guardian:EvasiveProtocol","floor":27},{"not_picked":["Guardian:PiercingHide","Guardian:PolyBeam","Guardian:Incinerate+1"],"picked":"Guardian:Gem_Green","floor":28},{"not_picked":["Guardian:CrystalBeam","Guardian:ShieldCharger","Guardian:Harden"],"picked":"Guardian:Gem_White","floor":30},{"not_picked":["Guardian:BronzeOrb+1","Guardian:Gem_Green","Guardian:ShieldCharger"],"picked":"Guardian:Gem_Fragmented","floor":31},{"not_picked":["Guardian:DonusPower+1","Guardian:TimeSifter","Guardian:Gem_Green"],"picked":"Guardian:Repulse","floor":31},{"not_picked":["Guardian:VentSteam","Guardian:TimeCapacitor","Guardian:Recover+1"],"picked":"Guardian:Reroute+1","floor":31},{"not_picked":["Guardian:WalkerClaw","Guardian:TemporalShield+1","Guardian:FastForward"],"picked":"Guardian:Suspension","floor":31},{"not_picked":["Guardian:BaubleBeam","Guardian:Gem_Red","Guardian:RefractedBeam"],"picked":"Guardian:BronzeOrb","floor":31},{"not_picked":["Guardian:Gem_Cyan","Guardian:PiercingHide+1","Guardian:ArmoredProtocol"],"picked":"Guardian:TimeCapacitor","floor":31},{"not_picked":["Guardian:Gem_Fragmented","Guardian:VentSteam","Guardian:BronzeArmor"],"picked":"Guardian:PrismaticBarrier","floor":32}],"player_experience":77461,"relics_obtained":[{"floor":1.0,"key":"White Beast Statue"},{"floor":3.0,"key":"reliquary:HotPoker"},{"floor":7.0,"key":"Question Card"},{"floor":9.0,"key":"Meat on the Bone"},{"floor":11.0,"key":"Orichalcum"},{"floor":24,"key":"Replay:Rubber Ducky"},{"floor":27,"key":"Ancient Tea Set"},{"floor":27,"key":"StSpp:PetrifiedCaterpillar"}],"event_choices":[{"damage_healed":0,"gold_gain":0,"player_choice":"Inject Mutagens","damage_taken":0,"relics_obtained":["MutagenicStrength"],"max_hp_gain":0,"max_hp_loss":0,"event_name":"Drug Dealer","floor":22,"gold_loss":0},{"damage_healed":0,"gold_gain":0,"player_choice":"Read","damage_taken":0,"max_hp_gain":0,"max_hp_loss":0,"event_name":"The Library","floor":23,"gold_loss":0,"cards_obtained":["Guardian:TimeCapacitor"]}],"is_beta":false,"boss_relics":[{"not_picked":["Guardian:StasisSlotReductionRelic","Ring of Chaos"],"picked":"Black Star"}],"items_purged_floors":[],"is_endless":false,"potions_floor_spawned":[4,5,6,8,9,10,11,12,14,15,16,19,20,21,27,28,30,31,32],"killed_by":"SI_MIRROR_ARCHETYPE","ascension_level":0}}