{"host":"jksq986fwerfio60","time":1613380920,"event":{"mods":["BaseMod","Colored Map","Colored Powertips","Downfall","Hermit","Jorbs\u0027s Wanderer Trilogy","Marisa¡]Ãú«B¡@Å]²z¨F¡^","Minty Spire (QoL Compilation)","Replay The Spire","Shop Mod","StSLib","The Construct","UnlockEverythingMod"],"gold_per_floor":[99,110,210,210,223,223,249,249,268,287,202,219,219,237,250,348,348,348,35,55,55,55,66,92,110,110,124,124,124,124],"floor_reached":28,"language":"ZHS","playtime":2169,"items_purged":["hexamod:Strike"],"score":212,"play_id":"6140ad3e-66b8-4b5b-bccf-641178c43924","local_time":"20210215172200","is_ascension_mode":false,"campfire_choices":[{"data":"hexamod:Float","floor":1,"key":"SMITH"},{"data":"hexamod:Sear","floor":6,"key":"SMITH"},{"floor":26,"key":"REST"}],"circlet_count":0,"master_deck":["hexamod:Strike","hexamod:Strike+1","hexamod:Defend","hexamod:Defend","hexamod:Defend","hexamod:Defend","hexamod:Sear+1","hexamod:Float+1","hexamod:ChargedBarrage","hexamod:FastForward","hexamod:SpectersWail","hexamod:PhantomFireball","hexamod:HauntingEcho","hexamod:StepThrough","hexamod:FirstSeal","hexamod:GiftsFromTheDead","hexamod:HexaLevel","hexamod:GhostOfSpirePast","hexamod:Haunt+1","hexamod:GhostflameInferno","hexamod:HeatMetal+1","hexamod:Firestarter","hexamod:VolcanoVisage"],"relics":["Replay:Baseball","m_DevilBlood","construct:ClawGrip","Strange Spoon","Juzu Bracelet"],"acts_visited":["Exordium","TheCity"],"potions_floor_usage":[15,16,16,16,25],"damage_taken":[{"damage":0,"enemies":"2 Louse","floor":2,"turns":3},{"damage":9,"enemies":"Small Slimes","floor":5,"turns":4},{"damage":8,"enemies":"Jaw Worm","floor":9,"turns":4},{"damage":17,"enemies":"Large Slime","floor":10,"turns":4},{"damage":0,"enemies":"downfall:FleeingMerchant","floor":11,"turns":4},{"damage":19,"enemies":"Exordium Thugs","floor":12,"turns":5},{"damage":17,"enemies":"2 Fungi Beasts","floor":14,"turns":4},{"damage":10,"enemies":"downfall:LooterAlt","floor":15,"turns":3},{"damage":39,"enemies":"IC_STATUS_ARCHETYPE","floor":16,"turns":7},{"damage":15,"enemies":"downfall:FleeingMerchant","floor":19,"turns":4},{"damage":45,"enemies":"Spheric Guardian","floor":20,"turns":6},{"damage":29,"enemies":"Shell Parasite","floor":23,"turns":5},{"damage":40,"enemies":"3 Cultists","floor":25,"turns":5},{"damage":34,"enemies":"Snake Plant","floor":27,"turns":4},{"damage":27,"enemies":"Snecko","floor":28,"turns":4}],"seed_played":"1962008548339705062","potions_obtained":[{"floor":5,"key":"Fire Potion"},{"floor":10,"key":"BlessingOfTheForge"},{"floor":12,"key":"champ:CounterPotion"},{"floor":13,"key":"Fruit Juice"},{"floor":15,"key":"AttackPotion"},{"floor":20,"key":"Fire Potion"}],"is_trial":false,"path_per_floor":["R","M","?","?","M","R","T","?","M","M","$","M","?","M","M","B",null,"R_BF","$","M","?","?","M","T","M","R","M","M"],"character_chosen":"THE_SPIRIT","items_purchased":["hexamod:StepThrough","hexamod:GhostflameInferno","Strange Spoon"],"campfire_rested":1,"item_purchase_floors":[11,19,19],"current_hp_per_floor":[77,77,77,77,68,68,68,68,68,57,63,50,50,44,43,21,82,82,82,56,56,56,42,42,17,41,18,0,0,0],"gold":124,"neow_bonus":"TEN_PERCENT_HP_BONUS","is_daily":false,"chose_seed":false,"campfire_upgraded":2,"win_rate":0.0,"timestamp":1613380920,"path_taken":["R","M","?","?","M","R","T","?","M","?","$","M","?","M","M","BOSS","R_BF","$","M","?","?","M","T","M","R","M","M"],"items_purchased_type":["Card","Card","Relic"],"build_version":"2020-12-22","purchased_purges":1,"victory":false,"max_hp_per_floor":[77,77,77,77,77,77,77,77,77,77,77,77,77,77,82,82,82,82,82,82,82,82,82,82,82,82,82,82,82,82],"card_choices":[{"not_picked":["hexamod:HeatMetal","hexamod:PhantomFireball"],"picked":"hexamod:ChargedBarrage","floor":2},{"not_picked":["hexamod:PhantomCloak","hexamod:RainOfEmbers"],"picked":"hexamod:FastForward","floor":5},{"not_picked":["hexamod:FourthSeal","hexamod:FastForward"],"picked":"hexamod:SpectersWail","floor":9},{"not_picked":["hexamod:GhostLash","hexamod:GhostflameBarrier"],"picked":"hexamod:PhantomFireball","floor":10},{"not_picked":["Feel No Pain","hexamod:NightmareStrike"],"picked":"hexamod:HauntingEcho","floor":11},{"not_picked":["hexamod:SpectersWail","hexamod:HauntingEcho"],"picked":"hexamod:FirstSeal","floor":12},{"not_picked":["hexamod:FastForward","Carnage","hexamod:FirstSeal"],"picked":"SKIP","floor":14},{"not_picked":["hexamod:GhostLash","hexamod:HauntingEcho"],"picked":"hexamod:GiftsFromTheDead","floor":15},{"not_picked":["Exhume","Reaper"],"picked":"hexamod:HexaLevel","floor":16},{"not_picked":["hexamod:NightmareStrike","hexamod:HauntingEcho"],"picked":"hexamod:Haunt+1","floor":19},{"not_picked":["hexamod:Firestarter","hexamod:GhostLash"],"picked":"hexamod:HeatMetal+1","floor":20},{"not_picked":["hexamod:Haunt","hexamod:SpectralAdrenaline"],"picked":"hexamod:Firestarter","floor":23},{"not_picked":["hexamod:SwordOfDarkness","hexamod:GhostLash"],"picked":"hexamod:VolcanoVisage","floor":25},{"not_picked":["hexamod:FastForward","hexamod:GhostLash","hexamod:SpectersWail"],"picked":"SKIP","floor":27}],"player_experience":18498,"relics_obtained":[{"floor":7,"key":"Replay:Baseball"},{"floor":24,"key":"Juzu Bracelet"}],"event_choices":[{"damage_healed":0,"gold_gain":0,"player_choice":"Got Potions","damage_taken":0,"max_hp_gain":0,"max_hp_loss":0,"event_name":"Lab","floor":13,"gold_loss":0}],"is_beta":false,"boss_relics":[{"not_picked":["hexamod:IceCube","Ring of Chaos"],"picked":"construct:ClawGrip"}],"items_purged_floors":[19],"is_endless":false,"potions_floor_spawned":[5,10,12,15,20],"killed_by":"Snecko","ascension_level":0}}