{"host":"jz4ul6vrcxqkcr33","time":1613427551,"event":{"mods":["BaseMod","Minty Spire (QoL Compilation)","StSLib"],"gold_per_floor":[117,292,292,292,90,90,123,123,123,123,149,149,149,168,168,267,267,277,292,311,311,311,336,336,370,370,404,416,416,432,446,446,546,546,556,556,481,496,509,509,509,363,388,418,418,433,450,51,51,51,51,51,2,34,34],"floor_reached":56,"language":"ENG","playtime":5020,"items_purged":["Doubt"],"score":1762,"play_id":"2977a980-5b94-4a75-92ff-d95daa05ad93","local_time":"20210215171911","is_ascension_mode":true,"campfire_choices":[{"floor":6,"key":"REST"},{"floor":8,"key":"REST"},{"data":"Streamline","floor":13,"key":"SMITH"},{"data":"Beam Cell","floor":15,"key":"SMITH"},{"floor":24,"key":"REST"},{"floor":29,"key":"REST"},{"floor":32,"key":"RECALL"},{"floor":40,"key":"REST"},{"floor":45,"key":"REST"},{"floor":49,"key":"REST"},{"floor":52,"key":"REST"}],"circlet_count":0,"master_deck":["AscendersBane","Strike_B+1","Strike_B+1","Defend_B+1","Defend_B+1","Zap","Dualcast+1","Streamline+1","Chill+1","Cold Snap","Beam Cell+1","Aggregate+1","Reinforced Body+1","Fission+1","Hologram+1","Sweeping Beam+1","BootSequence+1","Double Energy+1","Coolheaded+1","Compile Driver+1","Amplify+1","Stack+1","Defragment+1","Conserve Battery+1","Lockon+1","Leap+1","Buffer+1","Static Discharge+1","Heatsinks+1","Hologram+1","Blizzard+1","Glacier+1","Heatsinks+1","Coolheaded+1","Beam Cell+1"],"relics":["Black Star","Mango","HornCleat","Pen Nib","InkBottle","Toxic Egg 2","War Paint","Astrolabe","Strawberry","Mummified Hand","Blue Candle","Tiny Chest","Meat on the Bone","Frozen Egg 2","StrikeDummy","Orichalcum","Fusion Hammer","Strange Spoon","Centennial Puzzle","Potion Belt","Whetstone","Shuriken","ClockworkSouvenir","Turnip","Bag of Marbles"],"acts_visited":["Exordium","TheCity","TheBeyond","TheEnding"],"potions_floor_usage":[18,20,25,27,33,55,55,55,55,55,55,55,55,55],"damage_taken":[{"damage":14,"enemies":"Small Slimes","floor":1,"turns":4},{"damage":37,"enemies":"Gremlin Nob","floor":7,"turns":5},{"damage":18,"enemies":"Lagavulin","floor":11,"turns":7},{"damage":0,"enemies":"Jaw Worm","floor":14,"turns":3},{"damage":11,"enemies":"The Guardian","floor":16,"turns":10},{"damage":0,"enemies":"Chosen","floor":18,"turns":4},{"damage":0,"enemies":"Shell Parasite","floor":19,"turns":5},{"damage":23,"enemies":"Snecko","floor":20,"turns":9},{"damage":10,"enemies":"Gremlin Leader","floor":23,"turns":6},{"damage":1,"enemies":"Slavers","floor":25,"turns":5},{"damage":8,"enemies":"Book of Stabbing","floor":27,"turns":5},{"damage":12,"enemies":"Sentry and Sphere","floor":28,"turns":5},{"damage":0,"enemies":"Cultist and Chosen","floor":30,"turns":5},{"damage":0,"enemies":"Shelled Parasite and Fungi","floor":31,"turns":4},{"damage":68,"enemies":"Champ","floor":33,"turns":13},{"damage":0,"enemies":"Orb Walker","floor":35,"turns":4},{"damage":0,"enemies":"3 Shapes","floor":38,"turns":5},{"damage":0,"enemies":"Writhing Mass","floor":39,"turns":6},{"damage":0,"enemies":"Giant Head","floor":44,"turns":8},{"damage":0,"enemies":"Jaw Worm Horde","floor":46,"turns":3},{"damage":0,"enemies":"3 Darklings","floor":47,"turns":6},{"damage":44,"enemies":"Time Eater","floor":50,"turns":11},{"damage":25,"enemies":"Shield and Spear","floor":54,"turns":8},{"damage":14,"enemies":"The Heart","floor":55,"turns":13}],"seed_played":"8909815773350002934","potions_obtained":[{"floor":1,"key":"PotionOfCapacity"},{"floor":11,"key":"Block Potion"},{"floor":16,"key":"Strength Potion"},{"floor":20,"key":"Energy Potion"},{"floor":23,"key":"GamblersBrew"},{"floor":25,"key":"Block Potion"},{"floor":28,"key":"EssenceOfSteel"},{"floor":30,"key":"FearPotion"},{"floor":44,"key":"FocusPotion"},{"floor":54,"key":"EntropicBrew"}],"is_trial":false,"path_per_floor":["M","?","?","?","$","R","E","R","T","?","E","$","R","M","R","B",null,"M","M","M","T","?","E","R","E","T","E","M","R","M","M","R","B",null,"M","?","$","M","M","R","T","$","T","E","R","M","M","$","R","B",null,"R","$","E","B",null],"character_chosen":"DEFECT","items_purchased":["Chill","Cold Snap","Heatsinks+1","Strange Spoon","Shuriken","ClockworkSouvenir","SteroidPotion"],"campfire_rested":8,"item_purchase_floors":[5,5,37,42,48,48,53],"current_hp_per_floor":[54,54,39,28,28,54,17,43,43,72,54,54,54,54,54,43,78,78,78,55,62,62,52,80,79,79,71,59,87,87,87,87,31,80,80,80,80,80,80,96,96,96,96,96,96,96,96,96,96,52,85,96,96,71,57],"gold":34,"neow_bonus":"BOSS_RELIC","is_daily":false,"chose_seed":false,"campfire_upgraded":2,"win_rate":0.0,"timestamp":1613427551,"path_taken":["M","?","?","?","$","R","E","R","T","?","E","?","R","M","R","BOSS","M","?","M","?","?","E","R","E","T","E","M","R","?","M","R","BOSS","M","?","$","M","?","R","?","$","T","E","R","M","?","?","R","BOSS","R","$","E","BOSS"],"items_purchased_type":["Card","Card","Card","Relic","Relic","Relic","Potion"],"build_version":"2020-12-13","purchased_purges":1,"victory":true,"max_hp_per_floor":[75,75,75,89,89,89,89,89,89,89,89,89,89,89,89,89,89,89,89,89,96,96,96,96,96,96,96,96,96,96,96,96,96,96,96,96,96,96,96,96,96,96,96,96,96,96,96,96,96,96,96,96,96,96,96],"card_choices":[{"not_picked":["Capacitor","Barrage"],"picked":"Streamline","floor":1},{"not_picked":["Hologram","Hello World"],"picked":"Beam Cell","floor":7},{"not_picked":["Coolheaded+1","Scrape"],"picked":"Aggregate+1","floor":11},{"not_picked":["Gash","Electrodynamics"],"picked":"Reinforced Body+1","floor":14},{"not_picked":["All For One","Electrodynamics"],"picked":"Fission+1","floor":16},{"not_picked":["Fusion+1","Consume+1"],"picked":"Double Energy+1","floor":18},{"not_picked":["Stack+1","Storm"],"picked":"Coolheaded+1","floor":19},{"not_picked":["Stack+1","Hologram+1"],"picked":"Compile Driver+1","floor":20},{"not_picked":["Barrage","Aggregate+1"],"picked":"Amplify+1","floor":23},{"not_picked":["Coolheaded+1","Steam+1"],"picked":"Stack+1","floor":25},{"not_picked":["Double Energy+1","Steam+1"],"picked":"Defragment+1","floor":27},{"not_picked":["Undo+1","Cold Snap+1"],"picked":"Conserve Battery+1","floor":28},{"not_picked":["Compile Driver","Stack+1"],"picked":"Lockon+1","floor":30},{"not_picked":["Chill+1","Cold Snap"],"picked":"Leap+1","floor":31},{"not_picked":["Reboot+1","Meteor Strike"],"picked":"Buffer+1","floor":33},{"not_picked":["Coolheaded+1","Conserve Battery+1"],"picked":"Static Discharge+1","floor":35},{"not_picked":["Steam+1","Sweeping Beam"],"picked":"Hologram+1","floor":38},{"not_picked":["Turbo+1","FTL"],"picked":"Blizzard+1","floor":39},{"not_picked":["Hologram+1","Steam Power+1"],"picked":"Glacier+1","floor":44},{"not_picked":["Hello World+1","Cold Snap"],"picked":"Heatsinks+1","floor":46},{"not_picked":["Stack+1","Meteor Strike"],"picked":"Coolheaded+1","floor":47},{"not_picked":["Turbo+1","Hello World+1"],"picked":"Beam Cell+1","floor":54}],"player_experience":244421,"relics_obtained":[{"floor":7,"key":"HornCleat"},{"floor":7,"key":"Pen Nib"},{"floor":9,"key":"InkBottle"},{"floor":11,"key":"Toxic Egg 2"},{"floor":11,"key":"War Paint"},{"floor":21,"key":"Strawberry"},{"floor":23,"key":"Mummified Hand"},{"floor":23,"key":"Blue Candle"},{"floor":25,"key":"Tiny Chest"},{"floor":25,"key":"Meat on the Bone"},{"floor":26,"key":"Frozen Egg 2"},{"floor":27,"key":"StrikeDummy"},{"floor":27,"key":"Orichalcum"},{"floor":43,"key":"Centennial Puzzle"},{"floor":44,"key":"Potion Belt"},{"floor":44,"key":"Whetstone"},{"floor":54,"key":"Turnip"},{"floor":54,"key":"Bag of Marbles"}],"event_choices":[{"damage_healed":0,"gold_gain":175,"player_choice":"AGREE","damage_taken":0,"max_hp_gain":0,"max_hp_loss":0,"event_name":"Liars Game","floor":2,"gold_loss":0,"cards_obtained":["Doubt"]},{"damage_healed":0,"gold_gain":0,"player_choice":"Entered Light","damage_taken":15,"max_hp_gain":0,"max_hp_loss":0,"event_name":"Shining Light","floor":3,"gold_loss":0,"cards_upgraded":["Dualcast","Defend_B"]},{"damage_healed":0,"gold_gain":0,"player_choice":"Success","damage_taken":25,"relics_obtained":["Mango"],"max_hp_gain":0,"max_hp_loss":0,"event_name":"Scrap Ooze","floor":4,"gold_loss":0},{"damage_healed":29,"gold_gain":0,"player_choice":"Banana","damage_taken":0,"max_hp_gain":0,"max_hp_loss":0,"event_name":"Big Fish","floor":10,"gold_loss":0},{"damage_healed":0,"gold_gain":0,"player_choice":"Upgraded","damage_taken":0,"max_hp_gain":0,"max_hp_loss":0,"event_name":"Upgrade Shrine","floor":22,"gold_loss":0,"cards_upgraded":["Chill"]},{"cards_removed":["Defend_B"],"damage_healed":0,"gold_gain":0,"player_choice":"Card Removal","damage_taken":0,"max_hp_gain":0,"max_hp_loss":0,"event_name":"Wheel of Change","floor":36,"gold_loss":0}],"is_beta":false,"boss_relics":[{"not_picked":["Snecko Eye","SacredBark"],"picked":"Astrolabe"},{"not_picked":["Inserter","Empty Cage"],"picked":"Fusion Hammer"}],"items_purged_floors":[5],"is_endless":false,"potions_floor_spawned":[1,11,16,20,23,25,28,30,31,44,54],"ascension_level":10}}