{"host":"fiyp7st036s1x8z1","time":1613375199,"event":{"mods":["BaseMod","Colored Map","Colored Powertips","Minty Spire (QoL Compilation)","Permanent Neow","Rare Cards Sparkle","Relic Stats","StSLib","SuperFastMode"],"gold_per_floor":[109,109,125,125,145,145,220,220,244,261,186,203,220,231,231,308,308,319,319,335,41,54,80,80,80,128,128,157,107,122,72,72,148,148,163,178,178,230,230,261,261,279,279,279,291,291,302,336,336,336,336],"floor_reached":50,"language":"ZHS","playtime":1749,"items_purged":["Strike_G","Defend_G","Defend_G"],"score":1164,"play_id":"5d4de36f-eea8-497d-9cf3-e71e5d75f816","local_time":"20210215154639","is_ascension_mode":true,"campfire_choices":[{"data":"Masterful Stab","floor":6.0,"key":"SMITH"},{"floor":15.0,"key":"REST"},{"floor":25.0,"key":"REST"},{"data":"Prepared","floor":27.0,"key":"SMITH"},{"data":"Catalyst","floor":32.0,"key":"SMITH"},{"floor":41.0,"key":"REST"},{"floor":44.0,"key":"REST"},{"data":"Acrobatics","floor":46.0,"key":"SMITH"},{"data":"Calculated Gamble","floor":49.0,"key":"SMITH"}],"circlet_count":1,"master_deck":["AscendersBane","Defend_G","Defend_G","Defend_G","Survivor","Neutralize","Masterful Stab+1","Adrenaline","Die Die Die+1","Corpse Explosion+1","Acrobatics+1","Catalyst+1","Prepared+1","Grand Finale","Acrobatics+1","Wraith Form v2","Calculated Gamble+1","Purity","Footwork"],"relics":["Ring of the Snake","Circlet","Ice Cream","Happy Flower","Smiling Mask","Astrolabe","CultistMask","Art of War","Lantern","WristBlade","Tingsha","Oddly Smooth Stone","MealTicket","FossilizedHelix"],"acts_visited":["Exordium","TheCity","TheBeyond"],"potions_floor_usage":[],"damage_taken":[{"damage":0.0,"enemies":"Jaw Worm","floor":1.0,"turns":6.0},{"damage":1.0,"enemies":"Cultist","floor":3.0,"turns":5.0},{"damage":0.0,"enemies":"2 Louse","floor":5.0,"turns":3.0},{"damage":3.0,"enemies":"Blue Slaver","floor":10.0,"turns":4.0},{"damage":1.0,"enemies":"Looter","floor":12.0,"turns":3.0},{"damage":10.0,"enemies":"Exordium Wildlife","floor":13.0,"turns":6.0},{"damage":0.0,"enemies":"Blue Slaver","floor":14.0,"turns":4.0},{"damage":9.0,"enemies":"The Guardian","floor":16.0,"turns":12.0},{"damage":0.0,"enemies":"2 Thieves","floor":18.0,"turns":2.0},{"damage":3.0,"enemies":"Chosen","floor":20.0,"turns":5.0},{"damage":14.0,"enemies":"Sentry and Sphere","floor":22.0,"turns":4.0},{"damage":19.0,"enemies":"Book of Stabbing","floor":23.0,"turns":6.0},{"damage":13.0,"enemies":"Gremlin Leader","floor":28.0,"turns":6.0},{"damage":1.0,"enemies":"Centurion and Healer","floor":30.0,"turns":4.0},{"damage":26.0,"enemies":"Automaton","floor":33.0,"turns":6.0},{"damage":2.0,"enemies":"3 Shapes","floor":35.0,"turns":3.0},{"damage":0.0,"enemies":"3 Darklings","floor":36.0,"turns":3.0},{"damage":2.0,"enemies":"2 Orb Walkers","floor":38.0,"turns":3.0},{"damage":27.0,"enemies":"Nemesis","floor":40.0,"turns":3.0},{"damage":1.0,"enemies":"Writhing Mass","floor":42.0,"turns":3.0},{"damage":0.0,"enemies":"Spire Growth","floor":45.0,"turns":2.0},{"damage":0.0,"enemies":"Transient","floor":47.0,"turns":6.0},{"damage":0.0,"enemies":"Reptomancer","floor":48.0,"turns":3.0},{"damage":26,"enemies":"Donu and Deca","floor":50,"turns":3}],"seed_played":"-1058493888257261306","potions_obtained":[{"floor":5.0,"key":"BlessingOfTheForge"},{"floor":14.0,"key":"AttackPotion"},{"floor":16.0,"key":"Regen Potion"},{"floor":18.0,"key":"SkillPotion"},{"floor":28.0,"key":"Dexterity Potion"},{"floor":35.0,"key":"Fire Potion"}],"is_trial":false,"path_per_floor":["M","?","M","?","M","R","?","?","T","M","?","M","M","M","R","B",null,"M","?","M","$","M","E","?","R","T","R","E","$","M","$","R","B",null,"M","M","?","?","?","E","R","M","T","R","M","R","M","E","R","B"],"character_chosen":"THE_SILENT","items_purchased":["Catalyst","Art of War"],"campfire_rested":4,"item_purchase_floors":[21,21],"current_hp_per_floor":[59,59,58,40,40,40,29,29,29,26,26,25,15,15,33,24,51,51,51,48,48,34,30,30,48,48,48,35,35,34,34,34,8,47,45,45,45,43,33,6,24,23,23,41,41,41,41,41,41,15,15],"gold":336,"neow_bonus":"ONE_RARE_RELIC","is_daily":false,"chose_seed":false,"campfire_upgraded":5,"win_rate":0.0,"timestamp":1613375199,"path_taken":["M","?","?","?","M","R","?","?","T","?","?","M","M","M","R","BOSS","M","?","M","?","?","E","?","R","T","R","E","$","M","$","R","BOSS","M","M","?","?","?","E","R","M","T","R","M","R","M","E","R","BOSS"],"items_purchased_type":["Card","Relic"],"build_version":"2020-12-22","purchased_purges":3,"victory":false,"max_hp_per_floor":[60,60,60,60,60,60,60,60,60,60,60,60,60,60,60,60,60,60,60,60,60,60,60,60,60,60,60,60,60,60,60,60,60,60,60,60,60,60,60,60,60,60,60,60,60,60,60,60,60,60,60],"relic_stats":{"Happy Flower":[31],"counters":[24,105],"Astrolabe":["Die Die Die","Corpse Explosion","Acrobatics"],"Tingsha":[231],"MealTicket":0,"Art of War":[9],"Smiling Mask":150,"obtain_stats":[{"Ice Cream":0,"Lantern":28,"Happy Flower":4,"Astrolabe":17,"Oddly Smooth Stone":40,"Circlet":0,"Tingsha":38,"YSD":0,"Smiling Mask":9,"WristBlade":34,"MealTicket":43,"CultistMask":19,"Art of War":21,"FossilizedHelix":48,"Ring of the Snake":0},{"Ice Cream":0,"Lantern":13,"Happy Flower":2,"Astrolabe":8,"Oddly Smooth Stone":19,"Circlet":0,"Tingsha":18,"YSD":0,"Smiling Mask":3,"WristBlade":15,"MealTicket":20,"CultistMask":9,"Art of War":10,"FossilizedHelix":23,"Ring of the Snake":0},{"Ice Cream":0,"Lantern":66,"Happy Flower":11,"Astrolabe":43,"Oddly Smooth Stone":88,"Circlet":0,"Tingsha":85,"YSD":0,"Smiling Mask":14,"WristBlade":76,"MealTicket":91,"CultistMask":45,"Art of War":50,"FossilizedHelix":102,"Ring of the Snake":0}],"Ring of the Snake":[48]},"card_choices":[{"not_picked":["Prepared","Setup","Infinite Blades"],"picked":"SKIP","floor":1.0},{"not_picked":["Quick Slash","Well Laid Plans"],"picked":"Masterful Stab","floor":3.0},{"not_picked":["Expertise","Sucker Punch","Flying Knee"],"picked":"SKIP","floor":5.0},{"not_picked":["Quick Slash","Sucker Punch"],"picked":"Deadly Poison","floor":10.0},{"not_picked":["Riddle With Holes","Cloak And Dagger"],"picked":"Backflip","floor":12.0},{"not_picked":["Quick Slash","Prepared","Doppelganger"],"picked":"SKIP","floor":13.0},{"not_picked":["Deadly Poison","Cloak And Dagger","Deflect"],"picked":"SKIP","floor":14.0},{"not_picked":["Envenom","Unload"],"picked":"Adrenaline","floor":16.0},{"not_picked":["Flying Knee","Outmaneuver","Underhanded Strike"],"picked":"SKIP","floor":18.0},{"not_picked":["Prepared","Underhanded Strike+1","Dodge and Roll"],"picked":"SKIP","floor":20.0},{"not_picked":["Poisoned Stab","Setup","Flying Knee"],"picked":"SKIP","floor":22.0},{"not_picked":["Cloak And Dagger","All Out Attack","Underhanded Strike"],"picked":"SKIP","floor":23.0},{"not_picked":["Glass Knife","Quick Slash"],"picked":"Acrobatics","floor":28.0},{"not_picked":["Outmaneuver","Eviscerate","Dodge and Roll+1"],"picked":"SKIP","floor":30.0},{"not_picked":["Corpse Explosion","Glass Knife"],"picked":"Wraith Form v2","floor":33.0},{"not_picked":["Endless Agony","Heel Hook","Sucker Punch"],"picked":"SKIP","floor":35.0},{"not_picked":["Blade Dance","Dagger Throw+1","Deflect"],"picked":"SKIP","floor":36.0},{"not_picked":["Acrobatics","Prepared+1"],"picked":"Calculated Gamble","floor":38.0},{"not_picked":["Dark Shackles","Panacea"],"picked":"Purity","floor":39.0},{"not_picked":["Skewer","Riddle With Holes","Caltrops"],"picked":"SKIP","floor":40.0},{"not_picked":["Poisoned Stab","Flying Knee","Sucker Punch"],"picked":"SKIP","floor":42.0},{"not_picked":["All Out Attack","Poisoned Stab"],"picked":"Footwork","floor":45.0},{"not_picked":["Slice","Bane","Dodge and Roll"],"picked":"SKIP","floor":47.0},{"not_picked":["All Out Attack","Heel Hook","Cloak And Dagger"],"picked":"SKIP","floor":48.0}],"player_experience":1017807,"relics_obtained":[{"floor":9.0,"key":"Smiling Mask"},{"floor":28.0,"key":"Lantern"},{"floor":38.0,"key":"Tingsha"},{"floor":40.0,"key":"Oddly Smooth Stone"},{"floor":43.0,"key":"MealTicket"},{"floor":48.0,"key":"FossilizedHelix"}],"event_choices":[{"damage_healed":0.0,"max_hp_gain":0.0,"max_hp_loss":0.0,"gold_gain":0.0,"event_name":"Match and Keep!","player_choice":"1 cards matched","floor":2.0,"gold_loss":0.0,"damage_taken":0.0,"cards_obtained":["Malaise"]},{"damage_healed":0.0,"max_hp_gain":0.0,"max_hp_loss":0.0,"gold_gain":0.0,"event_name":"Scrap Ooze","player_choice":"Success","floor":4.0,"gold_loss":0.0,"damage_taken":18.0,"relics_obtained":["Happy Flower"]},{"damage_healed":0.0,"max_hp_gain":0.0,"max_hp_loss":0.0,"gold_gain":75.0,"event_name":"World of Goop","player_choice":"Gather Gold","floor":7.0,"gold_loss":0.0,"damage_taken":11.0},{"damage_healed":0.0,"max_hp_gain":0.0,"max_hp_loss":0.0,"gold_gain":0.0,"event_name":"Shining Light","player_choice":"Ignored","floor":8.0,"gold_loss":0.0,"damage_taken":0.0},{"cards_removed":["Strike_G"],"damage_healed":0.0,"max_hp_gain":0.0,"max_hp_loss":0.0,"gold_gain":0.0,"event_name":"The Cleric","player_choice":"Card Removal","floor":11.0,"gold_loss":75.0,"damage_taken":0.0},{"damage_healed":0.0,"max_hp_gain":0.0,"max_hp_loss":0.0,"gold_gain":0.0,"event_name":"FaceTrader","player_choice":"Trade","floor":19.0,"gold_loss":0.0,"damage_taken":0.0,"relics_obtained":["CultistMask"]},{"damage_healed":0.0,"max_hp_gain":0.0,"max_hp_loss":0.0,"gold_gain":0.0,"cards_transformed":["Strike_G","Strike_G"],"event_name":"Drug Dealer","player_choice":"Became Test Subject","floor":24.0,"gold_loss":0.0,"damage_taken":0.0,"cards_obtained":["Prepared","Grand Finale"]},{"cards_removed":["Malaise"],"damage_healed":0.0,"max_hp_gain":0.0,"max_hp_loss":0.0,"gold_gain":0.0,"event_name":"Falling","player_choice":"Removed Skill","floor":37.0,"gold_loss":0.0,"damage_taken":0.0},{"damage_healed":0.0,"max_hp_gain":0.0,"max_hp_loss":0.0,"gold_gain":0.0,"event_name":"Mysterious Sphere","player_choice":"Fight","floor":38.0,"gold_loss":0.0,"damage_taken":0.0},{"damage_healed":0.0,"max_hp_gain":0.0,"max_hp_loss":0.0,"gold_gain":0.0,"event_name":"SensoryStone","player_choice":"Memory 3","floor":39.0,"gold_loss":0.0,"damage_taken":10.0}],"is_beta":false,"boss_relics":[{"not_picked":["Sozu","Busted Crown"],"picked":"Astrolabe"},{"not_picked":["Calling Bell","Pandora\u0027s Box"],"picked":"WristBlade"}],"items_purged_floors":[21,29,31],"is_endless":false,"potions_floor_spawned":[5,14,16,18,28,35,42,45,48],"killed_by":"Donu and Deca","ascension_level":20}}