{"host":"nklmypyldyuut5re","time":1613381705,"event":{"mods":["AchievementEnabler","BaseMod","Colored Map","DeckTracker","Highlight Path","Keyboard Shortcuts","Minty Spire (QoL Compilation)","Permanent Neow","SuperFastMode","everything is the same but u backflip on backflip"],"gold_per_floor":[110,127,143,143,160,160,214,228,228,241,299,313,346,346,346,444,444,454,454,42,57,57,57,83,93,120,120,132,158,158,174,174,174,174],"floor_reached":33,"language":"KOR","playtime":1877,"items_purged":[],"score":289,"play_id":"8b1f51de-dae9-4202-97e1-be90a2404c5f","local_time":"20210215183505","is_ascension_mode":false,"campfire_choices":[{"data":"Crippling Poison","floor":6,"key":"SMITH"},{"data":"Die Die Die","floor":15,"key":"SMITH"},{"data":"Underhanded Strike","floor":23,"key":"SMITH"},{"data":"Slice","floor":27,"key":"SMITH"},{"data":"Flying Knee","floor":30,"key":"SMITH"},{"floor":32,"key":"REST"}],"circlet_count":0,"master_deck":["Strike_G","Strike_G","Strike_G","Strike_G","Strike_G","Defend_G","Defend_G","Defend_G+1","Defend_G+1","Survivor","Neutralize","Dagger Throw","Flying Knee+1","Crippling Poison+1","Dagger Throw","Underhanded Strike+1","Die Die Die+1","Terror+1","Acrobatics+1","Blade Dance+1","Adrenaline+1","Terror+1","Tactician+1","Master of Strategy+1","Burst+1","Slice+1","Backstab+1","Tactician+1","PiercingWail+1","Adrenaline+1","Deflect+1"],"relics":["Ring of the Snake","Bronze Scales","Toxic Egg 2","War Paint","HoveringKite","MutagenicStrength","Toy Ornithopter","PreservedInsect","Pantograph"],"acts_visited":["Exordium","TheCity"],"potions_floor_usage":[],"damage_taken":[{"damage":0,"enemies":"Jaw Worm","floor":1,"turns":3},{"damage":1,"enemies":"Cultist","floor":2,"turns":3},{"damage":0,"enemies":"Small Slimes","floor":3,"turns":3},{"damage":0,"enemies":"Blue Slaver","floor":5,"turns":4},{"damage":10,"enemies":"Exordium Thugs","floor":8,"turns":4},{"damage":7,"enemies":"3 Louse","floor":10,"turns":2},{"damage":4,"enemies":"Blue Slaver","floor":12,"turns":3},{"damage":17,"enemies":"Gremlin Nob","floor":13,"turns":3},{"damage":24,"enemies":"Slime Boss","floor":16,"turns":10},{"damage":0,"enemies":"3 Byrds","floor":18,"turns":3},{"damage":2,"enemies":"Shell Parasite","floor":21,"turns":1},{"damage":8,"enemies":"Slavers","floor":24,"turns":3},{"damage":6,"enemies":"Cultist and Chosen","floor":25,"turns":4},{"damage":0,"enemies":"Sentry and Sphere","floor":28,"turns":3},{"damage":35,"enemies":"Gremlin Leader","floor":29,"turns":4},{"damage":15,"enemies":"Snake Plant","floor":31,"turns":2},{"damage":57,"enemies":"Automaton","floor":33,"turns":6}],"seed_played":"1514475536388414606","potions_obtained":[{"floor":1,"key":"EssenceOfSteel"},{"floor":2,"key":"EssenceOfSteel"},{"floor":5,"key":"AttackPotion"},{"floor":12,"key":"FearPotion"},{"floor":24,"key":"Explosive Potion"}],"is_trial":false,"path_per_floor":["M","M","M","?","M","R","T","M","T","M","?","M","E","?","R","B",null,"M","?","$","M","?","R","E","M","T","R","M","E","R","M","R","B"],"character_chosen":"THE_SILENT","items_purchased":["Tactician+1","Master of Strategy+1","Burst+1"],"campfire_rested":1,"item_purchase_floors":[20,20,20],"current_hp_per_floor":[70,69,69,74,74,74,74,64,64,57,57,53,36,36,36,12,75,75,75,75,73,73,73,65,59,59,59,59,24,24,9,31,0,0],"gold":174,"neow_bonus":"THREE_CARDS","is_daily":false,"chose_seed":false,"campfire_upgraded":5,"win_rate":0.0,"timestamp":1613381705,"path_taken":["M","M","M","?","M","R","?","M","T","?","?","M","E","?","R","BOSS","M","?","$","M","?","R","E","M","T","R","M","E","R","M","R","BOSS"],"items_purchased_type":["Card","Card","Card"],"build_version":"2020-12-22","purchased_purges":0,"victory":false,"max_hp_per_floor":[70,70,70,75,75,75,75,75,75,75,75,75,75,75,75,75,75,75,75,75,75,75,75,75,75,75,75,75,75,75,75,75,75,75],"card_choices":[{"not_picked":["Skewer","Bane"],"picked":"Dagger Throw","floor":0},{"not_picked":["Predator","Masterful Stab"],"picked":"Flying Knee","floor":1},{"not_picked":["Bane","All Out Attack"],"picked":"Crippling Poison","floor":2},{"not_picked":["Sucker Punch","Outmaneuver"],"picked":"Dagger Throw","floor":3},{"not_picked":["Dodge and Roll","Dagger Throw"],"picked":"Underhanded Strike","floor":5},{"not_picked":["Quick Slash","Flying Knee"],"picked":"Die Die Die","floor":8},{"not_picked":["Dagger Throw","Escape Plan+1"],"picked":"Terror+1","floor":10},{"not_picked":["Escape Plan+1","Poisoned Stab"],"picked":"Acrobatics+1","floor":12},{"not_picked":["Corpse Explosion+1","Calculated Gamble+1"],"picked":"Blade Dance+1","floor":13},{"not_picked":["Tools of the Trade","Malaise+1"],"picked":"Adrenaline+1","floor":16},{"not_picked":["Well Laid Plans","Sucker Punch"],"picked":"Terror+1","floor":18},{"not_picked":["Skewer","Poisoned Stab"],"picked":"Slice","floor":21},{"not_picked":["PiercingWail+1","Dash"],"picked":"Backstab+1","floor":24},{"not_picked":["Flying Knee","Skewer"],"picked":"Tactician+1","floor":25},{"not_picked":["Outmaneuver+1","Bane"],"picked":"PiercingWail+1","floor":28},{"not_picked":["Crippling Poison+1","Poisoned Stab+1"],"picked":"Adrenaline+1","floor":29},{"not_picked":["Dagger Spray","Dagger Throw"],"picked":"Deflect+1","floor":31}],"player_experience":6754,"relics_obtained":[{"floor":7,"key":"Bronze Scales"},{"floor":9,"key":"Toxic Egg 2"},{"floor":13,"key":"War Paint"},{"floor":24,"key":"Toy Ornithopter"},{"floor":26,"key":"PreservedInsect"},{"floor":29,"key":"Pantograph"}],"event_choices":[{"damage_healed":0,"gold_gain":0,"player_choice":"Donut","damage_taken":0,"max_hp_gain":5,"max_hp_loss":0,"event_name":"Big Fish","floor":4,"gold_loss":0},{"damage_healed":0,"gold_gain":58,"player_choice":"Gained Gold","damage_taken":0,"max_hp_gain":0,"max_hp_loss":0,"event_name":"Golden Wing","floor":11,"gold_loss":0},{"cards_removed":["Defend_G"],"damage_healed":0,"gold_gain":0,"player_choice":"Offered Basic","damage_taken":0,"max_hp_gain":0,"max_hp_loss":0,"event_name":"Bonfire Elementals","floor":14,"gold_loss":0},{"damage_healed":0,"gold_gain":0,"player_choice":"Inject Mutagens","damage_taken":0,"relics_obtained":["MutagenicStrength"],"max_hp_gain":0,"max_hp_loss":0,"event_name":"Drug Dealer","floor":19,"gold_loss":0}],"is_beta":false,"boss_relics":[{"not_picked":["Runic Dome","Empty Cage"],"picked":"HoveringKite"}],"items_purged_floors":[],"is_endless":false,"potions_floor_spawned":[1,2,5,12,24,28],"killed_by":"Automaton","ascension_level":0}}