{"host":"u0qetpmu4y58k1tf","time":1613391070,"event":{"mods":["100% Spire Juice","AchievementEnabler","Act Like it!","BaseMod","CapriCore","Colored Map","Colored Powertips","Hermit","Koishi","Marisa£¨Ùöéë¡¡Øª×âÞÞ£©","Minty Spire (QoL Compilation)","Quick Restart","Reliquary","Replay The Spire","StSLib","Td1madao Mod","The Bug Knight","The Cursed","The Dragon Tamer","The Gatherer","The Hierophant","The Immortal","The Jungle","The Runesmith","WarShipGirlsR/??á´Ò³R mod"],"gold_per_floor":[113,113,126,126,301,336,336,368,392,392,667,684,697,697,697,746,746,746,746],"floor_reached":18,"language":"KOR","playtime":1101,"items_purged":[],"score":186,"play_id":"6e5c2749-b27d-4070-b8e9-d6942b8cea04","local_time":"20210215211110","is_ascension_mode":true,"campfire_choices":[{"data":"Reprogram","floor":7.0,"key":"SMITH"},{"floor":17,"key":"REST"}],"circlet_count":0,"master_deck":["Strike_B","Strike_B","Strike_B","Strike_B","Defend_B","Defend_B","Defend_B","Defend_B","Zap","Dualcast","Reprogram+1","Spreading Infection","Doubt","Reboot","Leap","Regret","Regret","Crystallizer","BootSequence"],"relics":["Cracked Core","NeowsBlessing","reliquary:SharkskinSheath","ReplayTheSpireMod:Ring of Collecting","ReplayTheSpireMod:Ring of Exchange","Akabeko","Runesmith:Locket","ReplayTheSpireMod:Ring of Addiction","White Beast Statue","SacredBark","Molten Egg 2","ReplayTheSpireMod:Ring of Sloth","Toy Ornithopter"],"acts_visited":["Exordium"],"potions_floor_usage":[12,13,18,18],"damage_taken":[{"damage":0.0,"enemies":"Jaw Worm","floor":1.0,"turns":1.0},{"damage":0.0,"enemies":"2 Louse","floor":3.0,"turns":1.0},{"damage":0.0,"enemies":"Gremlin Nob","floor":6.0,"turns":1.0},{"damage":23.0,"enemies":"Lagavulin","floor":8.0,"turns":10.0},{"damage":3,"enemies":"Small Slimes","floor":12,"turns":2},{"damage":5,"enemies":"3 Louse","floor":13,"turns":3},{"damage":51,"enemies":"Hexaghost","floor":18,"turns":9}],"seed_played":"6188601353358673963","potions_obtained":[{"floor":1.0,"key":"Block Potion"},{"floor":8.0,"key":"ColorlessPotion"},{"floor":9.0,"key":"PowerPotion"},{"floor":9.0,"key":"ColorlessPotion"},{"floor":12,"key":"DuplicationPotion"},{"floor":13,"key":"Languid Potion"}],"is_trial":false,"path_per_floor":["M","?","M","?","?","E","R","E","T","?","?","M","M","PTL","PTL","T","R","B"],"character_chosen":"DEFECT","items_purchased":[],"campfire_rested":1,"item_purchase_floors":[],"current_hp_per_floor":[68,61,61,61,61,61,61,38,38,38,38,35,30,30,30,30,51,10,10],"gold":746,"neow_bonus":"THREE_ENEMY_KILL","is_daily":false,"chose_seed":false,"campfire_upgraded":1,"win_rate":0.0,"timestamp":1613391070,"path_taken":["M","?","M","?","?","E","R","E","T","?","?","?","M","PTL","PTL","?","R","BOSS"],"items_purchased_type":[],"build_version":"2020-12-22","purchased_purges":0,"victory":false,"max_hp_per_floor":[75,75,75,75,75,75,75,75,75,75,75,75,75,75,75,75,73,73,73],"card_choices":[{"not_picked":["ReplaySolidLightProjector","Rebound","Stack"],"picked":"SKIP","floor":1.0},{"not_picked":["Conserve Battery","Redo"],"picked":"Reprogram","floor":3.0},{"not_picked":["Cold Snap","Steam Power"],"picked":"Reboot","floor":6.0},{"not_picked":["Panic Button","Cold Snap"],"picked":"Leap","floor":8.0},{"not_picked":["Coolheaded","Steam"],"picked":"Crystallizer","floor":12},{"not_picked":["Steam","Double Energy"],"picked":"BootSequence","floor":13}],"player_experience":161273,"relics_obtained":[{"floor":4.0,"key":"ReplayTheSpireMod:Ring of Collecting"},{"floor":4.0,"key":"ReplayTheSpireMod:Ring of Exchange"},{"floor":6.0,"key":"Akabeko"},{"floor":8.0,"key":"Runesmith:Locket"},{"floor":9.0,"key":"ReplayTheSpireMod:Ring of Addiction"},{"floor":9.0,"key":"White Beast Statue"},{"floor":9.0,"key":"SacredBark"},{"floor":16,"key":"ReplayTheSpireMod:Ring of Sloth"},{"floor":16,"key":"Toy Ornithopter"}],"event_choices":[{"damage_healed":0.0,"max_hp_gain":0.0,"max_hp_loss":0.0,"gold_gain":0.0,"event_name":"Scrap Ooze","player_choice":"Success","floor":2.0,"gold_loss":0.0,"damage_taken":7.0,"relics_obtained":["reliquary:SharkskinSheath"]},{"damage_healed":0.0,"max_hp_gain":0.0,"max_hp_loss":0.0,"gold_gain":175.0,"event_name":"Liars Game","player_choice":"AGREE","floor":5.0,"gold_loss":0.0,"damage_taken":0.0,"cards_obtained":["Doubt"]},{"damage_healed":0.0,"max_hp_gain":0.0,"max_hp_loss":0.0,"gold_gain":0.0,"event_name":"Big Fish","player_choice":"Box","floor":10.0,"gold_loss":0.0,"damage_taken":0.0,"relics_obtained":["Molten Egg 2"],"cards_obtained":["Regret"]},{"damage_healed":0.0,"max_hp_gain":0.0,"max_hp_loss":0.0,"gold_gain":275.0,"event_name":"Golden Shrine","player_choice":"Desecrate","floor":11.0,"gold_loss":0.0,"damage_taken":0.0,"cards_obtained":["Regret"]}],"is_beta":false,"boss_relics":[],"items_purged_floors":[],"is_endless":false,"potions_floor_spawned":[1,8,12,13],"killed_by":"Hexaghost","ascension_level":6}}