{"host":"ty2cix8xj6r3ad26","time":1613415025,"event":{"mods":["AchievementEnabler","BaseMod","BetterRewards","Minty Spire (QoL Compilation)","Quick Restart","StSLib","SuperFastMode"],"gold_per_floor":[111,111,121,86,106,106,141,141,210,210,230,258,258,277,277,277,277],"floor_reached":16,"language":"ENG","playtime":972,"items_purged":["Strike_G","Defend_G"],"score":198,"play_id":"b25b8302-67e8-45a5-89b6-de6bacd81d6d","local_time":"20210215205025","is_ascension_mode":true,"campfire_choices":[{"data":"Neutralize","floor":6,"key":"SMITH"},{"data":"Footwork","floor":8,"key":"SMITH"},{"floor":10,"key":"REST"},{"data":"Corpse Explosion","floor":13,"key":"SMITH"},{"data":"Panache","floor":15,"key":"SMITH"}],"circlet_count":0,"master_deck":["AscendersBane","Strike_G","Strike_G","Strike_G","Strike_G","Defend_G","Defend_G","Defend_G","Defend_G","Survivor","Neutralize+1","Footwork+1","Panache+1","Infinite Blades","Corpse Explosion+1","Backflip","Quick Slash","Well Laid Plans","Accuracy","Storm of Steel","Prepared"],"relics":["Ring of the Snake","Sundial","Bronze Scales","Nunchaku","Question Card","Toy Ornithopter"],"acts_visited":["Exordium"],"potions_floor_usage":[12,12],"damage_taken":[{"damage":10,"enemies":"Small Slimes","floor":1,"turns":3},{"damage":0,"enemies":"Cultist","floor":3,"turns":4},{"damage":2,"enemies":"Jaw Worm","floor":5,"turns":5},{"damage":13,"enemies":"3 Sentries","floor":7,"turns":4},{"damage":6,"enemies":"3 Louse","floor":11,"turns":3},{"damage":19,"enemies":"Gremlin Nob","floor":12,"turns":5},{"damage":1,"enemies":"Exordium Wildlife","floor":14,"turns":2},{"damage":12,"enemies":"Slime Boss","floor":16,"turns":3}],"seed_played":"-6119861871721587216","potions_obtained":[{"floor":5,"key":"Swift Potion"},{"floor":7,"key":"AttackPotion"},{"floor":11,"key":"Block Potion"}],"is_trial":false,"path_per_floor":["M","?","M","?","M","R","E","R","T","R","M","E","R","M","R","B"],"character_chosen":"THE_SILENT","items_purchased":["Sundial","Footwork","Panache","Bronze Scales"],"campfire_rested":1,"item_purchase_floors":[0,0,0,0],"current_hp_per_floor":[18,18,18,34,32,32,19,19,19,38,32,13,13,12,12,0,0],"gold":277,"neow_bonus":"","is_daily":false,"chose_seed":false,"campfire_upgraded":4,"win_rate":0.0,"timestamp":1613415025,"path_taken":["M","?","?","?","M","R","E","R","T","R","M","E","R","M","R","BOSS"],"items_purchased_type":["Relic","Card","Card","Relic"],"build_version":"2020-12-22","purchased_purges":2,"victory":false,"max_hp_per_floor":[66,66,66,66,66,66,66,66,66,66,66,66,66,66,66,66,66],"card_choices":[{"not_picked":["Predator","Underhanded Strike"],"picked":"Infinite Blades","floor":1},{"not_picked":["Escape Plan","Dash"],"picked":"Backflip","floor":3},{"not_picked":["Deflect","Endless Agony"],"picked":"Quick Slash","floor":5},{"not_picked":["All Out Attack","Concentrate"],"picked":"Well Laid Plans","floor":7},{"not_picked":["Dagger Spray","Outmaneuver","Setup"],"picked":"Accuracy","floor":11},{"not_picked":["Tactician","Flying Knee","Acrobatics"],"picked":"Storm of Steel","floor":12},{"not_picked":["Slice","Acrobatics","Deflect"],"picked":"Prepared","floor":14}],"player_experience":580585,"relics_obtained":[{"floor":7,"key":"Nunchaku"},{"floor":9,"key":"Question Card"},{"floor":12,"key":"Toy Ornithopter"}],"event_choices":[{"damage_healed":0,"gold_gain":0,"player_choice":"1 cards matched","damage_taken":0,"max_hp_gain":0,"max_hp_loss":0,"event_name":"Match and Keep!","floor":2,"gold_loss":0,"cards_obtained":["Corpse Explosion"]},{"damage_healed":16,"gold_gain":0,"player_choice":"Healed","damage_taken":0,"max_hp_gain":0,"max_hp_loss":0,"event_name":"The Cleric","floor":4,"gold_loss":35}],"is_beta":false,"boss_relics":[],"items_purged_floors":[0,0],"is_endless":false,"potions_floor_spawned":[5,7,11],"killed_by":"Slime Boss","ascension_level":16}}