{"host":"bf5upntvbdompq33","time":1613406916,"event":{"mods":["BaseMod","Bestiary","Colored Map","Colored Powertips","Curses Come First","Minty Spire (QoL Compilation)","StSLib","ojb\u0027s Info Mod"],"gold_per_floor":[117,64,64,78,143,174,174,22,22,54,68,101,113,125,137,149,149],"floor_reached":16,"language":"ENG","playtime":665,"items_purged":["Strike_G"],"score":257,"play_id":"4cee433a-f3d2-422e-97d8-e27dcc15223e","local_time":"20210215093516","is_ascension_mode":true,"campfire_choices":[{"data":"Venomology","floor":7,"key":"SMITH"},{"floor":13,"key":"REST"},{"data":"All Out Attack","floor":15,"key":"SMITH"}],"circlet_count":0,"master_deck":["AscendersBane","Strike_G","Strike_G","Strike_G","Defend_G","Defend_G","Defend_G","Defend_G","Defend_G","Survivor","Neutralize","Well Laid Plans","Slice","Venomology+1","All Out Attack+1","Bullet Time","Leg Sweep","Slice","Dagger Throw"],"relics":["Ring of the Snake","NeowsBlessing","MealTicket","Letter Opener","Bottled Lightning","MawBank","Golden Idol"],"acts_visited":["Exordium"],"potions_floor_usage":[10,10,11,12,12,12,12,16,16],"damage_taken":[{"damage":0,"enemies":"Small Slimes","floor":1,"turns":1},{"damage":0,"enemies":"Jaw Worm","floor":4,"turns":1},{"damage":0,"enemies":"Gremlin Nob","floor":6,"turns":1},{"damage":0,"enemies":"3 Sentries","floor":10,"turns":5},{"damage":0,"enemies":"2 Louse","floor":11,"turns":2},{"damage":32,"enemies":"Gremlin Nob","floor":12,"turns":4},{"damage":64,"enemies":"Slime Boss","floor":16,"turns":11}],"seed_played":"7043423645339034703","potions_obtained":[{"floor":1,"key":"Explosive Potion"},{"floor":4,"key":"SpeedPotion"},{"floor":10,"key":"Explosive Potion"}],"is_trial":false,"path_per_floor":["M","$","?","M","?","E","R","$","T","E","M","E","R","?","R","B"],"character_chosen":"THE_SILENT","items_purchased":["Slice","Leg Sweep"],"campfire_rested":1,"item_purchase_floors":[2,8],"current_hp_per_floor":[63,63,63,63,63,63,63,70,70,70,70,38,59,59,59,0,0],"gold":149,"neow_bonus":"THREE_ENEMY_KILL","is_daily":false,"chose_seed":false,"campfire_upgraded":2,"win_rate":0.0,"timestamp":1613406916,"path_taken":["M","$","?","M","?","E","R","$","T","E","M","E","R","?","R","BOSS"],"items_purchased_type":["Card","Card"],"build_version":"2020-12-22","purchased_purges":1,"victory":false,"max_hp_per_floor":[70,70,70,70,70,70,70,70,70,70,70,70,70,65,65,65,65],"card_choices":[{"not_picked":["Setup","Acrobatics"],"picked":"Well Laid Plans","floor":1},{"not_picked":["Cloak And Dagger","Flechettes"],"picked":"All Out Attack","floor":4},{"not_picked":["Acrobatics","Dagger Spray"],"picked":"Bullet Time","floor":6},{"not_picked":["PiercingWail","Dagger Spray"],"picked":"Slice","floor":10},{"not_picked":["Eviscerate","A Thousand Cuts","Heel Hook"],"picked":"SKIP","floor":11},{"not_picked":["Eviscerate","A Thousand Cuts","Heel Hook"],"picked":"SKIP","floor":11},{"not_picked":["Outmaneuver","Reflex"],"picked":"Dagger Throw","floor":12}],"player_experience":1594235,"relics_obtained":[{"floor":6,"key":"MealTicket"},{"floor":9,"key":"Letter Opener"},{"floor":10,"key":"Bottled Lightning"},{"floor":12,"key":"MawBank"}],"event_choices":[{"damage_healed":0,"gold_gain":0,"cards_transformed":["Strike_G"],"player_choice":"Change","damage_taken":0,"max_hp_gain":0,"max_hp_loss":0,"event_name":"Living Wall","floor":3,"gold_loss":0,"cards_obtained":["Venomology"]},{"damage_healed":0,"gold_gain":65,"player_choice":"Gained Gold","damage_taken":0,"max_hp_gain":0,"max_hp_loss":0,"event_name":"Golden Wing","floor":5,"gold_loss":0},{"damage_healed":0,"gold_gain":0,"player_choice":"Lose Max HP","damage_taken":0,"relics_obtained":["Golden Idol"],"max_hp_gain":0,"max_hp_loss":5,"event_name":"Golden Idol","floor":14,"gold_loss":0}],"is_beta":false,"boss_relics":[],"items_purged_floors":[8],"is_endless":false,"potions_floor_spawned":[1,4,10,11,12],"killed_by":"Slime Boss","ascension_level":11}}