{"host":"j2zti408atcvju3x","time":1613397507,"event":{"mods":["BaseMod","Minty Spire (QoL Compilation)","Quick Restart","StSLib"],"gold_per_floor":[118,68,85,95,112,112,112,112,112,112,124,144,69,69,69,164,164,178,78,3,22,22,22,50,50,50,50,50],"floor_reached":27,"language":"ZHS","playtime":1101,"items_purged":["Strike_B","Aggregate"],"score":221,"play_id":"7cf9f042-eee6-44da-8a0a-f368306e3119","local_time":"20210215215827","is_ascension_mode":false,"campfire_choices":[{"data":"Zap","floor":6,"key":"SMITH"},{"floor":10,"key":"REST"},{"data":"Dualcast","floor":15,"key":"SMITH"},{"data":"Aggregate","floor":23,"key":"SMITH"}],"circlet_count":0,"master_deck":["Defend_B","Defend_B","Defend_B","Zap+1","Dualcast+1","Sweeping Beam","Beam Cell","Doom and Gloom","Cold Snap","Aggregate+1","Electrodynamics+1","Lockon+1","Conserve Battery"],"relics":["Cracked Core","Frozen Egg 2","Letter Opener","Inserter","Bronze Scales","Enchiridion","Bottled Lightning"],"acts_visited":["Exordium","TheCity"],"potions_floor_usage":[],"damage_taken":[{"damage":4,"enemies":"Cultist","floor":1,"turns":4},{"damage":3,"enemies":"Jaw Worm","floor":3,"turns":3},{"damage":1,"enemies":"2 Louse","floor":4,"turns":2},{"damage":5,"enemies":"Looter","floor":5,"turns":3},{"damage":0,"enemies":"Large Slime","floor":11,"turns":5},{"damage":0,"enemies":"Lots of Slimes","floor":12,"turns":1},{"damage":29,"enemies":"Slime Boss","floor":16,"turns":7},{"damage":15,"enemies":"Shell Parasite","floor":18,"turns":3},{"damage":5,"enemies":"Chosen","floor":21,"turns":3},{"damage":42,"enemies":"Slavers","floor":24,"turns":3},{"damage":9,"enemies":"Snake Plant","floor":27,"turns":1}],"seed_played":"6398523164643273868","potions_obtained":[{"floor":1,"key":"ColorlessPotion"},{"floor":4,"key":"Swift Potion"},{"floor":5,"key":"SteroidPotion"},{"floor":16,"key":"Regen Potion"},{"floor":21,"key":"FearPotion"}],"is_trial":false,"path_per_floor":["M","?","M","M","M","R","?","?","T","R","M","M","$","?","R","B",null,"M","$","?","M","?","R","E","?","T","M"],"character_chosen":"DEFECT","items_purchased":[],"campfire_rested":1,"item_purchase_floors":[],"current_hp_per_floor":[78,78,75,74,69,69,51,44,44,68,68,68,68,68,68,39,82,67,67,67,62,62,62,20,4,4,0,0],"gold":50,"neow_bonus":"TEN_PERCENT_HP_BONUS","is_daily":false,"chose_seed":false,"campfire_upgraded":3,"win_rate":0.0,"timestamp":1613397507,"path_taken":["M","?","M","M","M","R","?","?","T","R","M","M","?","?","R","BOSS","M","?","?","M","?","R","E","?","T","M"],"items_purchased_type":[],"build_version":"2020-12-22","purchased_purges":2,"victory":false,"max_hp_per_floor":[82,82,82,82,82,82,82,82,82,82,82,82,82,82,82,82,82,82,82,82,82,82,82,82,82,82,82,82],"card_choices":[{"not_picked":["Coolheaded","Leap"],"picked":"Aggregate","floor":1},{"not_picked":["Beam Cell","Stack"],"picked":"Sweeping Beam","floor":3},{"not_picked":["Reboot","Compile Driver"],"picked":"Beam Cell","floor":4},{"not_picked":["BootSequence","Leap"],"picked":"Doom and Gloom","floor":5},{"not_picked":["White Noise","Reprogram","Stack"],"picked":"SKIP","floor":11},{"not_picked":["Ball Lightning","Force Field"],"picked":"Cold Snap","floor":12},{"not_picked":["Fission","Rainbow"],"picked":"Electrodynamics+1","floor":16},{"not_picked":["Streamline","BootSequence"],"picked":"Lockon+1","floor":18},{"not_picked":["Coolheaded","Streamline","Gash"],"picked":"SKIP","floor":21},{"not_picked":["Cold Snap+1","Steam"],"picked":"Conserve Battery","floor":24}],"player_experience":4695,"relics_obtained":[{"floor":9,"key":"Letter Opener"},{"floor":24,"key":"Bronze Scales"},{"floor":25,"key":"Enchiridion"},{"floor":26,"key":"Bottled Lightning"}],"event_choices":[{"cards_removed":["Strike_B"],"damage_healed":0,"gold_gain":0,"player_choice":"Card Removal","damage_taken":0,"max_hp_gain":0,"max_hp_loss":0,"event_name":"The Cleric","floor":2,"gold_loss":50},{"damage_healed":0,"gold_gain":0,"player_choice":"Success","damage_taken":18,"relics_obtained":["Frozen Egg 2"],"max_hp_gain":0,"max_hp_loss":0,"event_name":"Scrap Ooze","floor":7,"gold_loss":0},{"cards_removed":["Strike_B"],"damage_healed":0,"gold_gain":0,"player_choice":"Card Removal","damage_taken":7,"max_hp_gain":0,"max_hp_loss":0,"event_name":"Golden Wing","floor":8,"gold_loss":0},{"damage_healed":0,"gold_gain":0,"cards_transformed":["Strike_B"],"player_choice":"Transformed","damage_taken":0,"max_hp_gain":0,"max_hp_loss":0,"event_name":"Transmorgrifier","floor":14,"gold_loss":0,"cards_obtained":["Aggregate"]},{"cards_removed":["Defend_B"],"damage_healed":0,"gold_gain":0,"player_choice":"Gave Gold","damage_taken":0,"max_hp_gain":0,"max_hp_loss":0,"event_name":"Beggar","floor":20,"gold_loss":75},{"damage_healed":0,"gold_gain":0,"player_choice":"Ignored","damage_taken":0,"max_hp_gain":0,"max_hp_loss":0,"event_name":"The Mausoleum","floor":22,"gold_loss":0},{"damage_healed":0,"gold_gain":0,"player_choice":"Obtained Book","damage_taken":16,"max_hp_gain":0,"max_hp_loss":0,"event_name":"Cursed Tome","floor":25,"gold_loss":0}],"is_beta":false,"boss_relics":[{"not_picked":["Runic Pyramid","Busted Crown"],"picked":"Inserter"}],"items_purged_floors":[13,19],"is_endless":false,"potions_floor_spawned":[1,4,5,16,21],"killed_by":"Snake Plant","ascension_level":0}}