{"host":"szp1d6dso4pv7ddl","time":1613347925,"event":{"mods":["AchievementEnabler","Alarm Clock","BaseMod","Bestiary","Block Reminder","Colored Map","Colored Powertips","Curses Come First","Dark Map","Displayed Cursed Tome","Highlight Path","Minty Spire (QoL Compilation)","Permanent Neow","Quick Restart","Relic Sorter","Relic Stats","StSLib","Synergy Search"],"gold_per_floor":[109,109,109,132,146,146,189,189,189,213,244,244,284,309,309,309,309],"floor_reached":16,"language":"ENG","playtime":622,"items_purged":[],"score":220,"play_id":"6a01efcd-4b86-4dea-b004-e07039872c28","local_time":"20210214161205","is_ascension_mode":true,"campfire_choices":[{"floor":6,"key":"REST"},{"floor":8,"key":"REST"},{"floor":15,"key":"REST"}],"circlet_count":0,"master_deck":["AscendersBane","Strike_G","Strike_G","Strike_G","Strike_G","Strike_G","Defend_G","Defend_G","Defend_G","Defend_G","Defend_G","Survivor","Neutralize","Dagger Spray","Eviscerate","Well Laid Plans","Grand Finale","Caltrops","Dagger Throw","PiercingWail"],"relics":["Fusion Hammer","Golden Idol","Gambling Chip","Omamori","StrikeDummy","Odd Mushroom","Sundial"],"acts_visited":["Exordium"],"potions_floor_usage":[11,14,16],"damage_taken":[{"damage":8,"enemies":"Cultist","floor":1,"turns":5},{"damage":2,"enemies":"Jaw Worm","floor":4,"turns":4},{"damage":0,"enemies":"Small Slimes","floor":5,"turns":1},{"damage":26,"enemies":"Gremlin Nob","floor":7,"turns":4},{"damage":0,"enemies":"Looter","floor":10,"turns":1},{"damage":9,"enemies":"The Mushroom Lair","floor":11,"turns":2},{"damage":30,"enemies":"3 Sentries","floor":13,"turns":6},{"damage":12,"enemies":"Lots of Slimes","floor":14,"turns":4},{"damage":45,"enemies":"Hexaghost","floor":16,"turns":9}],"seed_played":"-8420356782595955391","potions_obtained":[{"floor":7,"key":"Swift Potion"},{"floor":13,"key":"GhostInAJar"},{"floor":14,"key":"Swift Potion"}],"is_trial":false,"path_per_floor":["M","?","T","M","M","R","E","R","T","M","?","?","E","M","R","B"],"character_chosen":"THE_SILENT","items_purchased":[],"campfire_rested":3,"item_purchase_floors":[],"current_hp_per_floor":[51,28,28,26,26,45,19,38,38,38,29,66,36,24,43,0,0],"gold":309,"neow_bonus":"BOSS_RELIC","is_daily":false,"chose_seed":false,"campfire_upgraded":0,"win_rate":0.0,"timestamp":1613347925,"path_taken":["M","?","?","?","M","R","E","R","T","M","?","?","E","M","R","BOSS"],"items_purchased_type":[],"build_version":"2020-12-22","purchased_purges":0,"victory":false,"max_hp_per_floor":[66,66,66,66,66,66,66,66,66,66,66,66,66,66,66,66,66],"relic_stats":{"counters":[9,36],"Golden Idol":41,"Sundial":[2],"Gambling Chip":[26],"obtain_stats":[{"Golden Idol":2,"Sundial":13,"Gambling Chip":3,"Fusion Hammer":0,"Omamori":7,"Odd Mushroom":11,"StrikeDummy":9,"Ring of the Snake":0},{"Golden Idol":1,"Sundial":7,"Gambling Chip":1,"Fusion Hammer":0,"Omamori":4,"Odd Mushroom":6,"StrikeDummy":4,"Ring of the Snake":0},{"Golden Idol":5,"Sundial":23,"Gambling Chip":5,"Fusion Hammer":0,"Omamori":14,"Odd Mushroom":17,"StrikeDummy":14,"Ring of the Snake":0}]},"card_choices":[{"not_picked":["Acrobatics","Quick Slash"],"picked":"Dagger Spray","floor":1},{"not_picked":["Underhanded Strike","Sucker Punch"],"picked":"Eviscerate","floor":4},{"not_picked":["Deadly Poison","Slice","Deflect"],"picked":"SKIP","floor":5},{"not_picked":["Slice","Catalyst"],"picked":"Well Laid Plans","floor":7},{"not_picked":["Acrobatics","Setup"],"picked":"Grand Finale","floor":10},{"not_picked":["Distraction","Bane"],"picked":"Caltrops","floor":11},{"not_picked":["Dodge and Roll","Quick Slash"],"picked":"Dagger Throw","floor":13},{"not_picked":["Bane","Deflect"],"picked":"PiercingWail","floor":14}],"player_experience":1580084,"relics_obtained":[{"floor":3,"key":"Gambling Chip"},{"floor":7,"key":"Omamori"},{"floor":9,"key":"StrikeDummy"},{"floor":11,"key":"Odd Mushroom"},{"floor":13,"key":"Sundial"}],"event_choices":[{"damage_healed":0,"gold_gain":0,"player_choice":"Take Damage","damage_taken":23,"relics_obtained":["Golden Idol"],"max_hp_gain":0,"max_hp_loss":0,"event_name":"Golden Idol","floor":2,"gold_loss":0},{"damage_healed":0,"gold_gain":0,"player_choice":"Fought Mushrooms","damage_taken":0,"max_hp_gain":0,"max_hp_loss":0,"event_name":"Mushrooms","floor":11,"gold_loss":0},{"damage_healed":37,"gold_gain":0,"player_choice":"Full Heal","damage_taken":0,"max_hp_gain":0,"max_hp_loss":0,"event_name":"Wheel of Change","floor":12,"gold_loss":0}],"is_beta":false,"boss_relics":[],"items_purged_floors":[],"is_endless":false,"potions_floor_spawned":[7,13,14],"killed_by":"Hexaghost","ascension_level":20}}