{"host":"0fd22hpf43j6tvvm","time":1613417878,"event":{"mods":["AchievementEnabler","BaseMod","Colored Map","Minty Spire (QoL Compilation)","Relic Stats"],"gold_per_floor":[110,185,201,216,226,226,226,226],"floor_reached":7,"language":"ENG","playtime":691,"items_purged":[],"score":77,"play_id":"9642f4ed-4636-4234-aa66-2fd3fed0516c","local_time":"20210215143758","is_ascension_mode":true,"campfire_choices":[{"floor":6.0,"key":"DIG"}],"circlet_count":0,"master_deck":["AscendersBane","Strike_P","Strike_P","Strike_P","Strike_P","Defend_P","Defend_P","Defend_P","Defend_P","Eruption","Vigilance","ThirdEye","PathToVictory","Tantrum","ConjureBlade"],"relics":["PureWater","Shovel","Yang"],"acts_visited":["Exordium"],"potions_floor_usage":[],"damage_taken":[{"damage":0.0,"enemies":"2 Louse","floor":1.0,"turns":2.0},{"damage":9.0,"enemies":"Small Slimes","floor":3.0,"turns":8.0},{"damage":8.0,"enemies":"Jaw Worm","floor":4.0,"turns":5.0},{"damage":0.0,"enemies":"Exordium Wildlife","floor":5.0,"turns":5.0},{"damage":28,"enemies":"3 Sentries","floor":7,"turns":5}],"seed_played":"-1530814804124327546","potions_obtained":[{"floor":5.0,"key":"LiquidBronze"}],"is_trial":false,"path_per_floor":["M","?","M","M","M","R","E"],"character_chosen":"WATCHER","items_purchased":[],"campfire_rested":0,"item_purchase_floors":[],"current_hp_per_floor":[43,32,23,15,15,15,0,0],"gold":226,"neow_bonus":"ONE_RARE_RELIC","is_daily":false,"chose_seed":false,"campfire_upgraded":0,"win_rate":0.0,"timestamp":1613417878,"path_taken":["M","?","M","M","M","R","E"],"items_purchased_type":[],"build_version":"2020-12-22","purchased_purges":0,"victory":false,"max_hp_per_floor":[68,68,68,68,68,68,68,68],"relic_stats":{"Shovel":1,"counters":[5,25],"Yang":[5],"obtain_stats":[{"Shovel":0,"Yang":6,"PureWater":0},{"Shovel":0,"Yang":4,"PureWater":0},{"Shovel":0,"Yang":20,"PureWater":0}]},"card_choices":[{"not_picked":["EmptyFist","FlyingSleeves"],"picked":"ThirdEye","floor":1.0},{"not_picked":["CrushJoints","JustLucky"],"picked":"PathToVictory","floor":3.0},{"not_picked":["WheelKick","FlyingSleeves"],"picked":"Tantrum","floor":4.0},{"not_picked":["FlyingSleeves","Pray"],"picked":"ConjureBlade","floor":5.0}],"player_experience":572915,"relics_obtained":[{"floor":6.0,"key":"Yang"}],"event_choices":[{"damage_healed":0.0,"max_hp_gain":0.0,"max_hp_loss":0.0,"gold_gain":75.0,"event_name":"World of Goop","player_choice":"Gather Gold","floor":2.0,"gold_loss":0.0,"damage_taken":11.0}],"is_beta":false,"boss_relics":[],"items_purged_floors":[],"is_endless":false,"potions_floor_spawned":[5],"killed_by":"3 Sentries","ascension_level":16}}