{"host":"a3gu5zu37ht99mpa","time":1613358290,"event":{"mods":["100% Spire Juice","Act Like it!","Arknights","BaseMod","Better Silent Start","BetterRewards","Conspire","Downfall","Energized Spire","GifTheSpireLib","Gold Saver","Halation","Minty Spire (QoL Compilation)","Prisma Mod","Robot Space Explorer","Shop Mod","StSLib","Stuff the Spire","The Animator","The Servant 0.9.4","Virulent Crown","Wandering Minibosses","yUi"],"gold_per_floor":[599,189,364,364,388,388,388],"floor_reached":6,"language":"ENG","playtime":339,"items_purged":[],"score":36,"play_id":"3df84d32-87ec-419f-b3ef-f01af43d82b9","local_time":"20210214220450","is_ascension_mode":true,"campfire_choices":[],"circlet_count":0,"master_deck":["animator:Strike_GATE","animator:Defend_GATE","animator:Strike","animator:Strike","animator:Strike","animator:Defend","animator:Defend","animator:Defend","animator:TukaLunaMarceau","animator:Kuribayashi","animator:Aisha","animator:Tatsumaki","animator:Yoichi","animator:Arpeggio","animator:Patchouli","Doubt","animator:CowGirl"],"relics":["animator:LivingPicture","animator:TheMissingPiece","DataDisk","halation:PinkSoulGem"],"acts_visited":["Exordium"],"potions_floor_usage":[],"damage_taken":[{"damage":7,"enemies":"Jaw Worm","floor":1,"turns":5},{"damage":10,"enemies":"Small Slimes","floor":5,"turns":4},{"damage":52,"enemies":"Gremlin Nob","floor":6,"turns":5}],"seed_played":"-5169797628673042592","potions_obtained":[],"is_trial":false,"path_per_floor":["M","$","?","?","M","E"],"character_chosen":"THE_ANIMATOR","items_purchased":["animator:Aisha","animator:Tatsumaki","DataDisk","animator:Arpeggio","animator:Patchouli"],"campfire_rested":0,"item_purchase_floors":[0,0,2,2,2],"current_hp_per_floor":[59,59,59,59,49,0,0],"gold":388,"neow_bonus":"","is_daily":false,"chose_seed":false,"campfire_upgraded":0,"win_rate":0.0,"timestamp":1613358290,"path_taken":["M","$","?","?","M","E"],"items_purchased_type":["Card","Card","Relic","Card","Card"],"build_version":"2020-12-22","purchased_purges":0,"victory":false,"max_hp_per_floor":[66,66,66,66,66,66,66],"card_choices":[{"not_picked":["animator:Geryuganshoop","animator:Priestess"],"picked":"animator:Yoichi","floor":1},{"not_picked":["animator:HighElfArcher","animator:Laby"],"picked":"animator:CowGirl","floor":5}],"player_experience":84639,"relics_obtained":[],"event_choices":[{"damage_healed":0,"gold_gain":175,"player_choice":"AGREE","damage_taken":0,"max_hp_gain":0,"max_hp_loss":0,"event_name":"Liars Game","floor":3,"gold_loss":0,"cards_obtained":["Doubt"]}],"is_beta":false,"boss_relics":[],"items_purged_floors":[],"is_endless":false,"potions_floor_spawned":[],"killed_by":"Gremlin Nob","ascension_level":1}}