{"host":"0s686iw3hprdrk8c","time":1613432641,"event":{"mods":["BaseMod","Bestiary","Downfall","Marisa????????","Minty Spire (QoL Compilation)","Replay The Spire","StSLib","The Hierophant","The Servant 0.9.4"],"gold_per_floor":[110,127,13,13,28,28,57,77,77,93,93,93,126,143,143,246,246,260,270,102,17,17,17],"floor_reached":22,"language":"ENG","playtime":1710,"items_purged":[],"score":216,"play_id":"bca6f415-1d87-4c9f-8608-f6a92ebebd64","local_time":"20210215184401","is_ascension_mode":true,"campfire_choices":[{"floor":6,"key":"RECALL"},{"floor":12,"key":"REST"},{"data":"Mirror Shield","floor":15,"key":"SMITH"}],"circlet_count":0,"master_deck":["Strike_B","Strike_B","Strike_B","Strike_B","Defend_B","Defend_B","Defend_B","Defend_B","Zap","Dualcast","BasicCrystalCard","BasicCrystalCard","Conserve Battery+1","Sunder","Ball Lightning","Gash","Panic Button","Mirror Shield+1","Redo","Gash","ReplayTheSpireMod:Fabricate Wheel","CurseOfTheBell","Capacitor","Gash","Streamline"],"relics":["Cracked Core","NeowsBlessing","Happy Flower","Pantograph","ReplayTheSpireMod:Lightbulb","Calling Bell","Orichalcum","Kunai","Replay:Arrowhead","ClockworkSouvenir","ReplayTheSpireMod:Ninjato"],"acts_visited":["Exordium","TheCity"],"potions_floor_usage":[7,22,22],"damage_taken":[{"damage":0,"enemies":"Cultist","floor":1,"turns":1},{"damage":0,"enemies":"2 Louse","floor":2,"turns":1},{"damage":0,"enemies":"Small Slimes","floor":5,"turns":1},{"damage":29,"enemies":"Replay:BlueRogue","floor":7,"turns":5},{"damage":15,"enemies":"3 Louse","floor":8,"turns":2},{"damage":8,"enemies":"2 Fungi Beasts","floor":10,"turns":3},{"damage":5,"enemies":"Lagavulin","floor":13,"turns":6},{"damage":3,"enemies":"Exordium Thugs","floor":14,"turns":4},{"damage":30,"enemies":"The Guardian","floor":16,"turns":12},{"damage":34,"enemies":"3 Byrds","floor":18,"turns":5},{"damage":33,"enemies":"2 Thieves","floor":19,"turns":4},{"damage":10,"enemies":"Centurion and Healer","floor":22,"turns":3}],"seed_played":"-8106632277945353202","potions_obtained":[{"floor":2,"key":"ColorlessPotion"},{"floor":8,"key":"Elixir"},{"floor":13,"key":"SteroidPotion"},{"floor":16,"key":"Venom Potion"},{"floor":19,"key":"Ancient Potion"}],"is_trial":false,"path_per_floor":["M","M","$","?","M","R","E","M","T","M","?","R","E","M","R","B",null,"M","M","$","?","M"],"character_chosen":"DEFECT","items_purchased":["Conserve Battery+1","Sunder","Streamline","ClockworkSouvenir"],"campfire_rested":1,"item_purchase_floors":[3,3,20,20],"current_hp_per_floor":[75,75,75,75,75,75,46,31,31,23,23,45,40,37,37,32,75,41,8,8,8,0,0],"gold":17,"neow_bonus":"THREE_ENEMY_KILL","is_daily":false,"chose_seed":false,"campfire_upgraded":1,"win_rate":0.0,"timestamp":1613432641,"path_taken":["M","?","$","?","M","R","E","M","T","M","?","R","E","M","R","BOSS","M","M","$","?","M"],"items_purchased_type":["Card","Card","Card","Relic"],"build_version":"2020-12-22","purchased_purges":0,"victory":false,"max_hp_per_floor":[75,75,75,75,75,75,75,75,75,75,75,75,75,75,75,75,75,75,75,75,75,75,75],"card_choices":[{"not_picked":["Chaos","Rebound"],"picked":"BasicCrystalCard","floor":1},{"not_picked":["Hologram","Stack"],"picked":"BasicCrystalCard","floor":2},{"not_picked":["ReplaySolidLightProjector","Seek"],"picked":"Ball Lightning","floor":5},{"not_picked":["ReplayGash","Hello World"],"picked":"Gash","floor":7},{"not_picked":["Ball Lightning","Coolheaded"],"picked":"Panic Button","floor":8},{"not_picked":["Cold Snap","Leap"],"picked":"Mirror Shield","floor":10},{"not_picked":["Fusion","BasicCrystalCard"],"picked":"Redo","floor":13},{"not_picked":["Panic Button","Steam"],"picked":"Gash","floor":14},{"not_picked":["Multi-Cast","Meteor Strike"],"picked":"ReplayTheSpireMod:Fabricate Wheel","floor":16},{"not_picked":["Ball Lightning","Darkness+1"],"picked":"Capacitor","floor":18},{"not_picked":["Cold Snap","Hologram"],"picked":"Gash","floor":19}],"player_experience":245116,"relics_obtained":[{"floor":7,"key":"Pantograph"},{"floor":13,"key":"ReplayTheSpireMod:Lightbulb"},{"floor":17,"key":"Orichalcum"},{"floor":17,"key":"Kunai"},{"floor":17,"key":"Replay:Arrowhead"}],"event_choices":[{"damage_healed":0,"gold_gain":0,"player_choice":"Box","damage_taken":0,"relics_obtained":["Happy Flower"],"max_hp_gain":0,"max_hp_loss":0,"event_name":"Big Fish","floor":4,"gold_loss":0,"cards_obtained":["Regret"]},{"cards_removed":["Regret"],"damage_healed":0,"gold_gain":0,"player_choice":"Forget","damage_taken":0,"max_hp_gain":0,"max_hp_loss":0,"event_name":"Living Wall","floor":11,"gold_loss":0},{"damage_healed":0,"gold_gain":0,"player_choice":"Obtained Relic","damage_taken":0,"relics_obtained":["ReplayTheSpireMod:Ninjato"],"max_hp_gain":0,"max_hp_loss":0,"event_name":"Addict","floor":21,"gold_loss":85}],"is_beta":false,"boss_relics":[{"not_picked":["Busted Crown","Runic Pyramid"],"picked":"Calling Bell"}],"items_purged_floors":[],"is_endless":false,"potions_floor_spawned":[2,8,13,16,19],"killed_by":"Centurion and Healer","ascension_level":2}}