{"host":"bq4pt811tk9yrmjl","time":1613413227,"event":{"mods":["AchievementEnabler","BaseMod","Colored Map","Colored Powertips","Defuse TimeMaze Blight","Hermit","Minty Spire (QoL Compilation)","Smile Girya","StSLib","SuperFastMode"],"gold_per_floor":[99,99,99,99,99,99,99,99,99,99,99],"floor_reached":10,"language":"ENG","playtime":278,"items_purged":[],"score":74,"play_id":"1687328b-64c2-43b4-a74e-13f2f3e68c86","local_time":"20210215162027","is_ascension_mode":true,"campfire_choices":[{"data":"Neutralize","floor":6,"key":"SMITH"}],"circlet_count":0,"master_deck":["Strike_G","Strike_G","Strike_G","Strike_G","Strike_G","Defend_G","Defend_G","Defend_G","Defend_G","Defend_G","Survivor","Neutralize+1","Cloak And Dagger","Bouncing Flask","Leg Sweep","Malaise"],"relics":["Ectoplasm","Pear"],"acts_visited":["Exordium"],"potions_floor_usage":[7],"damage_taken":[{"damage":0,"enemies":"2 Louse","floor":1,"turns":4},{"damage":0,"enemies":"Cultist","floor":2,"turns":4},{"damage":2,"enemies":"Small Slimes","floor":4,"turns":4},{"damage":1,"enemies":"Gremlin Gang","floor":5,"turns":6},{"damage":26,"enemies":"3 Sentries","floor":7,"turns":12},{"damage":1,"enemies":"Blue Slaver","floor":8,"turns":4},{"damage":19,"enemies":"Gremlin Nob","floor":10,"turns":4}],"seed_played":"-5491616687542668781","potions_obtained":[{"floor":5,"key":"Poison Potion"},{"floor":7,"key":"Swift Potion"},{"floor":8,"key":"Dexterity Potion"}],"is_trial":false,"path_per_floor":["M","M","?","M","M","R","E","M","T","E"],"character_chosen":"THE_SILENT","items_purchased":[],"campfire_rested":0,"item_purchase_floors":[],"current_hp_per_floor":[70,70,70,68,67,67,51,50,50,31,31],"gold":99,"neow_bonus":"BOSS_RELIC","is_daily":false,"chose_seed":false,"campfire_upgraded":1,"win_rate":0.0,"timestamp":1613413227,"path_taken":["M","M","?","?","M","R","E","M","T","E"],"items_purchased_type":[],"build_version":"2020-12-22","purchased_purges":0,"victory":false,"max_hp_per_floor":[70,70,70,70,70,70,80,80,80,80,80],"card_choices":[{"not_picked":["Flying Knee","Dagger Throw"],"picked":"Cloak And Dagger","floor":1},{"not_picked":["Finisher","Acrobatics","Underhanded Strike"],"picked":"SKIP","floor":2},{"not_picked":["Dodge and Roll","Tactician"],"picked":"Bouncing Flask","floor":4},{"not_picked":["Crippling Poison","Blur"],"picked":"Leg Sweep","floor":5},{"not_picked":["Deflect","Flying Knee"],"picked":"Malaise","floor":7},{"not_picked":["Sucker Punch","Riddle With Holes","Bouncing Flask"],"picked":"SKIP","floor":8}],"player_experience":305559,"relics_obtained":[{"floor":7,"key":"Pear"}],"event_choices":[{"damage_healed":0,"gold_gain":100,"player_choice":"Pray","damage_taken":0,"max_hp_gain":0,"max_hp_loss":0,"event_name":"Golden Shrine","floor":3,"gold_loss":0}],"is_beta":false,"boss_relics":[],"items_purged_floors":[],"is_endless":false,"potions_floor_spawned":[5,7,8],"killed_by":"Gremlin Nob","ascension_level":1}}