{"host":"n95r2z13dwkl182w","time":1613382238,"event":{"mods":["2.2 Compatiblity","AchievementEnabler","BaseMod","Colored Map","Hermit","Marisa£¨Ùöéë¡¡Øª×âÞÞ£©","Minty Spire (QoL Compilation)","StSLib","SuperFastMode","The Poker Player","everything is the same but u backflip on backflip"],"gold_per_floor":[114,64,8,18,18,18,46,46,46,77,142,142,165,177,177,277,277,297,222,238,0,14,14,14],"floor_reached":23,"language":"KOR","playtime":585,"items_purged":[],"score":244,"play_id":"5e16ed92-78f7-435e-ac3c-5cb21a48e0d4","local_time":"20210215184358","is_ascension_mode":true,"campfire_choices":[{"data":"StarBarrage","floor":6.0,"key":"SMITH"},{"data":"UpSweep","floor":8.0,"key":"SMITH"},{"data":"DoubleSpark","floor":12,"key":"SMITH"},{"floor":15,"key":"REST"}],"circlet_count":0,"master_deck":["Strike_MRS","Strike_MRS","Defend_MRS","Defend_MRS","MasterSpark","UpSweep+1","StarBarrage+1","DoubleSpark+1","Parasite","Parasite","MaximisePower"],"relics":["MiniHakkero","NeowsBlessing","Unceasing Top","Lantern","Sundial","Boot","Torii","ShroomBag","Empty Cage"],"acts_visited":["Exordium","TheCity"],"potions_floor_usage":[16,22],"damage_taken":[{"damage":0.0,"enemies":"Small Slimes","floor":1.0,"turns":1.0},{"damage":0.0,"enemies":"Jaw Worm","floor":4.0,"turns":1.0},{"damage":0.0,"enemies":"Gremlin Nob","floor":7.0,"turns":1.0},{"damage":17.0,"enemies":"3 Sentries","floor":10.0,"turns":5.0},{"damage":9,"enemies":"3 Sentries","floor":11,"turns":4},{"damage":10,"enemies":"The Mushroom Lair","floor":13,"turns":3},{"damage":0,"enemies":"Cultist","floor":14,"turns":2},{"damage":52,"enemies":"The Guardian","floor":16,"turns":7},{"damage":13,"enemies":"Shell Parasite","floor":18,"turns":4},{"damage":11,"enemies":"Spheric Guardian","floor":20,"turns":3},{"damage":22,"enemies":"3 Cultists","floor":22,"turns":5},{"damage":40,"enemies":"Book of Stabbing","floor":23,"turns":4}],"seed_played":"-9075083393752148131","potions_obtained":[{"floor":1.0,"key":"SpeedPotion"},{"floor":7.0,"key":"DistilledChaos"},{"floor":14,"key":"SkillPotion"},{"floor":18,"key":"SteroidPotion"}],"is_trial":false,"path_per_floor":["M","?","?","M","$","R","E","R","T","E","?","R","?","M","R","B",null,"M","?","M","?","M","E"],"character_chosen":"MARISA","items_purchased":[],"campfire_rested":1,"item_purchase_floors":[],"current_hp_per_floor":[75,75,75,75,75,75,75,75,75,58,49,49,39,43,65,17,75,64,64,57,57,39,3,3],"gold":14,"neow_bonus":"THREE_ENEMY_KILL","is_daily":false,"chose_seed":false,"campfire_upgraded":3,"win_rate":0.0,"timestamp":1613382238,"path_taken":["M","?","?","?","$","R","E","R","T","E","?","R","?","M","R","BOSS","M","?","M","?","M","E"],"items_purchased_type":[],"build_version":"2020-12-22","purchased_purges":0,"victory":false,"max_hp_per_floor":[75,75,75,75,75,75,75,75,75,75,75,75,75,75,75,75,75,75,75,75,75,75,75,75],"card_choices":[{"not_picked":["ChargeUpSpray","WitchOfGreed"],"picked":"StarBarrage","floor":1.0},{"not_picked":["GravityBeat","EarthLightRay","SporeBomb"],"picked":"SKIP","floor":4.0},{"not_picked":["WitchOfGreed","Occultation","OrrerysSun"],"picked":"SKIP","floor":7.0},{"not_picked":["ShootingEcho","UnstableBomb","ManaConvection"],"picked":"SKIP","floor":10.0},{"not_picked":["PowerUp","AsteroidBelt"],"picked":"DoubleSpark","floor":11},{"not_picked":["SporeBomb","Acceleration","LuminesStrike"],"picked":"SKIP","floor":14},{"not_picked":["SuperNova","EscapeVelocity"],"picked":"MaximisePower","floor":16},{"not_picked":["IllusionStar+1","WitchLeyline+1","MilkyWay"],"picked":"SKIP","floor":18},{"not_picked":["LuminesStrike+1","GalacticHalo","DC"],"picked":"SKIP","floor":20},{"not_picked":["MachineGunSpark","PulseMagic","WitchOfGreed+1"],"picked":"SKIP","floor":22}],"player_experience":87903,"relics_obtained":[{"floor":7.0,"key":"Lantern"},{"floor":9.0,"key":"Sundial"},{"floor":10.0,"key":"Boot"},{"floor":11,"key":"Torii"},{"floor":13,"key":"ShroomBag"}],"event_choices":[{"cards_removed":["Defend_MRS"],"damage_healed":0.0,"max_hp_gain":0.0,"max_hp_loss":0.0,"gold_gain":0.0,"event_name":"The Cleric","player_choice":"Card Removal","floor":2.0,"gold_loss":50.0,"damage_taken":0.0},{"damage_healed":0.0,"max_hp_gain":0.0,"max_hp_loss":0.0,"gold_gain":0.0,"event_name":"WeMeetAgain","player_choice":"Paid Gold","floor":3.0,"gold_loss":56.0,"damage_taken":0.0,"relics_obtained":["Unceasing Top"]},{"damage_healed":0,"gold_gain":0,"player_choice":"Searched \u00271\u0027 times","damage_taken":0,"max_hp_gain":0,"max_hp_loss":0,"event_name":"Dead Adventurer","floor":11,"gold_loss":0},{"damage_healed":0,"gold_gain":0,"player_choice":"Fought Mushrooms","damage_taken":0,"max_hp_gain":0,"max_hp_loss":0,"event_name":"Mushrooms_MRS","floor":13,"gold_loss":0},{"cards_removed":["Defend_MRS"],"damage_healed":0,"gold_gain":0,"player_choice":"Gave Gold","damage_taken":0,"max_hp_gain":0,"max_hp_loss":0,"event_name":"Beggar","floor":19,"gold_loss":75},{"damage_healed":0,"gold_gain":0,"player_choice":"Paid Fearfully","damage_taken":0,"max_hp_gain":0,"max_hp_loss":0,"event_name":"Masked Bandits","floor":21,"gold_loss":238}],"is_beta":false,"boss_relics":[{"not_picked":["Coffee Dripper","Snecko Eye"],"picked":"Empty Cage"}],"items_purged_floors":[],"is_endless":false,"potions_floor_spawned":[1,7,14,18],"killed_by":"Book of Stabbing","ascension_level":2}}