{"host":"g1wmg2w41xhsnw8g","time":1613367068,"event":{"mods":["2.2 Compatiblity","Act Like it!","Aspiration","Bard","BaseMod","Better Altar","Better Match","Better Note","Better Sensory Stone","Better Skull","Better Third Choice","BetterRewards","Booster Modes","CapriCore","Colored Map","Colored Powertips","Defuse TimeMaze Blight","Displayed Cursed Tome","Evolution","Fox Events","Friendly Minions","GifTheSpireLib","Good Game Mod","Googly Eyes","Hubris","Infinite Spire","Jedi Mod","Minty Spire (QoL Compilation)","Red Circlet Mod","Relic Filter Mod","Relic Sorter","Reliquary","SCP261 Mod","Shop Mod","Small Relic Pack","Smile Girya","Spicy Shops","Spikes Relics","StSLib","Strawberry Spire","The Hayseed","The Runesmith","The Sage","Trackpad","Transform Curses","Wandering Minibosses","????"],"gold_per_floor":[110,123,123,0,0,35,52,52,52,100,112,128,154,172,172,273,273,288,288,271,285,304,304,304,304],"floor_reached":24,"language":"ENG","playtime":1763,"items_purged":["Sadistic Nature"],"score":221,"play_id":"63ff4006-f209-425b-a97e-1ba633890ea4","local_time":"20210215003108","is_ascension_mode":true,"campfire_choices":[{"data":"bard:LifeDrain","floor":15,"key":"SMITH"},{"floor":23,"key":"REST"}],"circlet_count":0,"master_deck":["bard:Thunderwave+1","bard:StudiedStrike","bard:LingeringEcho","bard:BucklerBash","bard:Defend","bard:Defend","bard:Defend","bard:Riposte","bard:Inspire","bard:SixFourTime","bard:DervishDance","bard:Solo","bard:SongBolt+1","bard:GreaterMagicWeapon","Enlightenment","bard:MelodyCard","bard:CovetousAura","bard:InspiringSong","bard:LifeDrain+1","bard:BottledSong","bard:MantleOfInspiration","bard:Sift+1"],"relics":["bard:PitchPipe","bard:BagPipes","EVO:Axolotl","REME:ComplimentaryCards","MerchantsRug","RollingBoulder","Tiny Chest","ClockworkSouvenir","wanderingMiniBosses:Blackblade","Happy Flower","LugNut","Whetstone","reliquary:PurpleTingedLeaf","Black Star","CultistMask"],"acts_visited":["Exordium","TheCity"],"potions_floor_usage":[5,13,13,16,18,21,22,22,24,24],"damage_taken":[{"damage":14,"enemies":"Jaw Worm","floor":1,"turns":4},{"damage":5,"enemies":"Small Slimes","floor":2,"turns":2},{"damage":21,"enemies":"strawberrySpire:EnergyPylons","floor":6,"turns":6},{"damage":0,"enemies":"2 Louse","floor":7,"turns":3},{"damage":0,"enemies":"Exordium Wildlife","floor":11,"turns":2},{"damage":0,"enemies":"Looter","floor":12,"turns":1},{"damage":5,"enemies":"3 Sentries","floor":13,"turns":4},{"damage":15,"enemies":"Exordium Thugs","floor":14,"turns":4},{"damage":5,"enemies":"The Guardian","floor":16,"turns":7},{"damage":10,"enemies":"Spheric Guardian","floor":18,"turns":3},{"damage":16,"enemies":"2 Thieves","floor":20,"turns":4},{"damage":0,"enemies":"Sentry and Sphere","floor":21,"turns":3},{"damage":52,"enemies":"Snake Plant","floor":22,"turns":6},{"damage":33,"enemies":"Nightmare","floor":24,"turns":6}],"seed_played":"-6892260377224036379","potions_obtained":[{"floor":1,"key":"sagemod:Wine"},{"floor":6,"key":"AttackPotion"},{"floor":11,"key":"Strength Potion"},{"floor":12,"key":"EssenceOfSteel"},{"floor":16,"key":"LiquidBronze"},{"floor":18,"key":"SCP261:DewritoBlazePotion"},{"floor":20,"key":"Dexterity Potion"},{"floor":22,"key":"Fire Potion"}],"is_trial":false,"path_per_floor":["M","M","?","?","$","E","M","$","T","T","M","M","E","M","R","B",null,"M","?","M","M","M","R","NM"],"character_chosen":"BARD","items_purchased":["aspiration:Earplugs","bard:SixFourTime","MerchantsRug","RollingBoulder","Tiny Chest","ClockworkSouvenir"],"campfire_rested":1,"item_purchase_floors":[0,0,0,0,0,0],"current_hp_per_floor":[56,51,51,57,57,36,36,36,36,36,36,36,31,17,17,14,76,67,67,52,53,2,24,0,0],"gold":304,"neow_bonus":"","is_daily":false,"chose_seed":false,"campfire_upgraded":1,"win_rate":0.0,"timestamp":1613367068,"path_taken":["M","M","?","?","$","E","M","?","T","?","M","M","E","?","R","BOSS","M","?","M","M","M","R","NM"],"items_purchased_type":["Relic","Card","Relic","Relic","Relic","Relic"],"build_version":"2020-12-22","purchased_purges":1,"victory":false,"max_hp_per_floor":[70,70,70,76,76,76,76,76,76,76,76,76,76,76,76,76,76,76,76,76,76,76,76,76,76],"card_choices":[{"not_picked":["bard:EchoEcho","bard:Fermata"],"picked":"bard:SongBolt","floor":1},{"not_picked":["bard:GlyphOfWarding","bard:PrismaticSpray"],"picked":"bard:GreaterMagicWeapon","floor":2},{"not_picked":["bard:QuickSong","bard:SixFourTime","bard:FirstStrike"],"picked":"SKIP","floor":6},{"not_picked":["bard:Gamble","bard:BestowCurse"],"picked":"bard:CovetousAura","floor":7},{"not_picked":["bard:Silence","bard:Accelerando","bard:QuickSong"],"picked":"SKIP","floor":11},{"not_picked":["bard:Sift","bard:FeastOnFear"],"picked":"bard:InspiringSong","floor":12},{"not_picked":["bard:BucklerBash","bard:QuickSong"],"picked":"bard:LifeDrain","floor":13},{"not_picked":["bard:Doot","bard:SongBolt","bard:EnGarde"],"picked":"SKIP","floor":14},{"not_picked":["bard:Rhapsody","bard:ReverseGravity"],"picked":"bard:BottledSong","floor":16},{"not_picked":["bard:Flourish+1","bard:EchoEcho","bard:BucklerBash"],"picked":"SKIP","floor":18},{"not_picked":["bard:BucklerBash+1","bard:ThickOfTheFight+1"],"picked":"bard:MantleOfInspiration","floor":20},{"not_picked":["bard:SongBolt","bard:LingeringEcho","bard:QuickSong"],"picked":"SKIP","floor":21},{"not_picked":["bard:Parry","bard:Invisibility"],"picked":"bard:Sift+1","floor":22}],"player_experience":1468121,"relics_obtained":[{"floor":6,"key":"Happy Flower"},{"floor":9,"key":"LugNut"},{"floor":10,"key":"Whetstone"},{"floor":13,"key":"reliquary:PurpleTingedLeaf"}],"event_choices":[{"damage_healed":0,"gold_gain":0,"player_choice":"RENOUNCE","damage_taken":123,"max_hp_gain":0,"max_hp_loss":0,"event_name":"betterThird:BetterSerpent","floor":4,"gold_loss":123,"cards_obtained":["Enlightenment"]},{"damage_healed":0,"gold_gain":0,"player_choice":"Trade","damage_taken":0,"relics_obtained":["CultistMask"],"max_hp_gain":0,"max_hp_loss":0,"event_name":"FaceTrader","floor":19,"gold_loss":0}],"is_beta":false,"boss_relics":[{"not_picked":["strawberrySpire:Dictionifier","Tiny House"],"picked":"Black Star"}],"items_purged_floors":[5],"is_endless":false,"potions_floor_spawned":[1,6,11,12,16,18,20,22],"killed_by":"Nightmare","ascension_level":1}}