{"host":"f5gffvlv6a66yqkd","time":1613375096,"event":{"mods":["2.2 Compatiblity","BaseMod","Colored Map","Custom Start","DeckTracker","Keyboard Shortcuts","Minty Spire (QoL Compilation)","Permanent Neow","Quick Restart","Relic Stats","StSLib","SuperFastMode"],"gold_per_floor":[113,113,129,129,143,143,169,169,224,236,270,270,302,159,159,264,264,281,290,305,404,147,147,164,185,239,252,252,177,177,52,52,158,158,184,207,233,253,264,264,290,290,290,302,320,346,366,399,399,399,399,399,43,75,75,75],"floor_reached":55,"language":"KOR","playtime":1616,"items_purged":["Strike_P","Strike_P","Defend_P","Defend_P"],"score":1088,"play_id":"6a0b0b73-5337-4866-8a52-de35cfde2d7c","local_time":"20210215164456","is_ascension_mode":true,"campfire_choices":[{"data":"Eruption","floor":6.0,"key":"SMITH"},{"data":"Ragnarok","floor":8.0,"key":"SMITH"},{"data":"MentalFortress","floor":12.0,"key":"SMITH"},{"data":"TalkToTheHand","floor":15.0,"key":"SMITH"},{"data":"Adaptation","floor":23.0,"key":"SMITH"},{"data":"Wallop","floor":28.0,"key":"SMITH"},{"data":"Omniscience","floor":32.0,"key":"SMITH"},{"data":"Vault","floor":40.0,"key":"SMITH"},{"floor":42.0,"key":"RECALL"},{"floor":49.0,"key":"REST"},{"data":"Madness","floor":52.0,"key":"SMITH"}],"circlet_count":0,"master_deck":["Strike_P+1","Defend_P+1","Eruption+1","Vigilance+1","Consecrate","ThirdEye","Ragnarok+1","CutThroughFate","MentalFortress+1","TalkToTheHand+1","Omniscience+1","Adaptation+1","Wallop+1","Vault+1","EmptyFist","InnerPeace","Adaptation+1","Madness","Madness+1"],"relics":["PureWater","Whetstone","Omamori","Blood Vial","CeramicFish","Calling Bell","Bronze Scales","Thread and Needle","Ornamental Fan","TheAbacus","Happy Flower","War Paint","VioletLotus","Juzu Bracelet","Frozen Egg 2","Bottled Tornado","Toy Ornithopter","Toolbox","Bag of Preparation"],"acts_visited":["Exordium","TheCity","TheBeyond","TheEnding"],"potions_floor_usage":[54,55,55],"damage_taken":[{"damage":0.0,"enemies":"2 Louse","floor":1.0,"turns":2.0},{"damage":7.0,"enemies":"Jaw Worm","floor":3.0,"turns":2.0},{"damage":0.0,"enemies":"Cultist","floor":5.0,"turns":4.0},{"damage":0.0,"enemies":"Gremlin Nob","floor":7.0,"turns":2.0},{"damage":0.0,"enemies":"Blue Slaver","floor":10.0,"turns":2.0},{"damage":13.0,"enemies":"3 Sentries","floor":11.0,"turns":4.0},{"damage":23.0,"enemies":"Lagavulin","floor":13.0,"turns":5.0},{"damage":1.0,"enemies":"Hexaghost","floor":16.0,"turns":7.0},{"damage":0.0,"enemies":"Spheric Guardian","floor":18.0,"turns":2.0},{"damage":0.0,"enemies":"3 Byrds","floor":20.0,"turns":2.0},{"damage":0.0,"enemies":"Snecko","floor":24.0,"turns":3.0},{"damage":20.0,"enemies":"Snake Plant","floor":25.0,"turns":4.0},{"damage":0.0,"enemies":"Sentry and Sphere","floor":27.0,"turns":2.0},{"damage":42.0,"enemies":"Automaton","floor":33.0,"turns":7.0},{"damage":7.0,"enemies":"3 Shapes","floor":35.0,"turns":5.0},{"damage":5.0,"enemies":"3 Darklings","floor":36.0,"turns":5.0},{"damage":0.0,"enemies":"Maw","floor":37.0,"turns":7.0},{"damage":0.0,"enemies":"Spire Growth","floor":38.0,"turns":4.0},{"damage":13.0,"enemies":"Jaw Worm Horde","floor":39.0,"turns":3.0},{"damage":0.0,"enemies":"Nemesis","floor":41.0,"turns":1.0},{"damage":5.0,"enemies":"4 Shapes","floor":44.0,"turns":4.0},{"damage":8.0,"enemies":"Giant Head","floor":46.0,"turns":9.0},{"damage":1.0,"enemies":"Transient","floor":47.0,"turns":6.0},{"damage":3.0,"enemies":"Nemesis","floor":48.0,"turns":10.0},{"damage":49.0,"enemies":"Time Eater","floor":50.0,"turns":10.0},{"damage":45,"enemies":"Shield and Spear","floor":54,"turns":5},{"damage":66,"enemies":"The Heart","floor":55,"turns":3}],"seed_played":"-1979771953496412306","potions_obtained":[{"floor":1.0,"key":"ColorlessPotion"},{"floor":3.0,"key":"Fire Potion"},{"floor":13.0,"key":"BlessingOfTheForge"},{"floor":16.0,"key":"DistilledChaos"},{"floor":24.0,"key":"EntropicBrew"},{"floor":25.0,"key":"BlessingOfTheForge"},{"floor":36.0,"key":"AttackPotion"},{"floor":41.0,"key":"LiquidMemories"},{"floor":46.0,"key":"Explosive Potion"},{"floor":54,"key":"Strength Potion"}],"is_trial":false,"path_per_floor":["M","?","M","?","M","R","E","R","T","M","E","R","E","$","R","B",null,"M","?","M","?","$","R","M","M","T","M","R","?","?","$","R","B",null,"M","M","M","M","M","R","E","R","T","M","?","E","M","E","R","B",null,"R","$","E","B"],"character_chosen":"WATCHER","items_purchased":["TalkToTheHand","TheAbacus","Toolbox","AttackPotion"],"campfire_rested":1,"item_purchase_floors":[14,22,53,53],"current_hp_per_floor":[65,65,58,58,58,58,58,58,58,58,45,45,24,24,24,25,60,62,62,64,64,64,64,66,48,48,50,50,50,50,50,50,10,57,52,49,51,53,42,42,44,44,44,41,32,26,27,26,47,5,55,55,55,17,0,0],"gold":75,"neow_bonus":"RANDOM_COMMON_RELIC","is_daily":false,"chose_seed":false,"campfire_upgraded":9,"win_rate":0.0,"timestamp":1613375096,"path_taken":["M","?","M","?","M","R","E","R","T","?","E","R","E","$","R","BOSS","M","?","M","?","$","R","M","M","T","M","R","?","?","$","R","BOSS","M","M","M","M","M","R","E","R","T","M","?","E","M","E","R","BOSS","R","$","E","BOSS"],"items_purchased_type":["Card","Relic","Relic","Potion"],"build_version":"2020-12-22","purchased_purges":4,"victory":false,"max_hp_per_floor":[72,72,72,72,72,72,72,72,72,72,72,72,72,72,72,72,72,72,72,72,72,72,72,72,72,72,72,72,72,72,72,72,72,72,72,72,72,72,72,72,72,72,72,72,72,72,72,72,72,72,72,72,72,72,72,72],"relic_stats":{"Happy Flower":[27],"counters":[27,120],"CeramicFish":90,"Juzu Bracelet":0,"Bag of Preparation":[2],"Whetstone":["Strike_P","Strike_P"],"War Paint":["Vigilance","Defend_P"],"Blood Vial":42,"TheAbacus":[258],"Ornamental Fan":[188],"Bronze Scales":[276],"VioletLotus":[32],"obtain_stats":[{"Happy Flower":26,"CeramicFish":13,"Thread and Needle":17,"Omamori":7,"Juzu Bracelet":41,"Bag of Preparation":54,"Whetstone":0,"War Paint":30,"Frozen Egg 2":43,"Bottled Tornado":46,"Blood Vial":11,"Calling Bell":17,"TheAbacus":22,"Ornamental Fan":17,"Bronze Scales":17,"Toolbox":53,"VioletLotus":34,"PureWater":0,"Toy Ornithopter":48},{"Happy Flower":12,"CeramicFish":7,"Thread and Needle":8,"Omamori":4,"Juzu Bracelet":20,"Bag of Preparation":26,"Whetstone":0,"War Paint":13,"Frozen Egg 2":20,"Bottled Tornado":22,"Blood Vial":6,"Calling Bell":8,"TheAbacus":10,"Ornamental Fan":8,"Bronze Scales":8,"Toolbox":25,"VioletLotus":14,"PureWater":0,"Toy Ornithopter":24},{"Happy Flower":39,"CeramicFish":21,"Thread and Needle":28,"Omamori":10,"Juzu Bracelet":73,"Bag of Preparation":117,"Whetstone":0,"War Paint":41,"Frozen Egg 2":73,"Bottled Tornado":86,"Blood Vial":16,"Calling Bell":28,"TheAbacus":32,"Ornamental Fan":28,"Bronze Scales":28,"Toolbox":112,"VioletLotus":48,"PureWater":0,"Toy Ornithopter":102}],"Toy Ornithopter":20},"card_choices":[{"not_picked":["Vengeance","BowlingBash"],"picked":"Consecrate","floor":1.0},{"not_picked":["FollowUp","FlyingSleeves","ThirdEye"],"picked":"SKIP","floor":3.0},{"not_picked":["Evaluate","ThirdEye","LikeWater"],"picked":"SKIP","floor":5.0},{"not_picked":["BattleHymn","SandsOfTime"],"picked":"Ragnarok","floor":7.0},{"not_picked":["Sanctity","SashWhip"],"picked":"CutThroughFate","floor":10.0},{"not_picked":["BowlingBash","Protect"],"picked":"MentalFortress","floor":11.0},{"not_picked":["ClearTheMind","MentalFortress","Weave"],"picked":"SKIP","floor":13.0},{"not_picked":["Brilliance","Establishment"],"picked":"Omniscience","floor":16.0},{"not_picked":["Halt","CrushJoints","Conclude+1"],"picked":"SKIP","floor":18.0},{"not_picked":["BowlingBash","JustLucky","FlyingSleeves"],"picked":"SKIP","floor":20.0},{"not_picked":["Sanctity","Study","FollowUp"],"picked":"SKIP","floor":24.0},{"not_picked":["Pray","JustLucky+1"],"picked":"Wallop","floor":25.0},{"not_picked":["CarveReality+1","Collect","Consecrate+1"],"picked":"SKIP","floor":27.0},{"not_picked":["DevaForm","SpiritShield"],"picked":"Vault","floor":33.0},{"not_picked":["EmptyFist","ReachHeaven+1","CarveReality"],"picked":"SKIP","floor":35.0},{"not_picked":["ReachHeaven+1","CarveReality"],"picked":"EmptyFist","floor":35.0},{"not_picked":["Halt+1","JustLucky+1"],"picked":"InnerPeace","floor":36.0},{"not_picked":["Consecrate+1","Collect+1"],"picked":"Adaptation+1","floor":37.0},{"not_picked":["FollowUp","CutThroughFate","SashWhip"],"picked":"SKIP","floor":38.0},{"not_picked":["BowlingBash","Wish","ClearTheMind+1"],"picked":"SKIP","floor":39.0},{"not_picked":["Fasting2+1","Nirvana+1","WaveOfTheHand+1"],"picked":"SKIP","floor":41.0},{"not_picked":["ThirdEye","FlurryOfBlows+1","FlyingSleeves+1"],"picked":"SKIP","floor":44.0},{"not_picked":["CutThroughFate","Brilliance","Evaluate"],"picked":"SKIP","floor":46.0},{"not_picked":["Crescendo","Evaluate+1","LikeWater+1"],"picked":"SKIP","floor":47.0},{"not_picked":["Collect","EmptyBody+1","EmptyMind+1"],"picked":"SKIP","floor":48.0},{"not_picked":["Meditate","ThirdEye","CutThroughFate+1"],"picked":"SKIP","floor":54}],"player_experience":1474026,"relics_obtained":[{"floor":7.0,"key":"Omamori"},{"floor":11.0,"key":"Blood Vial"},{"floor":13.0,"key":"CeramicFish"},{"floor":17.0,"key":"Bronze Scales"},{"floor":17.0,"key":"Thread and Needle"},{"floor":17.0,"key":"Ornamental Fan"},{"floor":26.0,"key":"Happy Flower"},{"floor":41.0,"key":"Juzu Bracelet"},{"floor":43.0,"key":"Frozen Egg 2"},{"floor":46.0,"key":"Bottled Tornado"},{"floor":48.0,"key":"Toy Ornithopter"},{"floor":54,"key":"Bag of Preparation"}],"event_choices":[{"damage_healed":0.0,"max_hp_gain":0.0,"max_hp_loss":0.0,"gold_gain":0.0,"event_name":"Liars Game","player_choice":"Ignored","floor":2.0,"gold_loss":0.0,"damage_taken":0.0},{"damage_healed":0.0,"max_hp_gain":0.0,"max_hp_loss":0.0,"gold_gain":0.0,"cards_transformed":["Defend_P"],"event_name":"Living Wall","player_choice":"Change","floor":4.0,"gold_loss":0.0,"damage_taken":0.0,"cards_obtained":["ThirdEye"]},{"damage_healed":0.0,"max_hp_gain":0.0,"max_hp_loss":0.0,"gold_gain":0.0,"event_name":"The Library","player_choice":"Read","floor":19.0,"gold_loss":0.0,"damage_taken":0.0,"cards_obtained":["Adaptation"]},{"damage_healed":0.0,"max_hp_gain":0.0,"max_hp_loss":0.0,"gold_gain":99.0,"event_name":"Nest","player_choice":"Stole From Cult","floor":21.0,"gold_loss":0.0,"damage_taken":0.0},{"cards_removed":["Strike_P"],"damage_healed":0.0,"max_hp_gain":0.0,"max_hp_loss":0.0,"gold_gain":0.0,"event_name":"Beggar","player_choice":"Gave Gold","floor":29.0,"gold_loss":75.0,"damage_taken":0.0},{"damage_healed":0.0,"max_hp_gain":0.0,"max_hp_loss":0.0,"gold_gain":0.0,"event_name":"The Mausoleum","player_choice":"Opened","floor":30.0,"gold_loss":0.0,"damage_taken":0.0,"relics_obtained":["War Paint"]},{"damage_healed":0.0,"max_hp_gain":0.0,"max_hp_loss":0.0,"gold_gain":0.0,"event_name":"Winding Halls","player_choice":"Embrace Madness","floor":45.0,"gold_loss":0.0,"damage_taken":9.0,"cards_obtained":["Madness","Madness"]}],"is_beta":false,"boss_relics":[{"not_picked":["Ectoplasm","SlaversCollar"],"picked":"Calling Bell"},{"not_picked":["Philosopher\u0027s Stone","HolyWater"],"picked":"VioletLotus"}],"items_purged_floors":[14,22,31,53],"is_endless":false,"potions_floor_spawned":[1,3,13,16,24,25,36,41,46,54],"killed_by":"The Heart","ascension_level":8}}