{"host":"x1d9cj1vze2ie4yu","time":1613365737,"event":{"mods":["Act Like it!","Aspiration","BaseMod","Better Vampires","CapriCore","Conspire","Minty Spire (QoL Compilation)","Pale of the Ancients","Permanent Neow","Relic Stats","Reliquary","Replay The Spire","Spicy Shops","StSLib","[IsaacMod]以撒尖塔","【功能Mod】聪明的最终Boss"],"gold_per_floor":[117,117,42,42,61,92,104,104,183,183,201,231,241,260,260,361,361,373,391,391,137,137,137,137],"floor_reached":23,"language":"ZHS","playtime":806,"items_purged":["Defend_R","conspire:GhostlyStrike"],"score":291,"play_id":"d4aa839f-0294-417c-82a4-2abe458db50c","local_time":"20210215130857","is_ascension_mode":true,"campfire_choices":[{"data":"Perfected Strike","floor":10.0,"key":"SMITH"},{"data":"Bash","floor":15.0,"key":"SMITH"}],"circlet_count":0,"master_deck":["conspire:GhostlyStrike","conspire:GhostlyStrike","conspire:GhostlyStrike","conspire:GhostlyDefend","conspire:GhostlyDefend","conspire:GhostlyDefend","Bash+1","Perfected Strike+1","Searing Blow","Flame Barrier","Hallucinations","Double Tap","Crow Ritual"],"relics":["Burning Blood","HushsDoor","GuppysTail","aspiration:Nostalgia","PureWater","EdensBlessing","Quantum Egg","ReplayTheSpireMod:Ring of Exchange","ReplayTheSpireMod:Ring of Addiction","SacredBark","White Beast Statue","reliquary:TridentHead","Juzu Bracelet","HandDrill","Damocles","conspire:TopHat","reliquary:Firecrackers","ReplayTheSpireMod:TigerMarble"],"acts_visited":["Exordium","TheCity"],"potions_floor_usage":[23],"damage_taken":[{"damage":2.0,"enemies":"Jaw Worm","floor":1.0,"turns":3.0},{"damage":2.0,"enemies":"2 Louse","floor":5.0,"turns":2.0},{"damage":28.0,"enemies":"Gremlin Nob","floor":6.0,"turns":5.0},{"damage":0.0,"enemies":"Cultist","floor":7.0,"turns":2.0},{"damage":0.0,"enemies":"Looter","floor":11.0,"turns":2.0},{"damage":8.0,"enemies":"Lagavulin","floor":12.0,"turns":5.0},{"damage":4.0,"enemies":"2 Fungi Beasts","floor":13.0,"turns":2.0},{"damage":0.0,"enemies":"3 Louse","floor":14.0,"turns":1.0},{"damage":69.0,"enemies":"Fading Forest","floor":16.0,"turns":11.0},{"damage":7.0,"enemies":"Chosen","floor":18.0,"turns":4.0},{"damage":0.0,"enemies":"Spheric Guardian","floor":19.0,"turns":3.0},{"damage":18,"enemies":"conspire:Head Lice","floor":23,"turns":5}],"seed_played":"3246977142480165848","potions_obtained":[{"floor":1.0,"key":"Block Potion"},{"floor":8.0,"key":"Dexterity Potion"},{"floor":8.0,"key":"SpeedPotion"},{"floor":8.0,"key":"Adrenaline Potion"},{"floor":12.0,"key":"Toxic Potion"},{"floor":13.0,"key":"ElixirPotion"},{"floor":14.0,"key":"DistilledChaos"},{"floor":16.0,"key":"Block Potion"},{"floor":18.0,"key":"Adrenaline Potion"},{"floor":19.0,"key":"Swift Potion"}],"is_trial":false,"path_per_floor":["M","?","$","?","M","E","M","?","T","R","M","E","M","M","R","B",null,"M","M","?","$","?","E"],"character_chosen":"IRONCLAD","items_purchased":["Damocles","ReplayTheSpireMod:TigerMarble"],"campfire_rested":0,"item_purchase_floors":[17,21],"current_hp_per_floor":[76,73,73,73,77,55,61,61,61,61,67,65,67,73,73,19,56,55,61,61,61,61,0,0],"gold":137,"neow_bonus":"NOSTALGIA","is_daily":false,"chose_seed":false,"campfire_upgraded":2,"win_rate":0.0,"timestamp":1613365737,"path_taken":["M","?","$","?","M","E","?","?","T","R","M","E","M","M","R","BOSS","M","M","?","$","?","E"],"items_purchased_type":["Relic","Relic"],"build_version":"2020-12-22","purchased_purges":2,"victory":false,"max_hp_per_floor":[80,80,80,80,80,80,80,80,80,80,80,78,78,78,78,78,68,68,68,68,68,68,68,68],"relic_stats":{"counters":[12,45],"Juzu Bracelet":0,"HandDrill":[6],"obtain_stats":[{"KeepersGift":0,"GuppysTail":0,"ReplayTheSpireMod:Ring of Exchange":8,"Damocles":17,"aspiration:Nostalgia":0,"Quantum Egg":6,"ReplayTheSpireMod:Ring of Addiction":8,"SacredBark":8,"reliquary:Firecrackers":19,"Juzu Bracelet":12,"Burning Blood":0,"White Beast Statue":8,"conspire:TopHat":18,"reliquary:TridentHead":9,"HandDrill":17,"ReplayTheSpireMod:TigerMarble":21,"PureWater":0,"EdensBlessing":2,"HushsDoor":0},{"KeepersGift":0,"GuppysTail":0,"ReplayTheSpireMod:Ring of Exchange":4,"Damocles":9,"aspiration:Nostalgia":0,"Quantum Egg":3,"ReplayTheSpireMod:Ring of Addiction":4,"SacredBark":4,"reliquary:Firecrackers":11,"Juzu Bracelet":6,"Burning Blood":0,"White Beast Statue":4,"conspire:TopHat":10,"reliquary:TridentHead":4,"HandDrill":9,"ReplayTheSpireMod:TigerMarble":11,"PureWater":0,"EdensBlessing":1,"HushsDoor":0},{"KeepersGift":0,"GuppysTail":0,"ReplayTheSpireMod:Ring of Exchange":12,"Damocles":33,"aspiration:Nostalgia":0,"Quantum Egg":10,"ReplayTheSpireMod:Ring of Addiction":12,"SacredBark":12,"reliquary:Firecrackers":40,"Juzu Bracelet":19,"Burning Blood":0,"White Beast Statue":12,"conspire:TopHat":37,"reliquary:TridentHead":12,"HandDrill":33,"ReplayTheSpireMod:TigerMarble":40,"PureWater":0,"EdensBlessing":3,"HushsDoor":0}],"Burning Blood":66},"card_choices":[{"not_picked":["Perfected Strike","Replay:Undeath\u0027s Touch","Pommel Strike"],"picked":"SKIP","floor":1.0},{"not_picked":["Replay:Undeath\u0027s Touch","Pommel Strike"],"picked":"Perfected Strike","floor":1.0},{"not_picked":["Warcry","Dropkick"],"picked":"Searing Blow","floor":5.0},{"not_picked":["Iron Wave","Combust","Demon Form"],"picked":"SKIP","floor":6.0},{"not_picked":["Warcry","Run Through"],"picked":"Flame Barrier","floor":7.0},{"not_picked":["Iron Wave","Sever Soul","Battle Trance"],"picked":"SKIP","floor":11.0},{"not_picked":["Heavy Blade","Spot Weakness","Intimidate"],"picked":"SKIP","floor":12.0},{"not_picked":["Run Through","Flex","Rampage"],"picked":"SKIP","floor":13.0},{"not_picked":["Flex","Searing Blow","Fire Breathing"],"picked":"SKIP","floor":14.0},{"not_picked":["conspire:Purge","Berserk"],"picked":"Double Tap","floor":16.0},{"not_picked":["Warcry","Armaments","ReplayReversal"],"picked":"SKIP","floor":18.0},{"not_picked":["Replay:Undeath\u0027s Touch","Searing Blow","Sword Boomerang"],"picked":"SKIP","floor":19.0}],"player_experience":82769,"relics_obtained":[{"floor":6.0,"key":"Quantum Egg"},{"floor":8.0,"key":"ReplayTheSpireMod:Ring of Exchange"},{"floor":8.0,"key":"ReplayTheSpireMod:Ring of Addiction"},{"floor":8.0,"key":"SacredBark"},{"floor":8.0,"key":"White Beast Statue"},{"floor":9.0,"key":"reliquary:TridentHead"},{"floor":12.0,"key":"Juzu Bracelet"},{"floor":18.0,"key":"conspire:TopHat"},{"floor":19.0,"key":"reliquary:Firecrackers"}],"event_choices":[{"damage_healed":0.0,"max_hp_gain":0.0,"max_hp_loss":0.0,"gold_gain":0.0,"event_name":"Scrap Ooze","player_choice":"Success","floor":2.0,"gold_loss":0.0,"damage_taken":3.0,"relics_obtained":["EdensBlessing"]},{"damage_healed":0.0,"max_hp_gain":0.0,"max_hp_loss":0.0,"gold_gain":0.0,"event_name":"conspire:LoneGhost","player_choice":"Agree","floor":4.0,"gold_loss":0.0,"damage_taken":0.0},{"damage_healed":0.0,"max_hp_gain":0.0,"max_hp_loss":0.0,"gold_gain":0.0,"cards_transformed":["conspire:GhostlyStrike"],"event_name":"Transmorgrifier","player_choice":"Transformed","floor":22.0,"gold_loss":0.0,"damage_taken":0.0,"cards_obtained":["Crow Ritual"]}],"is_beta":false,"boss_relics":[{"not_picked":["ChewingGum","reliquary:RedPaperclip"],"picked":"HandDrill"},{"not_picked":[]}],"items_purged_floors":[3,21],"is_endless":false,"potions_floor_spawned":[1,11,12,13,14,16,18,19],"killed_by":"conspire:Head Lice","ascension_level":9}}