{"host":"y6zg4wwu39otf01a","time":1613428749,"event":{"mods":["Act Like it!","Aspiration","BaseMod","Better Altar","Better Match","Better Note","Better Sensory Stone","Better Skull","Better Third Choice","Challenge The Spire","Colored Map","Colored Powertips","Conspire","GifTheSpireLib","Glutton Mod","Halation","Hermit","Highlight Path","Hubris","Infinite Spire","Mimic Mod","Minty Spire (QoL Compilation)","Quick Restart","Random Character Button","Rare Cards Sparkle","Replay The Spire","Retaliation","Spicy Shops","StSLib","Stuff the Spire","The Blue Laboratory","The Jungle"],"gold_per_floor":[112,131,163,163,175,175,200,200,200,220,250,279,279,309,309,414,414,430,430,41,41,54,54,82,82,82,82,116,130,150,163,163,264,264,282,282,302,322,322,351,351,351,389,158,187,187,200,47,47,47],"floor_reached":51,"language":"ENG","playtime":3001,"items_purged":["Doubt"],"score":1059,"play_id":"73ed651d-d0f8-407c-9e79-fa185f1041f2","local_time":"20210215163909","daily_mods":["SealedDeck","Purple Cards","Elite Swarm"],"is_ascension_mode":false,"campfire_choices":[{"data":"ClearTheMind","floor":6,"key":"SMITH"},{"data":"MasterReality","floor":8,"key":"SMITH"},{"data":"Adrenaline","floor":15,"key":"SMITH"},{"data":"Adrenaline","floor":23,"key":"SMITH"},{"data":"Accuracy","floor":25,"key":"SMITH"},{"data":"Hidden Blade+1","floor":41,"key":"SMITH"},{"data":"1","floor":46,"key":"LIFT"},{"data":"2","floor":49,"key":"LIFT"}],"circlet_count":0,"master_deck":["ThirdEye","Halt","Blade Dance","Hidden Blade","Hidden Blade+2","Crescendo","Crescendo","Flying Knee","Prepared","Collect+1","Cloak And Dagger+1","Skewer","ClearTheMind+1","MasterReality+1","Accuracy+1","CutThroughFate","A Thousand Cuts","Adrenaline+1","Adrenaline+1","Evaluate","Infinite Blades","Wish","Replay:Bag of Tricks","hubris:Ssssneak","ClearTheMind+1","ReplayTheSpireMod:Shiv Toss+1"],"relics":["Ring of the Snake","Smiling Mask","StuffTheSpire:SapphireSignet","ReplayTheSpireMod:Shallot","Odd Mushroom","Torii","Chameleon Ring","conspire:DeflatedDodgeball","infinitespire:Cupcake","conspire:InfiniteJournal","Centennial Puzzle","Bottled Flame","WristBlade","Thread and Needle","Molten Egg 2","halation:LettersToHer","hubris:Backtick","infinitespire:DarkRift","StuffTheSpire:RubySignet","halation:PinkSoulGem","Girya","Oddly Smooth Stone","TheAbacus","Quantum Egg","Chemical X"],"acts_visited":["Exordium","TheCity","TheBeyond"],"potions_floor_usage":[7,11,16,16,28,29,29,30,33,33,33],"damage_taken":[{"damage":0,"enemies":"Cultist","floor":1,"turns":2},{"damage":0,"enemies":"Small Slimes","floor":2,"turns":2},{"damage":0,"enemies":"Jaw Worm","floor":3,"turns":3},{"damage":0,"enemies":"Jaw Worm","floor":5,"turns":1},{"damage":0,"enemies":"Lagavulin","floor":7,"turns":2},{"damage":0,"enemies":"The Mushroom Lair","floor":10,"turns":2},{"damage":0,"enemies":"conspire:MimicChest","floor":11,"turns":2},{"damage":0,"enemies":"Gremlin Nob","floor":12,"turns":2},{"damage":0,"enemies":"Lagavulin","floor":14,"turns":3},{"damage":40,"enemies":"Hexaghost","floor":16,"turns":3},{"damage":0,"enemies":"Chosen","floor":18,"turns":1},{"damage":0,"enemies":"3 Byrds","floor":22,"turns":2},{"damage":0,"enemies":"Gremlin Leader","floor":24,"turns":2},{"damage":0,"enemies":"Book of Stabbing","floor":28,"turns":1},{"damage":0,"enemies":"Shelled Parasite and Fungi","floor":29,"turns":2},{"damage":0,"enemies":"Snake Plant","floor":30,"turns":2},{"damage":0,"enemies":"Centurion and Healer","floor":31,"turns":2},{"damage":26,"enemies":"hubris:MusketHawk","floor":33,"turns":3},{"damage":0,"enemies":"Orb Walker","floor":35,"turns":1},{"damage":0,"enemies":"3 Darklings","floor":37,"turns":1},{"damage":0,"enemies":"Writhing Mass","floor":38,"turns":1},{"damage":0,"enemies":"R_Hoarder","floor":40,"turns":4},{"damage":0,"enemies":"Jaw Worm Horde","floor":43,"turns":4},{"damage":0,"enemies":"Giant Head","floor":45,"turns":3},{"damage":0,"enemies":"Jaw Worm Horde","floor":47,"turns":2},{"damage":1,"enemies":"Donu and Deca","floor":50,"turns":3}],"seed_played":"1080441001539363785","potions_obtained":[{"floor":1,"key":"Adrenaline Potion"},{"floor":7,"key":"Energy Potion"},{"floor":11,"key":"Regen Potion"},{"floor":14,"key":"blueLaboratory:EnragingPotion"},{"floor":27,"key":"DistilledChaos"},{"floor":27,"key":"EntropicBrew"},{"floor":29,"key":"blueLaboratory:ExaltedPotion"},{"floor":31,"key":"blueLaboratory:ArtificerPotion"},{"floor":32,"key":"blueLaboratory:LouseDecoction"},{"floor":32,"key":"GamblersBrew"},{"floor":35,"key":"Milkshake"}],"is_trial":true,"path_per_floor":["M","M","MIM","?","M","R","E","R","T","?","?","E","?","E","R","B",null,"M","?","$","AVR","M","R","E","R","T","R","E","M","M","M","R","B",null,"M","?","M","M","?","E","R","?","MIM","$","E","R","M","$","R","B",null],"character_chosen":"THE_SILENT","items_purchased":["conspire:InfiniteJournal","Centennial Puzzle","Bottled Flame","Oddly Smooth Stone","TheAbacus","Chemical X"],"campfire_rested":0,"item_purchase_floors":[20,20,20,44,44,48],"current_hp_per_floor":[70,70,70,56,56,56,56,56,56,56,56,56,56,56,56,23,70,70,70,70,70,70,70,70,70,70,70,70,70,70,70,70,46,70,70,70,70,70,70,70,70,70,70,70,70,70,70,70,70,69],"gold":47,"neow_bonus":"","is_daily":false,"chose_seed":false,"campfire_upgraded":6,"win_rate":0.0,"timestamp":1613428749,"path_taken":["M","?","?","?","?","R","E","R","T","?","?","E","?","E","R","BOSS","M","?","?","AVR","?","R","E","R","T","R","E","M","M","M","R","BOSS","M","?","M","M","?","E","R","?","MIM","?","E","R","M","?","R","BOSS"],"items_purchased_type":["Relic","Relic","Relic","Relic","Relic","Relic"],"build_version":"2020-12-22","purchased_purges":1,"victory":true,"max_hp_per_floor":[70,70,70,70,70,70,70,70,70,70,70,70,70,70,70,70,70,70,70,70,70,70,70,70,70,70,70,70,70,70,70,70,70,70,70,70,70,70,70,70,70,70,70,70,70,70,70,70,70,70],"card_choices":[{"not_picked":["hubris:SlightOfHand","StuffTheSpire:Python"],"picked":"Cloak And Dagger","floor":1},{"not_picked":["Replay:ManipulateFuture","PathToVictory","Replay:AtTheReady"],"picked":"SKIP","floor":2},{"not_picked":["Prostrate","hubris:TrickCloak"],"picked":"Skewer","floor":3},{"not_picked":["Deadly Poison","infinitespire:Neurotoxin"],"picked":"ClearTheMind","floor":5},{"not_picked":["Blasphemy","Alpha"],"picked":"MasterReality","floor":7},{"not_picked":["Halt","CutThroughFate"],"picked":"Accuracy","floor":10},{"not_picked":["Deadly Poison","Flying Knee"],"picked":"CutThroughFate","floor":11},{"not_picked":["Vault","Replay:LoomingThreat"],"picked":"A Thousand Cuts","floor":12},{"not_picked":["Atom Bomb","Tools of the Trade"],"picked":"Adrenaline","floor":14},{"not_picked":["aspiration:Lunge","Envenom"],"picked":"Adrenaline","floor":16},{"not_picked":["Underhanded Strike","ForeignInfluence"],"picked":"Evaluate","floor":18},{"not_picked":["StuffTheSpire:Python","FollowUp"],"picked":"Infinite Blades","floor":22},{"not_picked":["Unload","ReplayTheSpireMod:Necrosis","LessonLearned"],"picked":"SKIP","floor":24},{"not_picked":["Replay:Bag of Tricks","Doppelganger"],"picked":"Wish","floor":28},{"not_picked":["Quick Slash+1","StuffTheSpire:ClusterCrunch+1","Collect"],"picked":"SKIP","floor":29},{"not_picked":["ReplayTheSpireMod:Tripwire+1","StuffTheSpire:ClusterCrunch+1","Slice+1"],"picked":"SKIP","floor":30},{"not_picked":["Sucker Punch+1","Noxious Fumes","Prepared+1"],"picked":"SKIP","floor":31},{"not_picked":["Judgement","MasterReality"],"picked":"Replay:Bag of Tricks","floor":33},{"not_picked":["Cloak And Dagger+1","Slice+1","Consecrate+1"],"picked":"SKIP","floor":35},{"not_picked":["Blind","Forethought"],"picked":"hubris:Ssssneak","floor":36},{"not_picked":["FollowUp+1","Bane+1"],"picked":"ClearTheMind+1","floor":37},{"not_picked":["Prepared","Replay:BluntJabs+1","Dagger Throw+1"],"picked":"SKIP","floor":38},{"not_picked":["Omniscience","Corpse Explosion","StuffTheSpire:FinalStruggle+1"],"picked":"SKIP","floor":40},{"not_picked":["Atom Bomb+1","Wraith Form v2","Judgement"],"picked":"SKIP","floor":45},{"not_picked":["Finisher+1","Dodge and Roll+1"],"picked":"ReplayTheSpireMod:Shiv Toss+1","floor":47}],"player_experience":845972,"relics_obtained":[{"floor":3,"key":"Smiling Mask"},{"floor":7,"key":"StuffTheSpire:SapphireSignet"},{"floor":9,"key":"ReplayTheSpireMod:Shallot"},{"floor":10,"key":"Odd Mushroom"},{"floor":11,"key":"Torii"},{"floor":12,"key":"Chameleon Ring"},{"floor":14,"key":"conspire:DeflatedDodgeball"},{"floor":24,"key":"Thread and Needle"},{"floor":26,"key":"Molten Egg 2"},{"floor":28,"key":"halation:LettersToHer"},{"floor":40,"key":"StuffTheSpire:RubySignet"},{"floor":43,"key":"Girya"},{"floor":43,"key":"halation:LettersToHer"},{"floor":45,"key":"Quantum Egg"}],"event_choices":[{"damage_healed":70,"gold_gain":0,"player_choice":"Upgrade","damage_taken":14,"max_hp_gain":0,"max_hp_loss":70,"event_name":"betterThird:BetterShining","floor":4,"gold_loss":0,"cards_upgraded":["Hidden Blade","Cloak And Dagger"]},{"damage_healed":0,"gold_gain":0,"player_choice":"Fought Mushrooms","damage_taken":0,"max_hp_gain":0,"max_hp_loss":0,"event_name":"Mushrooms","floor":10,"gold_loss":0},{"damage_healed":0,"gold_gain":0,"player_choice":"Forge","damage_taken":0,"max_hp_gain":0,"max_hp_loss":0,"event_name":"Accursed Blacksmith","floor":13,"gold_loss":0,"cards_upgraded":["Collect"]},{"cards_removed":["Adrenaline"],"damage_healed":0,"gold_gain":0,"player_choice":"Give","damage_taken":0,"max_hp_gain":0,"max_hp_loss":0,"event_name":"betterNote:BetterNote","floor":19,"gold_loss":0,"cards_obtained":["None"]},{"damage_healed":0,"gold_gain":3,"player_choice":"1","damage_taken":0,"max_hp_gain":0,"max_hp_loss":0,"event_name":"betterStone:BetterStone","floor":36,"gold_loss":0},{"damage_healed":0,"gold_gain":0,"player_choice":"Ignored","damage_taken":0,"max_hp_gain":0,"max_hp_loss":0,"event_name":"Tomb of Lord Red Mask","floor":39,"gold_loss":0}],"is_beta":false,"boss_relics":[{"not_picked":["aspiration:RunicSpoon","hubris:RunicObelisk"],"picked":"infinitespire:Cupcake"},{"not_picked":["hubris:Stopwatch","halation:Yufonium"],"picked":"hubris:Backtick"}],"items_purged_floors":[20],"is_endless":false,"potions_floor_spawned":[1,7,11,14,28,29,31,33,35],"ascension_level":0}}