{"host":"v5dl0pdw4dbht0w1","time":1613421239,"event":{"mods":["AchievementEnabler","Ascension Reborn","BaseMod","BetterRewards","Card Filter","Card Forge","Clockwork Mod","Colored Powertips","Fiend Mod","Friendly Minions","Glutton Mod","Hermit","Hunter ?êl","Mad Scientist","Minty Spire (QoL Compilation)","Railgun Mod","Random Character Button","Relic Filter","SOSÅiézîb?îVéqÅj","Shop Mod","StSLib","The Administrix","The Alterego","The Blackbeard","The Bladedancer","The Bug Knight","The Clintock","The Construct","The Cursed","The Death Knight","The Forsaken","The Gatherer","The Hierophant","The Judge","The Mystic","The Necromancer","The Problem Sleuth","The Runesmith","The Servant 0.9.4","The Valiant","TheBandit","TheFirefly","TheVacant","Transform Curses","Treasure Hunter","Yohane!","Yuri Mod","thorton"],"gold_per_floor":[159,202,229,229,298,373,406,76,100,128,161,161,187,246,246,380,380,430,458,477,657,716,816,881,927,927,962,551,591,591,615,615,715,715,750,809,841,173,229,229,290,313,313,313,340,340,38,71,71,174],"floor_reached":51,"language":"ENG","playtime":14579,"items_purged":[],"score":984,"play_id":"2824cda9-1abb-4591-9dfe-524a3af1edd7","local_time":"20210215143359","is_ascension_mode":true,"campfire_choices":[{"floor":15,"key":"REST"},{"floor":30,"key":"REST"},{"floor":32,"key":"REST"},{"floor":40,"key":"DIG"},{"floor":46,"key":"DIG"},{"floor":49,"key":"DIG"}],"circlet_count":0,"master_deck":["Attack_a+1","Attack_a+1","Attack_b+1","Provocation+1","Defend_Dante+1","Defend_Dante+1","Redorb+1","SSScard+1","Rebellion+1","Dash2+1","Chargeshoot2+1","Stinger+1","Dramatic Entrance+1","Millionstab+1","Royaldefend+1","LucifercomboA+1","Royalguard+1","LucifercomboC+1","SSScard+1","EbonyIvory+1","Doubleshoot+1","Gunslinger+1","Millionstab+1","Finesse+1","LucifercomboB+1","Chargeshoot+1","Demonreform+1","Lucifer+1","Pandora+1","Royaldefend+1","Chargeshoot+1","Dash2+1","CoyoteA+1"],"relics":["SSS","Combocheck","Hammer of Thor","Seething Fire","Anvil of the Gods","Torii","Nunchaku","Regal Pillow","Peace Pipe","Matryoshka","Omamori","Orichalcum","Turnip","Sozu","Pen Nib","DeathKnight:SindragosasSkull","Bronze Scales","InkBottle","Happy Flower","Strange Spoon","Dream Catcher","Coffee Dripper","Shovel","Winged Necklace","Lee\u0027s Waffle","Art of War","HollowMod:LifeEnderRelic","Ornamental Fan","Letter Opener","Pocketwatch","Strawberry"],"acts_visited":["Exordium","TheCity","TheBeyond"],"potions_floor_usage":[10,50],"damage_taken":[{"damage":1,"enemies":"Small Slimes","floor":1,"turns":5},{"damage":1,"enemies":"2 Louse","floor":2,"turns":5},{"damage":0,"enemies":"Cultist","floor":3,"turns":4},{"damage":6,"enemies":"Exordium Thugs","floor":5,"turns":6},{"damage":0,"enemies":"3 Sentries","floor":6,"turns":2},{"damage":0,"enemies":"Exordium Wildlife","floor":7,"turns":2},{"damage":17,"enemies":"Gremlin Nob","floor":10,"turns":4},{"damage":0,"enemies":"Red Slaver","floor":11,"turns":2},{"damage":0,"enemies":"Exordium Thugs","floor":13,"turns":2},{"damage":1,"enemies":"Exordium Wildlife","floor":14,"turns":2},{"damage":0,"enemies":"Slime Boss","floor":16,"turns":5},{"damage":0,"enemies":"Chosen","floor":18,"turns":4},{"damage":0,"enemies":"Shell Parasite","floor":19,"turns":2},{"damage":0,"enemies":"3 Cultists","floor":20,"turns":3},{"damage":0,"enemies":"Snake Plant","floor":22,"turns":2},{"damage":0,"enemies":"Gremlin Leader","floor":23,"turns":4},{"damage":0,"enemies":"Snecko","floor":24,"turns":3},{"damage":0,"enemies":"Book of Stabbing","floor":25,"turns":3},{"damage":9,"enemies":"Centurion and Healer","floor":27,"turns":3},{"damage":6,"enemies":"Gremlin Leader","floor":29,"turns":2},{"damage":0,"enemies":"Sentry and Sphere","floor":31,"turns":1},{"damage":0,"enemies":"Automaton","floor":33,"turns":4},{"damage":6,"enemies":"3 Darklings","floor":35,"turns":3},{"damage":0,"enemies":"Orb Walker","floor":36,"turns":3},{"damage":0,"enemies":"Writhing Mass","floor":37,"turns":1},{"damage":8,"enemies":"3 Darklings","floor":39,"turns":3},{"damage":10,"enemies":"Reptomancer","floor":41,"turns":4},{"damage":1,"enemies":"Spire Growth","floor":42,"turns":3},{"damage":5,"enemies":"Sphere and 2 Shapes","floor":45,"turns":1},{"damage":7,"enemies":"3 Darklings","floor":48,"turns":2},{"damage":27,"enemies":"Awakened One","floor":50,"turns":4}],"seed_played":"473127117416455123","potions_obtained":[{"floor":1,"key":"ColorlessPotion"},{"floor":5,"key":"Dexterity Potion"},{"floor":10,"key":"SkillPotion"},{"floor":11,"key":"Ancient Potion"}],"is_trial":false,"path_per_floor":["M","M","M","?","M","E","M","$","T","E","M","?","M","M","R","B",null,"M","M","M","?","M","E","M","E","T","M","$","E","R","M","R","B",null,"M","M","M","$","M","R","E","M","T","?","M","R","$","M","R","B",null],"character_chosen":"DANTE","items_purchased":["SSScard","Nunchaku","Dramatic Entrance","Matryoshka","Happy Flower","Strange Spoon","Millionstab","Finesse","Shovel","Pandora","Winged Necklace","Lee\u0027s Waffle","Pocketwatch"],"campfire_rested":3,"item_purchase_floors":[0,0,8,8,28,28,28,28,38,38,38,38,47],"current_hp_per_floor":[79,78,78,71,65,65,65,65,65,48,48,48,48,47,80,80,80,80,80,80,61,61,61,61,61,61,52,52,46,80,80,80,80,80,74,74,80,87,79,79,87,87,87,87,87,87,87,87,94,94],"gold":174,"neow_bonus":"","is_daily":false,"chose_seed":false,"campfire_upgraded":0,"win_rate":0.0,"timestamp":1613421239,"path_taken":["M","M","M","?","M","E","M","$","T","E","M","?","M","M","R","BOSS","M","M","M","?","M","E","M","E","T","M","$","E","R","M","R","BOSS","M","M","M","$","M","R","E","M","T","?","M","R","$","M","R","BOSS"],"items_purchased_type":["Card","Relic","Card","Relic","Relic","Relic","Card","Card","Relic","Card","Relic","Relic","Relic"],"build_version":"2020-12-22","purchased_purges":0,"victory":true,"max_hp_per_floor":[80,80,80,80,80,80,80,80,80,80,80,80,80,80,80,80,80,80,80,80,80,80,80,80,80,80,80,80,80,80,80,80,80,80,80,80,80,87,87,87,87,87,87,87,87,87,87,87,94,94],"card_choices":[{"not_picked":["VitalstarS","Ecstasy"],"picked":"Rebellion","floor":1},{"not_picked":["Rebellion","Greenorb"],"picked":"Dash2","floor":2},{"not_picked":["DevilstarS","Weaponchange","VitalstarS"],"picked":"SKIP","floor":3},{"not_picked":["Honeycombofire","LucifercomboD"],"picked":"Chargeshoot2","floor":5},{"not_picked":["TH:DeckOfManyThings","TH:PixieDust"],"picked":"SKIP","floor":6},{"not_picked":["Fullhouse","Chargeshoot2","DT"],"picked":"SKIP","floor":6},{"not_picked":["Honeycombofire","Whiteorb"],"picked":"Stinger","floor":7},{"not_picked":["TH:PixieDust","TH:CursedSword"],"picked":"SKIP","floor":9},{"not_picked":["DT","SSScard"],"picked":"Rebellion","floor":10},{"not_picked":["TH:CursedSword","TH:ArmorSpikes"],"picked":"SKIP","floor":10},{"not_picked":["LucifercomboD","LucifercomboC"],"picked":"Millionstab","floor":11},{"not_picked":["LucifercomboD","EbonyIvory"],"picked":"Royaldefend","floor":13},{"not_picked":["Hightime","Splesh"],"picked":"LucifercomboA","floor":14},{"not_picked":["Enemystep","Swordcombo"],"picked":"Royalguard","floor":16},{"not_picked":["Dash2","Kick13+1"],"picked":"LucifercomboC","floor":18},{"not_picked":["Weaponchange","DT"],"picked":"SSScard","floor":19},{"not_picked":["Weaponchange+1","Hightime+1"],"picked":"EbonyIvory","floor":20},{"not_picked":["Unrisingdragon+1","Darkslayer","Hightime"],"picked":"SKIP","floor":22},{"not_picked":["TH:CursedSword","TH:Mimic"],"picked":"SKIP","floor":23},{"not_picked":["Swordcombo","Dash1","Ecstasy"],"picked":"SKIP","floor":23},{"not_picked":["Pandora","Millionstab"],"picked":"Doubleshoot+1","floor":24},{"not_picked":["TH:ElvenBoots","TH:CursedSword"],"picked":"SKIP","floor":25},{"not_picked":["Dash1","Goldorb","GilgameshcomboA"],"picked":"SKIP","floor":25},{"not_picked":["TH:TreasureMap","TH:EnergyPotion"],"picked":"SKIP","floor":26},{"not_picked":["Rebellion","Airtrick"],"picked":"Gunslinger","floor":27},{"not_picked":["TH:ElvenBoots","TH:ArmorSpikes"],"picked":"SKIP","floor":29},{"not_picked":["Airtrick","VitalstarL","Kick13+1"],"picked":"SKIP","floor":29},{"not_picked":["Honeycombofire","Whiteorb"],"picked":"LucifercomboB+1","floor":30},{"not_picked":["Fullhouse","LucifercomboD","Chargeshoot+1"],"picked":"SKIP","floor":31},{"not_picked":["Blueorb","Rebellion"],"picked":"Chargeshoot","floor":32},{"not_picked":["Darkslayer","Goldorb"],"picked":"Demonreform","floor":33},{"not_picked":["Greenorb","Millionkick","Fullhouse+1"],"picked":"SKIP","floor":35},{"not_picked":["Swordmaster","BeastUppercut+1","Dash1+1"],"picked":"SKIP","floor":36},{"not_picked":["Dash2","Gunslinger+1"],"picked":"Lucifer","floor":37},{"not_picked":["Airhike+1","Gunstinger"],"picked":"Royaldefend+1","floor":39},{"not_picked":["Royaldefend+1","Rebellion"],"picked":"Chargeshoot+1","floor":41},{"not_picked":["TH:CursedSword","TH:ElvenBoots"],"picked":"SKIP","floor":41},{"not_picked":["LucifercomboD","VitalstarS+1"],"picked":"Dash2","floor":42},{"not_picked":["TH:PixieDust","TH:CursedSword"],"picked":"SKIP","floor":43},{"not_picked":["Chargeshoot2+1","Unrisingdragon+1","Chargeshoot"],"picked":"SKIP","floor":45},{"not_picked":["Honeycombofire","Millionkick"],"picked":"CoyoteA+1","floor":48}],"player_experience":514869,"relics_obtained":[{"floor":6,"key":"Peace Pipe"},{"floor":9,"key":"Omamori"},{"floor":9,"key":"Orichalcum"},{"floor":10,"key":"Turnip"},{"floor":23,"key":"Pen Nib"},{"floor":25,"key":"DeathKnight:SindragosasSkull"},{"floor":26,"key":"Bronze Scales"},{"floor":26,"key":"InkBottle"},{"floor":29,"key":"Dream Catcher"},{"floor":40,"key":"Art of War"},{"floor":41,"key":"HollowMod:LifeEnderRelic"},{"floor":43,"key":"Ornamental Fan"},{"floor":46,"key":"Letter Opener"},{"floor":49,"key":"Strawberry"}],"event_choices":[{"cards_removed":["Goldorb"],"damage_healed":0,"gold_gain":0,"player_choice":"Card Removal","damage_taken":7,"max_hp_gain":0,"max_hp_loss":0,"event_name":"Golden Wing","floor":4,"gold_loss":0},{"damage_healed":0,"gold_gain":0,"player_choice":"Ignored","damage_taken":0,"max_hp_gain":0,"max_hp_loss":0,"event_name":"Upgrade Shrine","floor":12,"gold_loss":0},{"damage_healed":0,"gold_gain":180,"player_choice":"GOLD GOLD ","damage_taken":19,"max_hp_gain":0,"max_hp_loss":0,"event_name":"Knowing Skull","floor":21,"potions_obtained":[],"gold_loss":0,"cards_obtained":[]},{"damage_healed":0,"gold_gain":0,"player_choice":"0 cards matched","damage_taken":0,"max_hp_gain":0,"max_hp_loss":0,"event_name":"Match and Keep!","floor":44,"gold_loss":0,"cards_obtained":[]}],"is_beta":false,"boss_relics":[{"not_picked":["Tiny House","Ectoplasm"],"picked":"Sozu"},{"not_picked":["SacredBark","Astrolabe"],"picked":"Coffee Dripper"}],"items_purged_floors":[],"is_endless":false,"potions_floor_spawned":[1,5,10,11,14,18,22,25,33,37,39,42],"ascension_level":0}}