{"host":"raai0vtvcfkt8csp","time":1613431452,"event":{"mods":["2.2 Compatiblity","BaseMod","Beaked The Cultist","Block Reminder","Booster Modes","Clockwork Mod","Custom Start","DeckTracker","Defective Defect","Defuse TimeMaze Blight","Dio Mod","GifTheSpireLib","Infinite Spire","Minty Spire (QoL Compilation)","Quick Restart","Random Character Button","Rare Cards Sparkle","StSLib","The Marked","Unceasing Turn Reminder"],"gold_per_floor":[110,24,39,39,52,52,86,86,137,171,171,182,214,289,289,387,387,403,414,430,476,496,534,534,568,568,568,615,629,629,646,646,757,757,767,767,779,790,790,838,851,895,895,951,985,985,1094,1107,1107,1107],"floor_reached":51,"language":"ENG","playtime":7847,"items_purged":[],"score":1225,"play_id":"0cafcf80-0cb9-4031-addf-4947a462e2c9","local_time":"20210216002412","daily_mods":["Draft","Vintage","Terminal"],"is_ascension_mode":true,"campfire_choices":[{"data":"Echo Form","floor":6,"key":"SMITH"},{"data":"Self Repair","floor":8,"key":"SMITH"},{"data":"Machine Learning","floor":15,"key":"SMITH"},{"data":"Electrodynamics","floor":24,"key":"SMITH"},{"data":"Genetic Algorithm","floor":30,"key":"SMITH"},{"data":"Heatsinks","floor":32,"key":"SMITH"},{"data":"Echo Form","floor":46,"key":"SMITH"},{"floor":49,"key":"DIG"}],"circlet_count":0,"master_deck":["Echo Form+1","Rip and Tear","Genetic Algorithm+1","Genetic Algorithm+1","Force Field","Gash","Conserve Battery","Conserve Battery","Leap","Beam Cell","Conserve Battery","Sweeping Beam","Ball Lightning","Hologram+1","Sweeping Beam","Static Discharge+1","Leap","Self Repair+1","Leap","Machine Learning+1","Electrodynamics+1","Chill+1","Heatsinks+1","Echo Form+1","infinitespire:UltimateForm","Stack+1","Buffer","Cold Snap+1","infinitespire:Execution"],"relics":["Cracked Core","Tiny Chest","Prayer Wheel","Bottled Tornado","Matryoshka","MealTicket","Art of War","HornCleat","Bag of Marbles","FossilizedHelix","Nuclear Battery","infinitespire:EmpoweringShard","Ancient Tea Set","Letter Opener","CeramicFish","Juzu Bracelet","Darkstone Periapt","Bronze Scales","Bag of Preparation","DataDisk","Boot","Shuriken","Pantograph","Black Star","Happy Flower","Torii","Centennial Puzzle","Pear","War Paint","Smiling Mask","Molten Egg 2","StrikeDummy","Nunchaku","Oddly Smooth Stone","Bird Faced Urn","Gambling Chip","Strawberry","Shovel","Potion Belt","infinitespire:CheckeredPen"],"acts_visited":["Exordium","TheCity","TheBeyond"],"potions_floor_usage":[],"damage_taken":[{"damage":1,"enemies":"Cultist","floor":1,"turns":3},{"damage":0,"enemies":"Jaw Worm","floor":3,"turns":4},{"damage":0,"enemies":"2 Louse","floor":5,"turns":3},{"damage":0,"enemies":"Lagavulin","floor":7,"turns":8},{"damage":4,"enemies":"3 Sentries","floor":10,"turns":8},{"damage":3,"enemies":"Gremlin Gang","floor":12,"turns":4},{"damage":9,"enemies":"Gremlin Nob","floor":13,"turns":4},{"damage":0,"enemies":"Slime Boss","floor":16,"turns":11},{"damage":0,"enemies":"Spheric Guardian","floor":18,"turns":5},{"damage":13,"enemies":"Chosen","floor":19,"turns":5},{"damage":14,"enemies":"Snake Plant","floor":20,"turns":4},{"damage":0,"enemies":"3 Cultists","floor":22,"turns":4},{"damage":0,"enemies":"Nightmare","floor":23,"turns":7},{"damage":0,"enemies":"Book of Stabbing","floor":25,"turns":5},{"damage":9,"enemies":"Centurion and Healer","floor":29,"turns":5},{"damage":0,"enemies":"Snake Plant","floor":31,"turns":4},{"damage":0,"enemies":"Automaton","floor":33,"turns":8},{"damage":0,"enemies":"3 Shapes","floor":35,"turns":4},{"damage":0,"enemies":"Orb Walker","floor":37,"turns":4},{"damage":0,"enemies":"Jaw Worm Horde","floor":38,"turns":4},{"damage":0,"enemies":"Nightmare","floor":40,"turns":10},{"damage":0,"enemies":"Maw","floor":41,"turns":5},{"damage":0,"enemies":"Nemesis","floor":42,"turns":7},{"damage":0,"enemies":"2 Orb Walkers","floor":44,"turns":4},{"damage":0,"enemies":"Giant Head","floor":45,"turns":7},{"damage":0,"enemies":"infinitespire:Three Voidlings","floor":47,"turns":4},{"damage":0,"enemies":"Nightmare_Alpha","floor":47,"turns":12},{"damage":18,"enemies":"Spire Growth","floor":48,"turns":4},{"damage":0,"enemies":"Donu and Deca","floor":50,"turns":8}],"seed_played":"-2304775136353786432","potions_obtained":[{"floor":3,"key":"FearPotion"},{"floor":5,"key":"FairyPotion"},{"floor":7,"key":"Ancient Potion"},{"floor":48,"key":"FearPotion"}],"is_trial":true,"path_per_floor":["M","$","M","?","M","R","E","R","T","E","?","M","E","?","R","B",null,"M","M","M","T","M","NM","R","E","T","?","T","M","R","M","R","B",null,"M","?","M","M","T","NM","M","E","T","?","E","R","?","M","R","B",null],"character_chosen":"DEFECT","items_purchased":["Static Discharge","Leap"],"campfire_rested":0,"item_purchase_floors":[2,2],"current_hp_per_floor":[73,72,71,75,74,73,72,71,70,69,68,65,66,55,55,63,62,61,60,46,46,56,56,55,54,53,45,45,55,54,53,52,51,50,49,48,47,46,55,54,53,52,51,50,56,55,54,40,40,51],"gold":1107,"neow_bonus":"","is_daily":false,"chose_seed":false,"campfire_upgraded":7,"win_rate":0.0,"timestamp":1613431452,"path_taken":["M","$","M","?","M","R","E","R","T","E","?","M","E","?","R","BOSS","M","M","M","?","M","NM","R","E","T","?","?","M","R","M","R","BOSS","M","?","M","M","?","NM","M","E","T","?","E","R","?","M","R","BOSS"],"items_purchased_type":["Card","Card"],"build_version":"2020-12-22","purchased_purges":0,"victory":true,"max_hp_per_floor":[73,72,71,75,74,73,72,71,70,69,68,67,66,65,64,63,62,61,60,59,58,57,56,55,54,53,57,56,55,54,53,52,51,50,49,48,47,46,55,54,53,52,51,50,56,55,54,53,52,51],"card_choices":[{"not_picked":["Amplify","Reboot"],"picked":"Echo Form","floor":0},{"not_picked":["Skim","Lockon"],"picked":"Rip and Tear","floor":0},{"not_picked":["Darkness","Blizzard"],"picked":"Genetic Algorithm","floor":0},{"not_picked":["Undo","Lockon"],"picked":"Genetic Algorithm","floor":0},{"not_picked":["Genetic Algorithm","Steam Power"],"picked":"Force Field","floor":0},{"not_picked":["Streamline","Leap"],"picked":"Gash","floor":0},{"not_picked":["Compile Driver","Hologram"],"picked":"Conserve Battery","floor":0},{"not_picked":["Rebound","Stack"],"picked":"Conserve Battery","floor":0},{"not_picked":["Compile Driver","Steam"],"picked":"Leap","floor":0},{"not_picked":["Redo","Stack"],"picked":"Beam Cell","floor":0},{"not_picked":["Leap","Coolheaded"],"picked":"Conserve Battery","floor":0},{"not_picked":["Steam","Hologram"],"picked":"Sweeping Beam","floor":0},{"not_picked":["Leap","Barrage"],"picked":"Ball Lightning","floor":0},{"not_picked":["Redo","Cold Snap"],"picked":"Hologram","floor":0},{"not_picked":["Ball Lightning","Hologram"],"picked":"Sweeping Beam","floor":0},{"not_picked":["Gash","Cold Snap"],"picked":"Self Repair","floor":7},{"not_picked":["Hologram","Cold Snap"],"picked":"Leap","floor":10},{"not_picked":["Storm","Turbo"],"picked":"Machine Learning","floor":13},{"not_picked":["All For One","Fission"],"picked":"Electrodynamics","floor":16},{"not_picked":["Ball Lightning","Sweeping Beam+1"],"picked":"Chill+1","floor":23},{"not_picked":["Go for the Eyes","Redo"],"picked":"Heatsinks","floor":25},{"not_picked":["Biased Cognition","Machine Learning"],"picked":"Echo Form","floor":33},{"not_picked":["infinitespire:Menacing","infinitespire:Punishment"],"picked":"infinitespire:UltimateForm","floor":40},{"not_picked":["Cold Snap+1","Redo"],"picked":"Stack+1","floor":40},{"not_picked":["Barrage+1","Conserve Battery"],"picked":"Buffer","floor":42},{"not_picked":["Beam Cell+1","Stack"],"picked":"Cold Snap+1","floor":44},{"not_picked":["Sweeping Beam+1","Chaos","Turbo"],"picked":"SKIP","floor":45},{"not_picked":["infinitespire:Menacing","infinitespire:NeuralNetwork"],"picked":"infinitespire:Execution","floor":47}],"player_experience":972089,"relics_obtained":[{"floor":1,"key":"Tiny Chest"},{"floor":3,"key":"Prayer Wheel"},{"floor":5,"key":"Bottled Tornado"},{"floor":7,"key":"Matryoshka"},{"floor":9,"key":"MealTicket"},{"floor":9,"key":"Art of War"},{"floor":10,"key":"HornCleat"},{"floor":12,"key":"Bag of Marbles"},{"floor":13,"key":"FossilizedHelix"},{"floor":18,"key":"infinitespire:EmpoweringShard"},{"floor":19,"key":"Ancient Tea Set"},{"floor":20,"key":"Letter Opener"},{"floor":21,"key":"CeramicFish"},{"floor":21,"key":"Juzu Bracelet"},{"floor":22,"key":"Darkstone Periapt"},{"floor":23,"key":"Bronze Scales"},{"floor":25,"key":"Bag of Preparation"},{"floor":26,"key":"DataDisk"},{"floor":28,"key":"Boot"},{"floor":29,"key":"Shuriken"},{"floor":31,"key":"Pantograph"},{"floor":35,"key":"Happy Flower"},{"floor":37,"key":"Torii"},{"floor":38,"key":"Centennial Puzzle"},{"floor":39,"key":"Pear"},{"floor":40,"key":"War Paint"},{"floor":40,"key":"Smiling Mask"},{"floor":41,"key":"Molten Egg 2"},{"floor":42,"key":"StrikeDummy"},{"floor":42,"key":"Nunchaku"},{"floor":43,"key":"Oddly Smooth Stone"},{"floor":44,"key":"Bird Faced Urn"},{"floor":45,"key":"Gambling Chip"},{"floor":45,"key":"Strawberry"},{"floor":47,"key":"Shovel"},{"floor":48,"key":"Potion Belt"},{"floor":49,"key":"infinitespire:CheckeredPen"}],"event_choices":[{"damage_healed":0,"gold_gain":0,"player_choice":"Donut","damage_taken":0,"max_hp_gain":5,"max_hp_loss":0,"event_name":"Big Fish","floor":4,"gold_loss":0},{"damage_healed":0,"gold_gain":0,"player_choice":"Grow","damage_taken":0,"max_hp_gain":0,"max_hp_loss":0,"event_name":"Living Wall","floor":11,"gold_loss":0,"cards_upgraded":["Static Discharge"]},{"damage_healed":0,"gold_gain":75,"player_choice":"Gather Gold","damage_taken":11,"max_hp_gain":0,"max_hp_loss":0,"event_name":"World of Goop","floor":14,"gold_loss":0},{"damage_healed":0,"gold_gain":0,"player_choice":"Shed Blood","damage_taken":13,"max_hp_gain":5,"max_hp_loss":0,"event_name":"Forgotten Altar","floor":27,"gold_loss":0},{"damage_healed":0,"gold_gain":0,"player_choice":"Ignored","damage_taken":0,"max_hp_gain":0,"max_hp_loss":0,"event_name":"Tomb of Lord Red Mask","floor":36,"gold_loss":0},{"damage_healed":0,"gold_gain":0,"player_choice":"Fight","damage_taken":0,"max_hp_gain":0,"max_hp_loss":0,"event_name":"Mysterious Sphere","floor":44,"gold_loss":0}],"is_beta":false,"boss_relics":[{"not_picked":["Fusion Hammer","Sozu"],"picked":"Nuclear Battery"},{"not_picked":["SacredBark","Astrolabe"],"picked":"Black Star"}],"items_purged_floors":[],"is_endless":false,"potions_floor_spawned":[3,5,7,12,16,22,23,31,35,40,41,47,48],"ascension_level":1}}