{"host":"1lwxixhv2lzh5ag1","time":1613408591,"event":{"mods":["AchievementEnabler","BaseMod","Bestiary","Better Altar","Better Match","Better Note","Better Sensory Stone","Better Silent Start","Better Skull","Better Third Choice","BetterRewards","Colored Map","Colored Powertips","DeckTracker","Displayed Cursed Tome","Downfall","Fox Events","Hubris","Minty Spire (QoL Compilation)","Permanent Neow","Relic Stats","Reliquary","Replay The Spire","Spire Arcade","StSLib","Td1madao Mod","The Blue Laboratory","Uncapped","Waifu the Spire"],"gold_per_floor":[109,109,109,129,153,153,153],"floor_reached":6,"language":"ENG","playtime":65,"items_purged":[],"score":36,"play_id":"e2ab8477-c9a9-4fe9-bb98-3b3fe73468bc","local_time":"20210215120311","is_ascension_mode":false,"campfire_choices":[],"circlet_count":0,"master_deck":["Strike_R","Strike_R","Strike_R","Strike_R","Strike_R","Defend_R","Defend_R","Defend_R","Defend_R","Bash","Pommel Strike","Injury","Anger","Run Through","hubris:NaturalOne"],"relics":["Burning Blood","NeowsBlessing","hubris:Icosahedron","Golden Idol"],"acts_visited":["Exordium"],"potions_floor_usage":[],"damage_taken":[{"damage":0,"enemies":"Jaw Worm","floor":1,"turns":1},{"damage":0,"enemies":"2 Louse","floor":4,"turns":1},{"damage":0,"enemies":"Cultist","floor":5,"turns":1},{"damage":0,"enemies":"3 Sentries","floor":6,"turns":1}],"seed_played":"5954299210099268075","potions_obtained":[{"floor":5,"key":"blueLaboratory:Moonshine"}],"is_trial":false,"path_per_floor":["M","?","?","M","M","E"],"character_chosen":"IRONCLAD","items_purchased":[],"campfire_rested":0,"item_purchase_floors":[],"current_hp_per_floor":[80,80,80,80,80,80,80],"gold":153,"neow_bonus":"THREE_ENEMY_KILL","is_daily":false,"chose_seed":false,"campfire_upgraded":0,"win_rate":0.0,"timestamp":1613408591,"path_taken":["M","?","?","M","?","E"],"items_purchased_type":[],"build_version":"2020-12-22","purchased_purges":0,"victory":false,"max_hp_per_floor":[80,80,80,80,80,80,80],"relic_stats":{"counters":[4,4],"Golden Idol":9,"obtain_stats":[{"hubris:Icosahedron":2,"NeowsBlessing":0,"Golden Idol":3,"Burning Blood":0},{"hubris:Icosahedron":1,"NeowsBlessing":0,"Golden Idol":1,"Burning Blood":0},{"hubris:Icosahedron":1,"NeowsBlessing":0,"Golden Idol":1,"Burning Blood":0}],"Burning Blood":0},"card_choices":[{"not_picked":["Run Through","ReplayTheSpireMod:Muscle Training"],"picked":"Pommel Strike","floor":1},{"not_picked":["Metallicize","Abandon"],"picked":"Anger","floor":4},{"not_picked":["Sever Soul","hubris:CleavingFinish"],"picked":"Run Through","floor":5}],"player_experience":30607,"relics_obtained":[],"event_choices":[{"damage_healed":0,"gold_gain":0,"player_choice":"Take Wound","damage_taken":0,"relics_obtained":["Golden Idol"],"max_hp_gain":0,"max_hp_loss":0,"event_name":"Golden Idol","floor":3,"gold_loss":0,"cards_obtained":["Injury"]}],"is_beta":false,"boss_relics":[],"items_purged_floors":[],"is_endless":false,"potions_floor_spawned":[5],"killed_by":"3 Sentries","ascension_level":0}}