{"host":"w8hjdfrntrrvtiu5","time":1613359505,"event":{"mods":["AchievementEnabler","BaseMod","BetterRewards","Conspire","Hubris","Marisa????????","Minty Spire (QoL Compilation)","Shop Mod","StSLib","Td1madao Mod","The Animator","egg","everything is the same but u backflip on backflip"],"gold_per_floor":[111,128,59,134,134,134,169,23,93,93,108,108,108],"floor_reached":12,"language":"ENG","playtime":228,"items_purged":[],"score":101,"play_id":"01f1917d-63ad-454e-bfcf-bd645de9c32e","local_time":"20210214222505","is_ascension_mode":false,"campfire_choices":[{"data":"Dodge and Roll","floor":6.0,"key":"SMITH"},{"data":"Neutralize","floor":10.0,"key":"SMITH"}],"circlet_count":0,"master_deck":["Strike_G","Strike_G","Strike_G+1","Strike_G","Strike_G","Defend_G","Defend_G","Defend_G","Defend_G+1","Defend_G","Survivor","Neutralize+1","Deflect","Dodge and Roll+1","Backstab","Catalyst"],"relics":["Ring of the Snake","NeowsBlessing","hubris:AstralHammer","HandDrill","hubris:BottledRain"],"acts_visited":["Exordium"],"potions_floor_usage":[],"damage_taken":[{"damage":0.0,"enemies":"Cultist","floor":1.0,"turns":1.0},{"damage":2.0,"enemies":"conspire:RoseBush","floor":2.0,"turns":1.0},{"damage":0.0,"enemies":"3 Sentries","floor":7.0,"turns":1.0},{"damage":0.0,"enemies":"Jaw Worm","floor":11.0,"turns":4.0},{"damage":10,"enemies":"Lagavulin","floor":12,"turns":8}],"seed_played":"-3426640280725885498","potions_obtained":[{"floor":11.0,"key":"LiquidMemories"}],"is_trial":false,"path_per_floor":["M","M","$","?","?","R","E","$","T","R","M","E"],"character_chosen":"THE_SILENT","items_purchased":["Backstab","HandDrill"],"campfire_rested":0,"item_purchase_floors":[3,8],"current_hp_per_floor":[70,68,68,57,43,43,43,43,43,43,43,33,33],"gold":108,"neow_bonus":"THREE_ENEMY_KILL","is_daily":false,"chose_seed":false,"campfire_upgraded":2,"win_rate":0.0,"timestamp":1613359505,"path_taken":["M","M","$","?","?","R","E","?","T","R","M","E"],"items_purchased_type":["Card","Relic"],"build_version":"2020-12-22","purchased_purges":0,"victory":false,"max_hp_per_floor":[70,70,70,70,70,70,70,70,70,70,70,70,70],"card_choices":[{"not_picked":["Bane","Predator"],"picked":"Deflect","floor":1.0},{"not_picked":["Concentrate","Cloak And Dagger"],"picked":"Dodge and Roll","floor":2.0},{"not_picked":["Deadly Poison","Cloak And Dagger","Backflip"],"picked":"SKIP","floor":7.0},{"not_picked":["Terror","Envenom"],"picked":"Catalyst","floor":11.0}],"player_experience":2409086,"relics_obtained":[{"floor":7.0,"key":"hubris:AstralHammer"},{"floor":9.0,"key":"hubris:BottledRain"}],"event_choices":[{"damage_healed":0.0,"max_hp_gain":0.0,"max_hp_loss":0.0,"gold_gain":75.0,"event_name":"World of Goop","player_choice":"Gather Gold","floor":4.0,"gold_loss":0.0,"damage_taken":11.0},{"damage_healed":0.0,"max_hp_gain":0.0,"max_hp_loss":0.0,"gold_gain":0.0,"event_name":"Shining Light","player_choice":"Entered Light","floor":5.0,"gold_loss":0.0,"damage_taken":14.0,"cards_upgraded":["Strike_G","Defend_G"]}],"is_beta":false,"boss_relics":[],"items_purged_floors":[],"is_endless":false,"potions_floor_spawned":[11],"killed_by":"Lagavulin","ascension_level":0}}