{"host":"r6lqs70fdfl5jnjl","time":1613384025,"event":{"mods":["Act Like it!","BaseMod","Minty Spire (QoL Compilation)","StSLib"],"gold_per_floor":[115,115,126,51,126,152,152,152,152,152,162,39,4,0,0,99,99,116,26,41,57,57,91,91,37,62,62,75,75,104,115,115,210,210,221,234,94,144,225,225,235,110,163,186,209,272,302,329,341,353,365,377,57,90,90],"floor_reached":56,"language":"ZHS","playtime":3498,"items_purged":["Defend_R","Parasite","Bash","Defend_R"],"score":1160,"play_id":"acc9bc83-8f96-43b6-b229-38faf8d7dc9a","local_time":"20210215181345","is_ascension_mode":false,"campfire_choices":[{"data":"True Grit","floor":8.0,"key":"SMITH"},{"floor":10.0,"key":"RECALL"},{"data":"Armaments","floor":15.0,"key":"SMITH"},{"data":"Body Slam","floor":24.0,"key":"SMITH"},{"floor":27.0,"key":"REST"},{"floor":32.0,"key":"REST"},{"data":"Exhume","floor":40.0,"key":"SMITH"},{"floor":49,"key":"REST"},{"data":"Entrench","floor":52,"key":"SMITH"}],"circlet_count":0,"master_deck":["Defend_R","Defend_R","True Grit+1","Juggernaut","Warcry","Armaments+1","Entrench+1","Barricade+1","Battle Trance+1","Body Slam+1","Shrug It Off","Warcry","Body Slam+1","Impervious","Exhume+1","Feel No Pain","Metallicize+1","Corruption","Body Slam","Headbutt"],"relics":["Burning Blood","Bronze Scales","Empty Cage","Sundial","Potion Belt","Meat on the Bone","Runic Cube","Dead Branch","Pear","MawBank","Ice Cream","Pocketwatch"],"acts_visited":["Exordium","TheCity","TheBeyond","TheEnding"],"potions_floor_usage":[50,50,55,55,55,55],"damage_taken":[{"damage":14.0,"enemies":"Jaw Worm","floor":1.0,"turns":4.0},{"damage":0.0,"enemies":"2 Louse","floor":3.0,"turns":3.0},{"damage":61.0,"enemies":"3 Sentries","floor":6.0,"turns":11.0},{"damage":6.0,"enemies":"Small Slimes","floor":11.0,"turns":5.0},{"damage":0.0,"enemies":"Looter","floor":14.0,"turns":4.0},{"damage":34.0,"enemies":"Hexaghost","floor":16.0,"turns":10.0},{"damage":12.0,"enemies":"Shell Parasite","floor":18.0,"turns":15.0},{"damage":7.0,"enemies":"Spheric Guardian","floor":20.0,"turns":8.0},{"damage":21.0,"enemies":"Snake Plant","floor":21.0,"turns":6.0},{"damage":42.0,"enemies":"Slavers","floor":23.0,"turns":6.0},{"damage":27.0,"enemies":"Sentry and Sphere","floor":28.0,"turns":5.0},{"damage":13.0,"enemies":"Book of Stabbing","floor":30.0,"turns":5.0},{"damage":7.0,"enemies":"Centurion and Healer","floor":31.0,"turns":5.0},{"damage":7.0,"enemies":"Champ","floor":33.0,"turns":5.0},{"damage":4.0,"enemies":"3 Shapes","floor":35.0,"turns":4.0},{"damage":35.0,"enemies":"3 Darklings","floor":36.0,"turns":4.0},{"damage":0.0,"enemies":"Mind Bloom Boss Battle","floor":38.0,"turns":4.0},{"damage":0.0,"enemies":"Maw","floor":41.0,"turns":5.0},{"damage":5.0,"enemies":"Jaw Worm Horde","floor":44.0,"turns":4.0},{"damage":14.0,"enemies":"Transient","floor":45.0,"turns":5.0},{"damage":17,"enemies":"2 Orb Walkers","floor":46,"turns":2},{"damage":20,"enemies":"3 Darklings","floor":47,"turns":4},{"damage":22,"enemies":"4 Shapes","floor":48,"turns":4},{"damage":28,"enemies":"Awakened One","floor":50,"turns":8},{"damage":20,"enemies":"Shield and Spear","floor":54,"turns":6},{"damage":39,"enemies":"The Heart","floor":55,"turns":6}],"seed_played":"-2528381604404004216","potions_obtained":[{"floor":6.0,"key":"FearPotion"},{"floor":16.0,"key":"Strength Potion"},{"floor":18.0,"key":"Weak Potion"},{"floor":30.0,"key":"SkillPotion"},{"floor":33.0,"key":"Explosive Potion"},{"floor":41.0,"key":"DistilledChaos"},{"floor":46,"key":"Strength Potion"},{"floor":47,"key":"Weak Potion"},{"floor":48,"key":"ColorlessPotion"},{"floor":54,"key":"EssenceOfSteel"}],"is_trial":false,"path_per_floor":["M","?","M","$","?","E","?","R","T","R","M","$","?","M","R","B",null,"M","?","M","M","$","E","R","$","T","R","M","?","E","M","R","B",null,"M","M","$","?","T","R","M","$","T","M","M","?","M","M","R","B",null,"R","$","E","B",null],"character_chosen":"IRONCLAD","items_purchased":["Armaments","Shrug It Off","Exhume","Corruption","Body Slam"],"campfire_rested":3,"item_purchase_floors":[12,25,37,53,53],"current_hp_per_floor":[72,72,78,78,67,12,32,32,32,32,32,32,51,57,57,29,77,71,71,70,55,55,19,19,19,19,42,21,21,14,25,48,47,77,77,48,48,54,64,64,70,70,70,71,63,52,50,46,72,50,87,87,87,73,52],"gold":90,"neow_bonus":"REMOVE_CARD","is_daily":false,"chose_seed":false,"campfire_upgraded":5,"win_rate":0.0,"timestamp":1613384025,"path_taken":["M","?","M","$","?","E","?","R","T","R","M","$","?","M","R","BOSS","M","?","M","?","$","E","R","$","T","R","?","?","E","M","R","BOSS","M","M","$","?","?","R","M","$","T","M","M","?","M","M","R","BOSS","R","$","E","BOSS"],"items_purchased_type":["Card","Card","Card","Card","Card"],"build_version":"2020-12-22","purchased_purges":4,"victory":true,"max_hp_per_floor":[80,80,80,80,80,80,80,80,80,80,80,77,77,77,77,77,77,77,77,77,77,77,77,77,77,77,77,77,77,77,77,77,77,77,77,77,77,77,87,87,87,87,87,87,87,87,87,87,87,87,87,87,87,87,87],"card_choices":[{"not_picked":["Clothesline","Iron Wave","Thunderclap"],"picked":"SKIP","floor":1.0},{"not_picked":["Cleave","Uppercut"],"picked":"True Grit","floor":3.0},{"not_picked":["Combust","Flex"],"picked":"Juggernaut","floor":6.0},{"not_picked":["Cleave","Carnage"],"picked":"Warcry","floor":11.0},{"not_picked":["Combust","Metallicize"],"picked":"Entrench","floor":14.0},{"not_picked":["Double Tap","Juggernaut"],"picked":"Barricade","floor":16.0},{"not_picked":["Sword Boomerang","Heavy Blade","Thunderclap"],"picked":"SKIP","floor":18.0},{"not_picked":["Inflame+1","Clash"],"picked":"Battle Trance+1","floor":20.0},{"not_picked":["Intimidate","Clash"],"picked":"Body Slam","floor":21.0},{"not_picked":["Thunderclap","Dropkick","Havoc+1"],"picked":"SKIP","floor":23.0},{"not_picked":["Armaments","Inflame"],"picked":"Warcry","floor":28.0},{"not_picked":["Battle Trance","Clothesline","Iron Wave"],"picked":"SKIP","floor":30.0},{"not_picked":["Rage","Spot Weakness"],"picked":"Body Slam+1","floor":31.0},{"not_picked":["Double Tap","Reaper"],"picked":"Impervious","floor":33.0},{"not_picked":["Fire Breathing","Anger+1","Body Slam"],"picked":"SKIP","floor":35.0},{"not_picked":["Thunderclap+1","Clash","Wild Strike"],"picked":"SKIP","floor":36.0},{"not_picked":["Clothesline","Dual Wield","Armaments"],"picked":"SKIP","floor":41.0},{"not_picked":["Headbutt","Searing Blow+1","Wild Strike+1"],"picked":"SKIP","floor":44.0},{"not_picked":["Thunderclap+1","Heavy Blade","Inflame"],"picked":"SKIP","floor":45.0},{"not_picked":["Havoc+1","Warcry+1"],"picked":"Feel No Pain","floor":47},{"not_picked":["Heavy Blade","Battle Trance"],"picked":"Metallicize+1","floor":48},{"not_picked":["Limit Break","Warcry"],"picked":"Headbutt","floor":54}],"player_experience":39368,"relics_obtained":[{"floor":6.0,"key":"Bronze Scales"},{"floor":23.0,"key":"Sundial"},{"floor":26.0,"key":"Potion Belt"},{"floor":30.0,"key":"Meat on the Bone"},{"floor":38.0,"key":"Dead Branch"},{"floor":39.0,"key":"Pear"},{"floor":43.0,"key":"MawBank"},{"floor":46,"key":"Ice Cream"},{"floor":54,"key":"Pocketwatch"}],"event_choices":[{"cards_removed":["Strike_R"],"damage_healed":0.0,"max_hp_gain":0.0,"max_hp_loss":0.0,"gold_gain":0.0,"event_name":"Living Wall","player_choice":"Forget","floor":2.0,"gold_loss":0.0,"damage_taken":0.0},{"damage_healed":0.0,"max_hp_gain":0.0,"max_hp_loss":0.0,"gold_gain":75.0,"event_name":"World of Goop","player_choice":"Gather Gold","floor":5.0,"gold_loss":0.0,"damage_taken":11.0},{"damage_healed":20.0,"max_hp_gain":0.0,"max_hp_loss":0.0,"gold_gain":0.0,"event_name":"Mushrooms","player_choice":"Healed and dodged fight","floor":7.0,"gold_loss":0.0,"damage_taken":0.0,"cards_obtained":["Parasite"]},{"damage_healed":19.0,"max_hp_gain":0.0,"max_hp_loss":0.0,"gold_gain":0.0,"event_name":"The Cleric","player_choice":"Healed","floor":13.0,"gold_loss":35.0,"damage_taken":0.0},{"cards_removed":["Strike_R"],"damage_healed":0.0,"max_hp_gain":0.0,"max_hp_loss":0.0,"gold_gain":0.0,"event_name":"Designer","player_choice":"Upgrade and Remove","floor":19.0,"gold_loss":90.0,"damage_taken":0.0,"cards_upgraded":["Barricade"]},{"damage_healed":0.0,"max_hp_gain":0.0,"max_hp_loss":0.0,"gold_gain":0.0,"event_name":"NoteForYourself","player_choice":"Ignored","floor":29.0,"gold_loss":0.0,"damage_taken":0.0},{"damage_healed":0.0,"max_hp_gain":0.0,"max_hp_loss":0.0,"gold_gain":0.0,"event_name":"MindBloom","player_choice":"Fight","floor":38.0,"gold_loss":0.0,"damage_taken":0.0},{"damage_healed":0,"gold_gain":0,"player_choice":"Fight","damage_taken":0,"max_hp_gain":0,"max_hp_loss":0,"event_name":"Mysterious Sphere","floor":46,"gold_loss":0}],"is_beta":false,"boss_relics":[{"not_picked":["Astrolabe","Sozu"],"picked":"Empty Cage"},{"not_picked":["Snecko Eye","Philosopher\u0027s Stone"],"picked":"Runic Cube"}],"items_purged_floors":[4,12,42,53],"is_endless":false,"potions_floor_spawned":[6,16,18,30,33,41,46,47,48,54],"ascension_level":0}}