{"host":"d52brwsy6af8zvaq","time":1613349300,"event":{"mods":["AchievementEnabler","BaseMod","Bestiary","Highlight Path","Minty Spire (QoL Compilation)","Quick Restart","Relic Stats","ojb\u0027s Better Paths Mod"],"gold_per_floor":[369,386,386,207,207,102,112,141,165,165,165,196,196,213,213,291,291,301,311,325,337,13,13,46,46,69,85,85,85,112,131,131,209,209,225,18,30,42,42,42,42,71,71,21,21,21],"floor_reached":45,"language":"ENG","playtime":2029,"items_purged":["Strike_B","Strike_B","Auto Shields","Strike_B"],"score":1032,"play_id":"e7c3404d-979c-4568-bd25-61c963bd169c","local_time":"20210214173500","is_ascension_mode":true,"campfire_choices":[{"floor":10.0,"key":"REST"},{"data":"Defragment","floor":13.0,"key":"SMITH"},{"data":"Barrage","floor":15.0,"key":"SMITH"},{"data":"Chaos","floor":23.0,"key":"SMITH"},{"data":"Glacier","floor":28.0,"key":"SMITH"},{"data":"Rainbow","floor":32.0,"key":"SMITH"},{"floor":40.0,"key":"RECALL"}],"circlet_count":0,"master_deck":["AscendersBane","Defend_B","Defend_B","Defend_B","Defend_B","Zap","Dualcast","Defragment+1","Chaos+1","Ball Lightning","Steam","Barrage+1","Auto Shields","Capacitor","Coolheaded","Rainbow+1","Conserve Battery","Undo+1","Glacier+1","Self Repair","Barrage","Turbo","Leap","Glacier+1","Echo Form","Compile Driver+1"],"relics":["Cracked Core","Bag of Marbles","Akabeko","Smiling Mask","Happy Flower","Snecko Eye","Lee\u0027s Waffle","Mango","Orichalcum","Vajra","Fusion Hammer","Orrery","Frozen Egg 2"],"acts_visited":["Exordium","TheCity","TheBeyond"],"potions_floor_usage":[42],"damage_taken":[{"damage":5.0,"enemies":"2 Louse","floor":1.0,"turns":2.0},{"damage":4.0,"enemies":"Jaw Worm","floor":2.0,"turns":4.0},{"damage":0.0,"enemies":"Cultist","floor":7.0,"turns":2.0},{"damage":44.0,"enemies":"3 Sentries","floor":8.0,"turns":7.0},{"damage":8.0,"enemies":"Lagavulin","floor":12.0,"turns":6.0},{"damage":6.0,"enemies":"Looter","floor":14.0,"turns":2.0},{"damage":10.0,"enemies":"The Guardian","floor":16.0,"turns":11.0},{"damage":0.0,"enemies":"2 Thieves","floor":18.0,"turns":1.0},{"damage":12.0,"enemies":"Shell Parasite","floor":19.0,"turns":2.0},{"damage":13.0,"enemies":"Chosen and Byrds","floor":20.0,"turns":5.0},{"damage":3.0,"enemies":"Centurion and Healer","floor":21.0,"turns":7.0},{"damage":5.0,"enemies":"Slavers","floor":24.0,"turns":8.0},{"damage":15.0,"enemies":"Shelled Parasite and Fungi","floor":27.0,"turns":5.0},{"damage":0.0,"enemies":"Book of Stabbing","floor":30.0,"turns":5.0},{"damage":0.0,"enemies":"Snecko","floor":31.0,"turns":3.0},{"damage":36.0,"enemies":"Automaton","floor":33.0,"turns":13.0},{"damage":0.0,"enemies":"Orb Walker","floor":35.0,"turns":3.0},{"damage":3.0,"enemies":"3 Shapes","floor":37.0,"turns":4.0},{"damage":1.0,"enemies":"Spire Growth","floor":38.0,"turns":7.0},{"damage":84,"enemies":"Reptomancer","floor":42,"turns":9},{"damage":19,"enemies":"4 Shapes","floor":45,"turns":3}],"seed_played":"7280386950223310606","potions_obtained":[{"floor":2.0,"key":"Dexterity Potion"},{"floor":7.0,"key":"Fire Potion"},{"floor":14.0,"key":"AttackPotion"},{"floor":16.0,"key":"ColorlessPotion"},{"floor":24.0,"key":"Energy Potion"},{"floor":27.0,"key":"EntropicBrew"},{"floor":31.0,"key":"BlessingOfTheForge"},{"floor":35.0,"key":"BlessingOfTheForge"},{"floor":42,"key":"LiquidBronze"}],"is_trial":false,"path_per_floor":["M","M","?","$","?","$","M","E","T","R","?","E","R","M","R","B",null,"M","M","M","M","$","R","E","?","T","M","R","?","E","M","R","B",null,"M","$","M","M","?","R","?","E","T","$","M"],"character_chosen":"DEFECT","items_purchased":["Ball Lightning","Steam","FairyPotion","Lee\u0027s Waffle","Self Repair","Barrage","Orrery"],"campfire_rested":1,"item_purchase_floors":[4,4,6,22,22,22,36],"current_hp_per_floor":[59,55,55,55,37,37,37,19,19,38,38,30,30,24,24,14,52,52,40,27,24,71,71,85,60,60,52,52,46,53,60,60,31,75,75,75,79,90,85,85,85,15,15,15,0,0],"gold":21,"neow_bonus":"TWO_FIFTY_GOLD","is_daily":false,"chose_seed":false,"campfire_upgraded":5,"win_rate":0.0,"timestamp":1613349300,"path_taken":["M","M","?","$","?","$","M","E","T","R","?","E","R","M","R","BOSS","M","M","M","?","$","R","E","?","T","M","R","?","E","?","R","BOSS","M","$","M","M","?","R","?","E","T","$","?"],"items_purchased_type":["Card","Card","Potion","Relic","Card","Card","Relic"],"build_version":"2020-12-22","purchased_purges":4,"victory":false,"max_hp_per_floor":[64,64,64,64,64,64,64,64,64,64,64,64,64,64,64,64,64,64,64,64,64,71,71,85,90,90,90,90,90,90,90,90,90,90,90,90,90,90,85,85,85,85,85,85,85,85],"relic_stats":{"Lee\u0027s Waffle":47,"Happy Flower":[29],"counters":[21,109],"Snecko Eye":[132,140,106,112],"Orichalcum":[30],"Smiling Mask":225,"obtain_stats":[{"Lee\u0027s Waffle":22,"Happy Flower":12,"Vajra":30,"Mango":24,"Orichalcum":26,"Frozen Egg 2":42,"Smiling Mask":9,"Akabeko":8,"Snecko Eye":17,"Orrery":36,"Fusion Hammer":34,"Bag of Marbles":5,"Cracked Core":0},{"Lee\u0027s Waffle":11,"Happy Flower":5,"Vajra":14,"Mango":12,"Orichalcum":12,"Frozen Egg 2":20,"Smiling Mask":4,"Akabeko":4,"Snecko Eye":7,"Orrery":17,"Fusion Hammer":16,"Bag of Marbles":2,"Cracked Core":0},{"Lee\u0027s Waffle":49,"Happy Flower":21,"Vajra":67,"Mango":57,"Orichalcum":57,"Frozen Egg 2":106,"Smiling Mask":15,"Akabeko":15,"Snecko Eye":34,"Orrery":86,"Fusion Hammer":83,"Bag of Marbles":6,"Cracked Core":0}]},"card_choices":[{"not_picked":["Redo","Coolheaded"],"picked":"Defragment","floor":1.0},{"not_picked":["Steam Power","Blizzard"],"picked":"Chaos","floor":2.0},{"not_picked":["Beam Cell","Go for the Eyes"],"picked":"Barrage","floor":7.0},{"not_picked":["FTL","Go for the Eyes"],"picked":"Auto Shields","floor":8.0},{"not_picked":["Doom and Gloom","Leap"],"picked":"Capacitor","floor":12.0},{"not_picked":["Rebound","Blizzard"],"picked":"Coolheaded","floor":14.0},{"not_picked":["Hyperbeam","Amplify"],"picked":"Rainbow","floor":16.0},{"not_picked":["Leap","Sweeping Beam"],"picked":"Conserve Battery","floor":18.0},{"not_picked":["Capacitor","Scrape"],"picked":"Undo+1","floor":19.0},{"not_picked":["Lockon","Loop"],"picked":"Glacier","floor":20.0},{"not_picked":["Redo","Cold Snap","Glacier"],"picked":"SKIP","floor":21.0},{"not_picked":["Cold Snap","Blizzard","Barrage"],"picked":"SKIP","floor":24.0},{"not_picked":["White Noise","Creative AI"],"picked":"Turbo","floor":27.0},{"not_picked":["Go for the Eyes","Streamline+1"],"picked":"Leap","floor":30.0},{"not_picked":["Capacitor","Gash"],"picked":"Glacier+1","floor":31.0},{"not_picked":["Undo","Streamline","Leap+1"],"picked":"SKIP","floor":35.0},{"not_picked":["Turbo","Steam Power"],"picked":"Echo Form","floor":36.0},{"not_picked":["Leap","Capacitor"],"picked":"Compile Driver+1","floor":37.0},{"not_picked":["Compile Driver","Rebound","Redo"],"picked":"SKIP","floor":38.0},{"not_picked":["Ball Lightning+1","Redo","Lockon"],"picked":"SKIP","floor":42}],"player_experience":2265118,"relics_obtained":[{"floor":8.0,"key":"Akabeko"},{"floor":9.0,"key":"Smiling Mask"},{"floor":12.0,"key":"Happy Flower"},{"floor":24.0,"key":"Mango"},{"floor":26.0,"key":"Orichalcum"},{"floor":30.0,"key":"Vajra"},{"floor":42,"key":"Frozen Egg 2"}],"event_choices":[{"damage_healed":0.0,"max_hp_gain":0.0,"max_hp_loss":0.0,"gold_gain":0.0,"event_name":"Golden Wing","player_choice":"Ignored","floor":3.0,"gold_loss":0.0,"damage_taken":0.0},{"damage_healed":0.0,"max_hp_gain":0.0,"max_hp_loss":0.0,"gold_gain":0.0,"event_name":"Scrap Ooze","player_choice":"Success","floor":5.0,"gold_loss":0.0,"damage_taken":18.0,"relics_obtained":["Bag of Marbles"]},{"damage_healed":0.0,"max_hp_gain":0.0,"max_hp_loss":0.0,"gold_gain":0.0,"cards_transformed":["Strike_B"],"event_name":"Transmorgrifier","player_choice":"Transformed","floor":11.0,"gold_loss":0.0,"damage_taken":0.0,"cards_obtained":["Auto Shields"]},{"damage_healed":0.0,"max_hp_gain":5.0,"max_hp_loss":0.0,"gold_gain":0.0,"event_name":"Forgotten Altar","player_choice":"Shed Blood","floor":25.0,"gold_loss":0.0,"damage_taken":30.0},{"damage_healed":0.0,"max_hp_gain":0.0,"max_hp_loss":0.0,"gold_gain":0.0,"event_name":"Knowing Skull","player_choice":"","floor":29.0,"potions_obtained":[],"gold_loss":0.0,"damage_taken":6.0,"cards_obtained":[]},{"damage_healed":0.0,"max_hp_gain":0.0,"max_hp_loss":5.0,"gold_gain":0.0,"event_name":"Winding Halls","player_choice":"Max HP","floor":39.0,"gold_loss":0.0,"damage_taken":0.0},{"damage_healed":0.0,"max_hp_gain":0.0,"max_hp_loss":0.0,"gold_gain":0.0,"event_name":"SecretPortal","player_choice":"Ignored","floor":41.0,"gold_loss":0.0,"damage_taken":0.0}],"is_beta":false,"boss_relics":[{"not_picked":["Sozu","Philosopher\u0027s Stone"],"picked":"Snecko Eye"},{"not_picked":["Empty Cage","Busted Crown"],"picked":"Fusion Hammer"}],"items_purged_floors":[4,22,36,44],"is_endless":false,"potions_floor_spawned":[2,7,14,16,24,27,31,33,35,42],"killed_by":"4 Shapes","ascension_level":20}}