{"host":"5o041qry45dym2df","time":1613391914,"event":{"mods":["BaseMod","Downfall","Minty Spire (QoL Compilation)","StSLib"],"gold_per_floor":[117,134,59,70,87,87,87,121,121,121,40,57,92,92,92,211,211,166,166,166,166,166,166,166,166,166,166,166,166,166,81,81,81,81,81,81,81,81,81,81,81,81,81,81,81,81],"floor_reached":45,"language":"ENG","playtime":3166,"items_purged":["Defend_R"],"score":441,"play_id":"9a444d95-c3a5-43f7-a6bb-630c879fd2dc","local_time":"20210215072514","is_ascension_mode":false,"campfire_choices":[{"data":"Perfected Strike","floor":6,"key":"SMITH"},{"data":"Rage","floor":10,"key":"SMITH"},{"data":"Armaments","floor":15,"key":"SMITH"},{"data":"Demon Form","floor":23,"key":"SMITH"},{"data":"Offering","floor":25,"key":"SMITH"},{"floor":32,"key":"REST"},{"floor":40,"key":"REST"}],"circlet_count":0,"master_deck":["Strike_R+1","Strike_R+1","Strike_R+1","Strike_R+1","Defend_R+1","Defend_R+1","Defend_R+1","Rage+1","Pommel Strike+1","Perfected Strike+1","Clash+1","Pommel Strike+1","CurseOfTheBell","CurseOfTheBell","Rage+1","Offering+1","Headbutt+1","Armaments+1","Demon Form+1","Wild Strike+1","Wild Strike+1","Wild Strike+1","Seeing Red+1","Cleave+1","Secret Weapon+1","Perfected Strike+1","Pummel+1","Clothesline+1"],"relics":["Burning Blood","downfall:ExtraCursedBell","Red Skull","Pantograph","Champion Belt","Strawberry","Paper Frog","White Beast Statue","Golden Idol","Ectoplasm","sneckomod:BabySnecko","Kunai","Vajra","Question Card","Pear","Empty Cage","Mark of the Bloom","Incense Burner","Happy Flower"],"acts_visited":["Exordium","TheCity","TheBeyond"],"potions_floor_usage":[5,13,16,18,22,27,30,33,33,38,38,41,45,45,45],"damage_taken":[{"damage":2,"enemies":"Cultist","floor":1,"turns":5},{"damage":4,"enemies":"Small Slimes","floor":2,"turns":4},{"damage":1,"enemies":"2 Louse","floor":4,"turns":2},{"damage":0,"enemies":"Exordium Thugs","floor":5,"turns":3},{"damage":27,"enemies":"Lagavulin","floor":8,"turns":6},{"damage":16,"enemies":"Looter","floor":12,"turns":2},{"damage":7,"enemies":"3 Sentries","floor":13,"turns":5},{"damage":46,"enemies":"Hexaghost","floor":16,"turns":8},{"damage":26,"enemies":"2 Thieves","floor":18,"turns":3},{"damage":10,"enemies":"Chosen","floor":22,"turns":3},{"damage":10,"enemies":"Snecko","floor":24,"turns":4},{"damage":23,"enemies":"Centurion and Healer","floor":27,"turns":5},{"damage":29,"enemies":"Slavers","floor":28,"turns":4},{"damage":6,"enemies":"3 Cultists","floor":30,"turns":4},{"damage":58,"enemies":"Automaton","floor":33,"turns":7},{"damage":11,"enemies":"3 Shapes","floor":35,"turns":3},{"damage":8,"enemies":"3 Darklings","floor":38,"turns":3},{"damage":46,"enemies":"2 Orb Walkers","floor":41,"turns":5},{"damage":16,"enemies":"Spire Growth","floor":42,"turns":2},{"damage":7,"enemies":"Writhing Mass","floor":45,"turns":2}],"seed_played":"6397399616588693207","potions_obtained":[{"floor":1,"key":"PowerPotion"},{"floor":5,"key":"BlessingOfTheForge"},{"floor":13,"key":"sneckomod:MuddlingPotion"},{"floor":16,"key":"champ:CounterPotion"},{"floor":18,"key":"Strength Potion"},{"floor":22,"key":"Ancient Potion"},{"floor":24,"key":"SpeedPotion"},{"floor":27,"key":"LiquidBronze"},{"floor":28,"key":"FearPotion"},{"floor":30,"key":"Block Potion"},{"floor":33,"key":"AttackPotion"},{"floor":35,"key":"Strength Potion"},{"floor":38,"key":"Fire Potion"},{"floor":41,"key":"sneckomod:MuddlingPotion"},{"floor":42,"key":"champ:CounterPotion"}],"is_trial":false,"path_per_floor":["M","M","$","M","M","R","?","E","T","R","$","M","E","?","R","B",null,"M","?","?","?","M","R","M","R","T","M","E","?","M","?","R","B",null,"M","$","?","M","?","R","?","M","T","?","M"],"character_chosen":"IRONCLAD","items_purchased":["Offering"],"campfire_rested":2,"item_purchase_floors":[11],"current_hp_per_floor":[80,80,80,80,80,80,80,66,66,66,66,56,55,55,55,40,81,61,61,61,61,57,57,53,53,53,36,13,13,13,23,50,23,91,86,86,86,84,84,84,38,22,22,22,15,15],"gold":81,"neow_bonus":"TRANSFORM_CARD","is_daily":false,"chose_seed":false,"campfire_upgraded":5,"win_rate":0.0,"timestamp":1613391914,"path_taken":["M","M","$","?","?","R","?","E","T","R","$","M","E","?","R","BOSS","M","?","?","?","M","R","M","R","T","?","E","?","M","?","R","BOSS","M","$","?","M","?","R","?","M","T","?","M"],"items_purchased_type":["Card"],"build_version":"2020-12-22","purchased_purges":1,"victory":false,"max_hp_per_floor":[80,80,80,80,80,80,80,87,87,87,87,87,87,81,81,81,81,81,81,81,81,81,81,81,81,81,81,81,81,81,91,91,91,91,91,91,91,91,91,91,91,91,91,80,80,80],"card_choices":[{"not_picked":["Whirlwind","Wild Strike"],"picked":"Pommel Strike","floor":1},{"not_picked":["Twin Strike","Sword Boomerang"],"picked":"Perfected Strike","floor":2},{"not_picked":["Spot Weakness","Dropkick"],"picked":"Clash","floor":4},{"not_picked":["Clothesline","Reaper"],"picked":"Pommel Strike","floor":5},{"not_picked":["Havoc","Blood for Blood"],"picked":"Rage","floor":8},{"not_picked":["Clothesline","Clash"],"picked":"Headbutt","floor":12},{"not_picked":["Twin Strike","Power Through"],"picked":"Armaments","floor":13},{"not_picked":["Bludgeon","Impervious"],"picked":"Demon Form","floor":16},{"not_picked":["Burning Pact+1","Warcry","Headbutt"],"picked":"SKIP","floor":18},{"not_picked":["Blood for Blood","True Grit"],"picked":"Wild Strike","floor":22},{"not_picked":["Combust+1","Headbutt"],"picked":"Wild Strike","floor":24},{"not_picked":["True Grit+1","Sentinel"],"picked":"Seeing Red+1","floor":27},{"not_picked":["Sever Soul","Armaments","Shrug It Off+1"],"picked":"SKIP","floor":28},{"not_picked":["Iron Wave","Twin Strike","Bloodletting","Rage+1"],"picked":"SKIP","floor":30},{"not_picked":["Shockwave","Feel No Pain+1","Rampage"],"picked":"Cleave","floor":35},{"not_picked":["Master of Strategy","Good Instincts","Swift Strike"],"picked":"Secret Weapon","floor":37},{"not_picked":["Clash","Havoc+1","Warcry+1"],"picked":"Perfected Strike+1","floor":38},{"not_picked":["Heavy Blade","Rage","Iron Wave+1"],"picked":"Pummel+1","floor":41},{"not_picked":["Headbutt","Searing Blow+1","Body Slam"],"picked":"Clothesline+1","floor":42}],"player_experience":172108,"relics_obtained":[{"floor":7,"key":"Red Skull"},{"floor":7,"key":"Pantograph"},{"floor":7,"key":"Champion Belt"},{"floor":8,"key":"Strawberry"},{"floor":9,"key":"Paper Frog"},{"floor":13,"key":"White Beast Statue"},{"floor":26,"key":"Kunai"},{"floor":28,"key":"Vajra"},{"floor":41,"key":"Incense Burner"},{"floor":43,"key":"Happy Flower"}],"event_choices":[{"damage_healed":0,"gold_gain":0,"player_choice":"Lose Max HP","damage_taken":0,"relics_obtained":["Golden Idol"],"max_hp_gain":0,"max_hp_loss":6,"event_name":"Golden Idol","floor":14,"gold_loss":0},{"damage_healed":0,"gold_gain":0,"player_choice":"Ignored","damage_taken":0,"max_hp_gain":0,"max_hp_loss":0,"event_name":"Vampires","floor":19,"gold_loss":0},{"damage_healed":0,"gold_gain":0,"player_choice":"Read","damage_taken":0,"max_hp_gain":0,"max_hp_loss":0,"event_name":"The Library","floor":20,"gold_loss":0,"cards_obtained":["Wild Strike"]},{"damage_healed":0,"gold_gain":0,"player_choice":"Opened","damage_taken":0,"relics_obtained":["Question Card"],"max_hp_gain":0,"max_hp_loss":0,"event_name":"The Mausoleum","floor":29,"gold_loss":0},{"damage_healed":0,"gold_gain":0,"player_choice":"Obtained Relic","damage_taken":0,"relics_obtained":["Pear"],"max_hp_gain":0,"max_hp_loss":0,"event_name":"Addict","floor":31,"gold_loss":85},{"damage_healed":0,"gold_gain":0,"player_choice":"Memory 1","damage_taken":0,"max_hp_gain":0,"max_hp_loss":0,"event_name":"SensoryStone","floor":37,"gold_loss":0},{"damage_healed":0,"gold_gain":0,"player_choice":"Upgrade","damage_taken":0,"relics_obtained":["Mark of the Bloom"],"max_hp_gain":0,"max_hp_loss":0,"event_name":"MindBloom","floor":39,"gold_loss":0,"cards_upgraded":["Strike_R","Strike_R","Strike_R","Strike_R","Defend_R","Defend_R","Defend_R","Pommel Strike","Clash","Pommel Strike","Rage","Headbutt","Wild Strike","Wild Strike","Wild Strike","Cleave","Secret Weapon"]},{"damage_healed":0,"gold_gain":0,"player_choice":"Fight","damage_taken":0,"max_hp_gain":0,"max_hp_loss":0,"event_name":"Mysterious Sphere","floor":41,"gold_loss":0},{"damage_healed":80,"gold_gain":0,"player_choice":"Heal","damage_taken":0,"max_hp_gain":0,"max_hp_loss":11,"event_name":"The Moai Head","floor":44,"gold_loss":0}],"is_beta":false,"boss_relics":[{"not_picked":["Tiny House","Pandora\u0027s Box"],"picked":"Ectoplasm"},{"not_picked":["bronze:MakeshiftBattery","Coffee Dripper"],"picked":"Empty Cage"}],"items_purged_floors":[3],"is_endless":false,"potions_floor_spawned":[1,5,13,16,18,22,24,27,28,30,33,35,38,41,42],"killed_by":"Writhing Mass","ascension_level":0}}