{"host":"ydh61a5ftgdajrbo","time":1613392198,"event":{"mods":["BaseMod","Colored Map","Colored Powertips","DeckTracker","Downfall","Hermit","Koishi","Minty Spire (QoL Compilation)","Prisma Mod","Relic Stats","Spire Arcade","StSLib","SuperFastMode","The Cursed","The Jungle","The Mystic","The Runesmith","The Senshi","The Servant 0.9.4"],"gold_per_floor":[114,124,138,138,153,153,181,197,220,220,230,230,230,245,245,319,319,337,337,355,30,41,41,74,74,74],"floor_reached":25,"language":"ZHS","playtime":950,"items_purged":[],"score":416,"play_id":"fa1ed6b0-8d5a-46fa-93c9-cdf1a5cd9ba1","local_time":"20210215202958","is_ascension_mode":true,"campfire_choices":[{"data":"Dagger Spray","floor":6.0,"key":"SMITH"},{"floor":10.0,"key":"REST"},{"data":"Predator","floor":12.0,"key":"SMITH"},{"data":"Footwork","floor":15.0,"key":"SMITH"},{"floor":23.0,"key":"REST"}],"circlet_count":0,"master_deck":["AscendersBane","Strike_G","Strike_G","Strike_G","Strike_G","Defend_G","Defend_G","Defend_G","Defend_G","Defend_G","Survivor","Neutralize","Dagger Spray+1","Footwork+1","Flying Knee","Predator+1","Terror","Deflect","Deadly Poison","A Thousand Cuts","Cloak And Dagger","Infinite Blades","Cloak And Dagger","Blade Dance","After Image"],"relics":["sneckomod:SneckoTalon","Ice Cream","Regal Pillow","Happy Flower","SlaversCollar","TungstenRod","Blood Vial"],"acts_visited":["Exordium","TheCity"],"potions_floor_usage":[24,25],"damage_taken":[{"damage":2.0,"enemies":"Jaw Worm","floor":1.0,"turns":4.0},{"damage":3.0,"enemies":"Cultist","floor":2.0,"turns":4.0},{"damage":0.0,"enemies":"Small Slimes","floor":3.0,"turns":2.0},{"damage":5.0,"enemies":"3 Louse","floor":5.0,"turns":4.0},{"damage":16.0,"enemies":"3 Sentries","floor":7.0,"turns":7.0},{"damage":6.0,"enemies":"Blue Slaver","floor":8.0,"turns":4.0},{"damage":7.0,"enemies":"Red Slaver","floor":11.0,"turns":3.0},{"damage":0.0,"enemies":"Exordium Wildlife","floor":14.0,"turns":2.0},{"damage":7.0,"enemies":"The Guardian","floor":16.0,"turns":9.0},{"damage":3.0,"enemies":"Chosen","floor":18.0,"turns":4.0},{"damage":20.0,"enemies":"2 Thieves","floor":20.0,"turns":5.0},{"damage":35.0,"enemies":"Chosen and Byrds","floor":22.0,"turns":7.0},{"damage":31,"enemies":"Book of Stabbing","floor":24,"turns":7},{"damage":12,"enemies":"3 Cultists","floor":25,"turns":5}],"seed_played":"-762874263546212217","potions_obtained":[{"floor":2.0,"key":"Block Potion"},{"floor":3.0,"key":"Guardian:BlockOnCardUsePotion"},{"floor":7.0,"key":"SkillPotion"},{"floor":16.0,"key":"ColorlessPotion"},{"floor":22.0,"key":"Energy Potion"}],"is_trial":false,"path_per_floor":["M","M","M","?","M","R","E","M","T","R","M","R","?","M","R","B",null,"M","?","M","$","M","R","E","M"],"character_chosen":"THE_SILENT","items_purchased":["TungstenRod"],"campfire_rested":2,"item_purchase_floors":[21],"current_hp_per_floor":[57,54,54,54,49,49,33,27,27,61,54,54,54,54,54,47,61,58,58,38,38,3,37,6,0,0],"gold":74,"neow_bonus":"BOSS_RELIC","is_daily":false,"chose_seed":false,"campfire_upgraded":3,"win_rate":0.0,"timestamp":1613392198,"path_taken":["M","M","M","?","?","R","E","M","T","R","M","R","?","M","R","BOSS","M","?","M","$","M","R","E","M"],"items_purchased_type":["Relic"],"build_version":"2020-12-22","purchased_purges":0,"victory":false,"max_hp_per_floor":[66,66,66,66,66,66,66,66,66,66,66,66,66,66,66,66,66,66,66,66,66,66,66,66,66,66],"relic_stats":{"Blood Vial":2,"Regal Pillow":30,"Happy Flower":[14],"counters":[14,67],"obtain_stats":[{"Ice Cream":4,"Blood Vial":24,"SlaversCollar":17,"Regal Pillow":7,"Happy Flower":9,"sneckomod:SneckoTalon":0,"TungstenRod":21,"Ring of the Snake":0},{"Ice Cream":3,"Blood Vial":13,"SlaversCollar":9,"Regal Pillow":5,"Happy Flower":6,"sneckomod:SneckoTalon":0,"TungstenRod":11,"Ring of the Snake":0},{"Ice Cream":10,"Blood Vial":62,"SlaversCollar":39,"Regal Pillow":21,"Happy Flower":25,"sneckomod:SneckoTalon":0,"TungstenRod":48,"Ring of the Snake":0}],"TungstenRod":13},"card_choices":[{"not_picked":["Prepared","Calculated Gamble"],"picked":"Dagger Spray","floor":1.0},{"not_picked":["Blade Dance","Masterful Stab"],"picked":"Dagger Throw","floor":2.0},{"not_picked":["Outmaneuver","Slice"],"picked":"Footwork","floor":3.0},{"not_picked":["Terror","Noxious Fumes"],"picked":"Flying Knee","floor":5.0},{"not_picked":["Dodge and Roll","Dagger Throw"],"picked":"Predator","floor":7.0},{"not_picked":["Outmaneuver","Quick Slash"],"picked":"Terror","floor":8.0},{"not_picked":["All Out Attack","Distraction"],"picked":"Deflect","floor":11.0},{"not_picked":["Catalyst","Prepared"],"picked":"Deadly Poison","floor":14.0},{"not_picked":["Doppelganger","Glass Knife"],"picked":"A Thousand Cuts","floor":16.0},{"not_picked":["Expertise","Blade Dance"],"picked":"Cloak And Dagger","floor":18.0},{"not_picked":["Sucker Punch","Slice"],"picked":"Cloak And Dagger","floor":20.0},{"not_picked":["Flying Knee","Endless Agony"],"picked":"Blade Dance","floor":22.0},{"not_picked":["Dagger Throw","Prepared"],"picked":"After Image","floor":24}],"player_experience":397251,"relics_obtained":[{"floor":7.0,"key":"Regal Pillow"},{"floor":9.0,"key":"Happy Flower"},{"floor":24,"key":"Blood Vial"}],"event_choices":[{"cards_removed":["Dagger Throw"],"damage_healed":0.0,"max_hp_gain":0.0,"max_hp_loss":0.0,"gold_gain":0.0,"event_name":"WeMeetAgain","player_choice":"Gave Card","floor":4.0,"gold_loss":0.0,"damage_taken":0.0,"relics_obtained":["Ice Cream"]},{"cards_removed":["Strike_G"],"damage_healed":0.0,"max_hp_gain":0.0,"max_hp_loss":0.0,"gold_gain":0.0,"event_name":"Living Wall","player_choice":"Forget","floor":13.0,"gold_loss":0.0,"damage_taken":0.0},{"damage_healed":0.0,"max_hp_gain":0.0,"max_hp_loss":0.0,"gold_gain":0.0,"event_name":"The Library","player_choice":"Read","floor":19.0,"gold_loss":0.0,"damage_taken":0.0,"cards_obtained":["Infinite Blades"]}],"is_beta":false,"boss_relics":[{"not_picked":["Coffee Dripper","Pandora\u0027s Box"],"picked":"SlaversCollar"}],"items_purged_floors":[],"is_endless":false,"potions_floor_spawned":[2,3,7,16,20,22],"killed_by":"3 Cultists","ascension_level":17}}