{"host":"ryxkq7m36cv0y2ky","time":1613355178,"event":{"mods":["Act Like it!","Arknights","Bard","BaseMod","CapriCore","Dio Mod","Downfall","Gensokyo","Gremlin Mod","Hermit","HololiveMod","Hubris","Hunter ??","Marisa????????","Minty Spire (QoL Compilation)","Nova Terra(??·??)","Reliquary","Remilia??????","Replay The Spire","SOS???????","Shade Mod","Spire Arcade","StSLib","The Bladedancer","The Hayseed","The Immortal","The Judge","The Juggle","The Marked","The Mystic","The Necromancer","The Saiyan","The Showman","The Witch","TheVacant","thorton"],"gold_per_floor":[144,189,189,189,189,189,279,324,399,444,489,534,809,899,899,1199,1199,1244,261,261,306,31,76,76,166,166,166,211,256,301,346,346,646,796,841,350,740,290,335,425,470,560,585,585,610,610,700,745,745,745],"floor_reached":51,"language":"ENG","playtime":2131,"items_purged":["Madness"],"score":1169,"play_id":"cd9b7ef4-ec71-40b0-959b-64f4dc50d66e","local_time":"20210215124258","daily_mods":["Cursed Run","Colorless Cards","Midas"],"is_ascension_mode":false,"campfire_choices":[{"floor":6.0,"key":"REST"},{"floor":24,"key":"REST"},{"floor":44,"key":"REST"},{"floor":46,"key":"REST"},{"floor":49,"key":"REST"}],"circlet_count":5,"master_deck":["dioMod:Strike","dioMod:Strike","dioMod:Strike","dioMod:Strike+1","Bite+1","dioMod:Defend","dioMod:Defend","dioMod:Defend+1","dioMod:Defend","dioMod:LaserVision+1","CommonCold","Madness","Madness","Madness","dioMod:SecretPlan+1","dioMod:DominatingPresence+1","Regret","dioMod:Pluck","Madness","Gensokyo:AllTheWorldsEvil","Master of Strategy+1","ReplayTheSpireMod:Restless Dread","hubris:Disease","CommonCold","dioMod:TripleThreat","Violence+1","dioMod:Pluck+1","dioMod:DaggerToss+1","Gluttony_TH","dioMod:TripleThreat+1","dioMod:Muda+1","dioMod:StreetSign+1","WordoMod:Petrified","dioMod:SevenPageMuda+1","dioMod:StreetSign","Violence+1","dioMod:TripleThreat","Spreading Infection","dioMod:SevenPageMuda+1","dioMod:Muda+1","dioMod:ComposedMuda+1","dioMod:SlashThroughTime+1","dioMod:SecretPlan+1","dioMod:CutDeep+1","dioMod:LaserVision+1","Secret Weapon+1","dioMod:DaggerToss","dioMod:SecretPlan+1","dioMod:StreetSign+1","dioMod:BloodTransfusion+1","dioMod:DarkRebirth+1","dioMod:BloodSuck+1","dioMod:LaserVision+1","hubris:Gluttony","Looming Evil","dioMod:Minions+1","dioMod:DaggerToss+1","WordoMod:Infected"],"relics":["Cursed Key","Darkstone Periapt","Du-Vu Doll","Ring of Fury","Ring of Peace","Circlet","MealTicket","Golden Egg","Replay:Ancient Bell","Bag of Marbles","hexamod:BolsterEngine","reliquary:BrokenClock","Membership Card","Gremlin Horn","Question Card","Tiny House","Bag of Preparation","Old Coin","Vajra","champ:DuelingGlove","hubris:HerbalPaste","Replay:Towering Pillar of Hats","Gremlin Food","reliquary:Buckler","ReplayTheSpireMod:Lightbulb","Pocketwatch"],"acts_visited":["Exordium","TheCity","TheBeyond"],"potions_floor_usage":[18,25,50,50],"damage_taken":[{"damage":5.0,"enemies":"Small Slimes","floor":1.0,"turns":4.0},{"damage":0.0,"enemies":"2 Louse","floor":2.0,"turns":2.0},{"damage":3.0,"enemies":"Gremlin Nob","floor":7.0,"turns":4.0},{"damage":3.0,"enemies":"Cultist","floor":8.0,"turns":4.0},{"damage":0.0,"enemies":"Looter","floor":10.0,"turns":3.0},{"damage":4.0,"enemies":"Red Slaver","floor":11.0,"turns":4.0},{"damage":11.0,"enemies":"Large Slime","floor":12.0,"turns":6.0},{"damage":12.0,"enemies":"Lagavulin","floor":14.0,"turns":5.0},{"damage":73.0,"enemies":"The Guardian","floor":16.0,"turns":9.0},{"damage":25,"enemies":"2 Thieves","floor":18,"turns":4},{"damage":0,"enemies":"3 Byrds","floor":21,"turns":4},{"damage":0,"enemies":"Cultist and Chosen","floor":23,"turns":4},{"damage":16,"enemies":"Book of Stabbing","floor":25,"turns":3},{"damage":0,"enemies":"Shelled Parasite and Fungi","floor":28,"turns":2},{"damage":0,"enemies":"Centurion and Healer","floor":29,"turns":2},{"damage":0,"enemies":"Snecko","floor":30,"turns":2},{"damage":0,"enemies":"Shelled Parasite and Fungi","floor":31,"turns":1},{"damage":60,"enemies":"Champ","floor":33,"turns":6},{"damage":6,"enemies":"3 Shapes","floor":35,"turns":2},{"damage":0,"enemies":"2 Orb Walkers","floor":37,"turns":2},{"damage":0,"enemies":"Orb Walker","floor":39,"turns":2},{"damage":0,"enemies":"Reptomancer","floor":40,"turns":2},{"damage":12,"enemies":"4 Shapes","floor":41,"turns":1},{"damage":0,"enemies":"Nemesis","floor":42,"turns":2},{"damage":9,"enemies":"Reptomancer","floor":47,"turns":3},{"damage":0,"enemies":"Sphere and 2 Shapes","floor":48,"turns":1},{"damage":46,"enemies":"hubris:GrandSnecko","floor":50,"turns":6}],"seed_played":"-463004689936713651","potions_obtained":[{"floor":1.0,"key":"GamblersBrew"},{"floor":2.0,"key":"LiquidBronze"},{"floor":8.0,"key":"Fire Potion"},{"floor":21,"key":"FearPotion"},{"floor":25,"key":"DistilledChaos"},{"floor":28,"key":"SpeedPotion"},{"floor":48,"key":"BlessingOfTheForge"}],"is_trial":false,"path_per_floor":["M","M","?","?","?","R","E","M","T","M","M","M","?","E","R","B",null,"M","$","?","M","$","M","R","E","T","?","M","M","M","M","R","B",null,"M","$","?","$","M","E","M","E","T","R","T","R","E","M","R","B",null],"character_chosen":"THE_DEFAULT","items_purchased":["Circlet","hexamod:BolsterEngine","Violence","dioMod:Pluck","reliquary:BrokenClock","dioMod:DaggerToss","Membership Card","Gremlin Horn","Circlet","Bag of Preparation","dioMod:SlashThroughTime+1","dioMod:SecretPlan","dioMod:CutDeep","dioMod:LaserVision","Secret Weapon","Vajra","champ:DuelingGlove","hubris:HerbalPaste","dioMod:SecretPlan","dioMod:StreetSign","DistilledChaos","dioMod:BloodTransfusion"],"campfire_rested":5,"item_purchase_floors":[19,19,19,19,19,19,22,22,36,36,36,36,36,36,36,38,38,38,38,38,38,38],"current_hp_per_floor":[74,75,81,81,87,87,84,85,91,93,89,82,88,78,84,21,129,106,121,142,144,150,150,150,134,140,140,140,140,140,140,156,102,167,161,167,167,167,167,167,157,160,166,173,179,179,170,170,179,183],"gold":745,"neow_bonus":"","is_daily":true,"chose_seed":false,"campfire_upgraded":0,"win_rate":0.0,"timestamp":1613355178,"path_taken":["M","M","?","?","?","R","E","M","T","M","?","?","?","E","R","BOSS","M","$","?","M","$","M","R","E","T","?","M","?","M","M","R","BOSS","M","$","?","$","M","E","M","E","T","R","?","R","E","M","R","BOSS"],"items_purchased_type":["Undefined","Relic","Card","Card","Relic","Card","Relic","Relic","Undefined","Relic","Card","Card","Card","Card","Card","Relic","Relic","Relic","Card","Card","Potion","Card"],"build_version":"2020-12-22","purchased_purges":1,"victory":true,"max_hp_per_floor":[75,75,81,81,87,87,87,87,93,93,93,93,99,99,105,111,129,129,129,150,150,150,150,150,150,156,156,156,156,156,156,156,162,167,167,167,167,167,167,167,167,167,173,173,179,179,179,179,179,185],"card_choices":[{"not_picked":["Swift Strike","dioMod:CoffinBath"],"picked":"animator:Zero","floor":1.0},{"not_picked":["dioMod:TripleThreat","dioMod:Roundabout"],"picked":"dioMod:LaserVision","floor":2.0},{"not_picked":["dioMod:StreetSign","dioMod:HeavyLifting"],"picked":"animator:MisakiNakahara","floor":7.0},{"not_picked":["dioMod:HeavyLifting","dioMod:LaserVision"],"picked":"animator:Urushihara","floor":8.0},{"not_picked":["DemoMod:Deposit","animator:Cirno"],"picked":"dioMod:SecretPlan","floor":10.0},{"not_picked":["Discovery","dioMod:Donut"],"picked":"dioMod:DominatingPresence","floor":11.0},{"not_picked":["Good Instincts","dioMod:BloodShield"],"picked":"animator:MamizouFutatsuiwa","floor":12.0},{"not_picked":["animator:Cirno","dioMod:BloodSplash"],"picked":"dioMod:Pluck","floor":14.0},{"not_picked":["Mayhem","dioMod:KonoDioDa"],"picked":"Master of Strategy","floor":16.0},{"not_picked":["hubris:Lust","hubris:Gluttony"],"picked":"ReplayTheSpireMod:Restless Dread","floor":17},{"not_picked":["Replay:Sluggish","downfall:Bewildered"],"picked":"hubris:Disease","floor":17},{"not_picked":["Replay:Hysterical Blindness","Languid"],"picked":"CommonCold","floor":17},{"not_picked":["dioMod:BloodShield","dioMod:Muda"],"picked":"dioMod:TripleThreat","floor":18},{"not_picked":["Enlightenment","Survey Options"],"picked":"dioMod:TripleThreat","floor":21},{"not_picked":["dioMod:HeavyLifting+1","dioMod:Roundabout"],"picked":"dioMod:Muda+1","floor":23},{"not_picked":["Swift Strike","Blind"],"picked":"dioMod:StreetSign","floor":25},{"not_picked":["dioMod:Muda+1","dioMod:SecretPlan+1","dioMod:Diversion"],"picked":"dioMod:SevenPageMuda","floor":28},{"not_picked":["dioMod:HeavyLifting","dioMod:Hiss","dioMod:Roundabout"],"picked":"dioMod:StreetSign","floor":29},{"not_picked":["dioMod:ComposedMuda+1","dioMod:CutDeep","dioMod:LaserVision"],"picked":"Violence","floor":30},{"not_picked":["dioMod:Hiss","dioMod:ComposedMuda","dioMod:StreetSign"],"picked":"dioMod:TripleThreat","floor":31},{"not_picked":["Violence","Thinking Ahead","dioMod:KonoDioDa"],"picked":"dioMod:SevenPageMuda","floor":33},{"not_picked":["ReplayTheSpireMod:Trickstab","dioMod:BloodSplash+1","dioMod:DisarmingVoice"],"picked":"dioMod:Muda+1","floor":34},{"not_picked":["dioMod:Freeze+1","dioMod:BloodShield+1","dioMod:SecretPlan+1"],"picked":"dioMod:ComposedMuda+1","floor":35},{"not_picked":["dioMod:BloodSplash","dioMod:Muda","dioMod:DaggerSpree"],"picked":"dioMod:DaggerToss","floor":37},{"not_picked":["dioMod:CautiousMuda","Bandage Up+1","Blind+1"],"picked":"dioMod:DarkRebirth+1","floor":39},{"not_picked":["dioMod:WRYYY","Purity+1","dioMod:BlendIn+1"],"picked":"dioMod:BloodSuck+1","floor":40},{"not_picked":["dioMod:Donut","dioMod:GoodbyeJojo+1","hubris:Ssssneak","dioMod:BlendIn+1"],"picked":"SKIP","floor":41},{"not_picked":["Thinking Ahead","Poisoned Strike","dioMod:CoffinBath"],"picked":"dioMod:LaserVision+1","floor":42},{"not_picked":["dioMod:BloodShield","dioMod:WRYYY","Metamorphosis"],"picked":"dioMod:Minions+1","floor":47},{"not_picked":["dioMod:Roundabout","dioMod:StreetSign+1","dioMod:VengefulMuda"],"picked":"dioMod:DaggerToss+1","floor":48}],"player_experience":344313,"relics_obtained":[{"floor":3.0,"key":"Ring of Fury"},{"floor":3.0,"key":"Ring of Peace"},{"floor":7.0,"key":"MealTicket"},{"floor":9.0,"key":"Golden Egg"},{"floor":14.0,"key":"DemoMod:DecoyRelic"},{"floor":25,"key":"Question Card"},{"floor":26,"key":"Circlet"},{"floor":37,"key":"Old Coin"},{"floor":40,"key":"Replay:Towering Pillar of Hats"},{"floor":42,"key":"Gremlin Food"},{"floor":43,"key":"reliquary:Buckler"},{"floor":45,"key":"ReplayTheSpireMod:Lightbulb"},{"floor":47,"key":"Pocketwatch"}],"event_choices":[{"damage_healed":0.0,"max_hp_gain":0.0,"max_hp_loss":0.0,"gold_gain":0.0,"event_name":"Living Wall","player_choice":"Grow","floor":4.0,"gold_loss":0.0,"damage_taken":0.0,"cards_upgraded":["dioMod:LaserVision"]},{"damage_healed":0.0,"max_hp_gain":0.0,"max_hp_loss":0.0,"gold_gain":0.0,"event_name":"Plague Doctor","player_choice":"Obtain Plague Curse","floor":5.0,"gold_loss":0.0,"damage_taken":0.0,"cards_obtained":["theForsaken:PlagueCurse"]},{"damage_healed":0.0,"max_hp_gain":0.0,"max_hp_loss":0.0,"gold_gain":275.0,"event_name":"Golden Shrine","player_choice":"Desecrate","floor":13.0,"gold_loss":0.0,"damage_taken":0.0,"cards_obtained":["Regret"]},{"damage_healed":0.0,"max_hp_gain":0.0,"max_hp_loss":0.0,"gold_gain":0.0,"cards_transformed":["theForsaken:PlagueCurse"],"event_name":"Transmorgrifier","player_choice":"Transformed","floor":15.0,"gold_loss":0.0,"damage_taken":0.0,"cards_obtained":["SwitchConfidence"]},{"cards_removed":["Madness"],"damage_healed":0,"gold_gain":0,"player_choice":"Purged","damage_taken":0,"max_hp_gain":0,"max_hp_loss":0,"event_name":"Purifier","floor":27,"gold_loss":0},{"damage_healed":0,"gold_gain":0,"player_choice":"Fight","damage_taken":0,"max_hp_gain":0,"max_hp_loss":0,"event_name":"Mysterious Sphere","floor":37,"gold_loss":0}],"is_beta":false,"boss_relics":[{"not_picked":["Astrolabe","Painkiller Herb"],"picked":"Replay:Ancient Bell"},{"not_picked":["Akabeko","Art of War"],"picked":"Bag of Marbles"},{"not_picked":["hubris:DeckOfHolding","HornCleat"],"picked":"Circlet"},{"not_picked":["Gambling Chip","FossilizedHelix"],"picked":"Circlet"},{"not_picked":["Runic Pyramid","hubris:HollowSoul"],"picked":"Tiny House"}],"items_purged_floors":[38],"is_endless":false,"potions_floor_spawned":[1,2,8,11,21,25,28,30,31,37,42,48],"ascension_level":0}}