{"host":"v9duy90nce28uent","time":1613409091,"event":{"mods":["BaseMod","Colored Map","Colored Powertips","Conspire","Downfall","Hermit","Highlight Path","Hubris","Infinite Spire","Jorbs\u0027s Wanderer Trilogy","Minty Spire (QoL Compilation)","Quick Restart","Rare Cards Sparkle","Replay The Spire","StSLib","The Cursed","The Disciple","The Hierophant","The Jungle","The Runesmith","slay the spire mod where everything is the same but ironclad has a cowboy hat"],"gold_per_floor":[111,131,81,81,6,41,55,70,70,100,100,175,191,209,209,312,312,327,27,37,52,66,66,77,77,101,113,130,140,151,169,169,273,273,283,9,23,36,55,55,75,75,75,75,92,107,107,125,125,125],"floor_reached":51,"language":"ENG","playtime":12113,"items_purged":["stsjorbsmod:Strike_Wanderer","stsjorbsmod:Defend_Wanderer","stsjorbsmod:Aid+1"],"score":715,"play_id":"71b4f585-158a-4245-9648-d8977c23f12f","local_time":"20210215121131","is_ascension_mode":false,"campfire_choices":[{"data":"stsjorbsmod:TinyHut","floor":11.0,"key":"SMITH"},{"data":"stsjorbsmod:Defend_Wanderer","floor":15.0,"key":"PURGE"},{"data":"stsjorbsmod:WeightOfMemory","floor":23,"key":"SMITH"},{"data":"stsjorbsmod:MagicMissiles","floor":32,"key":"SMITH"},{"data":"stsjorbsmod:ThirstingSword","floor":40,"key":"SMITH"},{"data":"stsjorbsmod:MistyStep","floor":42,"key":"SMITH"},{"data":"stsjorbsmod:SiphonEnergy","floor":47,"key":"SMITH"},{"data":"stsjorbsmod:Firebolt","floor":49,"key":"SMITH"}],"circlet_count":0,"master_deck":["stsjorbsmod:ForbiddenGrimoire+1","stsjorbsmod:Strike_Wanderer","stsjorbsmod:Strike_Wanderer","stsjorbsmod:Strike_Wanderer+1","stsjorbsmod:Defend_Wanderer","stsjorbsmod:FreshAdventure","stsjorbsmod:EyeOfTheStorm","stsjorbsmod:FranticSearch+1","stsjorbsmod:HedgeWizard","stsjorbsmod:Introspection","stsjorbsmod:Message+1","stsjorbsmod:TinyHut+1","stsjorbsmod:SmithingStrike","stsjorbsmod:UnseenServant","stsjorbsmod:SiphonEnergy+1","stsjorbsmod:WeightOfMemory+1","stsjorbsmod:MageArmor","stsjorbsmod:MageArmor","stsjorbsmod:Firebolt+1","stsjorbsmod:Prestidigitation","stsjorbsmod:TrueStrike+1","stsjorbsmod:WeightOfMemory+1","stsjorbsmod:Firebolt+1","stsjorbsmod:MistyStep+1","stsjorbsmod:WeightOfMemory","stsjorbsmod:MagicMissiles+1","stsjorbsmod:FranticSearch+1","stsjorbsmod:ThirstingSword+1","stsjorbsmod:Counterspell","stsjorbsmod:Thorns+1","stsjorbsmod:Firebolt","stsjorbsmod:WeightOfMemory","stsjorbsmod:UnseenServant+1","stsjorbsmod:FindFamiliar+1","stsjorbsmod:SmithingStrike+1","Parasite","stsjorbsmod:SiphonEnergy+1","stsjorbsmod:ScorchingRay","stsjorbsmod:Thorns+1","stsjorbsmod:Prepare+1"],"relics":["stsjorbsmod:GrimoireRelic","Replay:Ringing Soul","Replay:Bottled Flurry","Honey Jar","Bag of Preparation","Vajra","Replay:Bronze Core","Anchor"],"acts_visited":["Exordium","TheCity","TheBeyond"],"potions_floor_usage":[50,50,50,50],"damage_taken":[{"damage":0.0,"enemies":"Small Slimes","floor":1.0,"turns":3.0},{"damage":2.0,"enemies":"Jaw Worm","floor":2.0,"turns":3.0},{"damage":23.0,"enemies":"Gremlin Nob","floor":6.0,"turns":4.0},{"damage":2.0,"enemies":"Cultist","floor":7.0,"turns":3.0},{"damage":4.0,"enemies":"Looter","floor":8.0,"turns":3.0},{"damage":5.0,"enemies":"Exordium Thugs","floor":10.0,"turns":3.0},{"damage":0.0,"enemies":"Gremlin Gang","floor":13.0,"turns":2.0},{"damage":1.0,"enemies":"Exordium Wildlife","floor":14.0,"turns":3.0},{"damage":59.0,"enemies":"Fading Forest","floor":16.0,"turns":11.0},{"damage":3,"enemies":"Spheric Guardian","floor":18,"turns":4},{"damage":0,"enemies":"conspire:FuzzyDice","floor":20,"turns":4},{"damage":26,"enemies":"Shelled Parasite and Fungi","floor":21,"turns":4},{"damage":6,"enemies":"Cultist and Chosen","floor":22,"turns":4},{"damage":3,"enemies":"Sentry and Sphere","floor":24,"turns":4},{"damage":8,"enemies":"conspire:HollyBat","floor":27,"turns":5},{"damage":14,"enemies":"Centurion and Healer","floor":28,"turns":4},{"damage":5,"enemies":"Snecko","floor":29,"turns":3},{"damage":2,"enemies":"Chosen and Byrds","floor":30,"turns":3},{"damage":7,"enemies":"Centurion and Healer","floor":31,"turns":5},{"damage":11,"enemies":"Champ","floor":33,"turns":6},{"damage":5,"enemies":"3 Shapes","floor":35,"turns":2},{"damage":11,"enemies":"3 Darklings","floor":37,"turns":2},{"damage":16,"enemies":"Maw","floor":38,"turns":5},{"damage":13,"enemies":"Spire Growth","floor":39,"turns":3},{"damage":13,"enemies":"Writhing Mass","floor":41,"turns":4},{"damage":1,"enemies":"Transient","floor":45,"turns":5},{"damage":0,"enemies":"4 Shapes","floor":46,"turns":3},{"damage":26,"enemies":"Spire Growth","floor":48,"turns":4},{"damage":27,"enemies":"conspire:OrnateMirror","floor":50,"turns":5}],"seed_played":"3751999532115312503","potions_obtained":[{"floor":6.0,"key":"Explosive Potion"},{"floor":10.0,"key":"PowerPotion"},{"floor":13.0,"key":"Adrenaline Potion"},{"floor":16.0,"key":"Energy Potion"},{"floor":18,"key":"stsjorbsmod:BurningPotion"},{"floor":27,"key":"LiquidMemories"},{"floor":28,"key":"stsjorbsmod:BurningPotion"},{"floor":29,"key":"GamblersBrew"},{"floor":37,"key":"hexamod:SoulburnPotion"},{"floor":38,"key":"Explosive Potion"},{"floor":41,"key":"DuplicationPotion"},{"floor":45,"key":"BlessingOfTheForge"}],"is_trial":false,"path_per_floor":["M","M","?","?","$","E","M","M","T","M","R","?","M","M","R_BF","B",null,"M","$","M","M","M","R","M","?","T","M","M","M","M","M","R","B",null,"M","$","M","M","M","R","M","R","T","?","M","M","R","M","R","B",null],"character_chosen":"WANDERER","items_purchased":["stsjorbsmod:MageArmor","Bag of Preparation","stsjorbsmod:Thorns+1","stsjorbsmod:Firebolt","stsjorbsmod:WeightOfMemory"],"campfire_rested":0,"item_purchase_floors":[19,19,36,36,36],"current_hp_per_floor":[74,74,74,74,74,57,59,60,60,61,61,53,58,63,63,17,95,98,101,104,86,86,86,90,93,93,93,90,92,95,95,95,93,138,139,142,137,129,125,125,131,131,131,131,154,154,154,142,142,123],"gold":125,"neow_bonus":"TEN_PERCENT_HP_BONUS","is_daily":false,"chose_seed":false,"campfire_upgraded":7,"win_rate":0.0,"timestamp":1613409091,"path_taken":["M","M","?","?","$","E","M","M","T","M","R","?","M","M","R_BF","BOSS","M","$","?","M","M","R","M","?","T","M","M","M","?","M","R","BOSS","M","$","M","M","M","R","?","R","T","?","M","M","R","M","R","BOSS"],"items_purchased_type":["Card","Relic","Card","Card","Card"],"build_version":"2020-12-22","purchased_purges":3,"victory":true,"max_hp_per_floor":[74,74,74,74,74,77,80,83,83,86,86,86,89,92,92,95,95,98,101,104,107,110,110,113,116,116,119,126,129,132,135,135,138,138,141,144,147,150,153,153,154,154,154,154,155,154,154,159,159,159],"card_choices":[{"not_picked":["stsjorbsmod:BlackTentacles","stsjorbsmod:ParryingBlow"],"picked":"stsjorbsmod:FranticSearch","floor":1.0},{"not_picked":["stsjorbsmod:MageArmor","stsjorbsmod:Prepare"],"picked":"stsjorbsmod:HedgeWizard","floor":2.0},{"not_picked":["stsjorbsmod:ScorchingRay","stsjorbsmod:Mending"],"picked":"stsjorbsmod:Introspection","floor":6.0},{"not_picked":["stsjorbsmod:Hibernate","stsjorbsmod:RayOfFrost"],"picked":"stsjorbsmod:Message","floor":7.0},{"not_picked":["stsjorbsmod:WeightOfMemory","stsjorbsmod:WanderingMind"],"picked":"stsjorbsmod:Aid","floor":8.0},{"not_picked":["stsjorbsmod:Prestidigitation","stsjorbsmod:AnimateObjects"],"picked":"stsjorbsmod:TinyHut","floor":10.0},{"not_picked":["stsjorbsmod:Hibernate","stsjorbsmod:ParryingBlow"],"picked":"stsjorbsmod:SmithingStrike","floor":13.0},{"not_picked":["stsjorbsmod:Feast","stsjorbsmod:WeightOfMemory"],"picked":"stsjorbsmod:UnseenServant","floor":14.0},{"not_picked":["stsjorbsmod:GatherPower","stsjorbsmod:Determination"],"picked":"stsjorbsmod:SiphonEnergy","floor":16.0},{"not_picked":["stsjorbsmod:Counterspell","stsjorbsmod:Prestidigitation","stsjorbsmod:Hurt"],"picked":"stsjorbsmod:WeightOfMemory","floor":18},{"not_picked":["stsjorbsmod:ScorchingRay+1","stsjorbsmod:Stalwart","stsjorbsmod:Prepare"],"picked":"stsjorbsmod:Firebolt+1","floor":20},{"not_picked":["stsjorbsmod:Hibernate","stsjorbsmod:BlackTentacles","stsjorbsmod:ChatteringStrike"],"picked":"stsjorbsmod:Prestidigitation","floor":21},{"not_picked":["stsjorbsmod:DeathThroes","stsjorbsmod:Index","stsjorbsmod:DisguiseSelf"],"picked":"stsjorbsmod:TrueStrike+1","floor":22},{"not_picked":["stsjorbsmod:Mending+1","stsjorbsmod:WeightOfMemory+1","stsjorbsmod:MagicMirror"],"picked":"stsjorbsmod:RefuseToForget","floor":24},{"not_picked":["stsjorbsmod:UnseenServant","stsjorbsmod:TollTheDead","stsjorbsmod:Prestidigitation+1"],"picked":"stsjorbsmod:Firebolt","floor":27},{"not_picked":["stsjorbsmod:Hurt","stsjorbsmod:Stalwart","stsjorbsmod:Prepare"],"picked":"stsjorbsmod:MistyStep","floor":28},{"not_picked":["stsjorbsmod:Materialize","stsjorbsmod:Rest","stsjorbsmod:RayOfFrost"],"picked":"stsjorbsmod:WeightOfMemory","floor":29},{"not_picked":["stsjorbsmod:Channel+1","stsjorbsmod:TollTheDead+1","stsjorbsmod:WeightOfMemory"],"picked":"stsjorbsmod:MagicMissiles","floor":30},{"not_picked":["stsjorbsmod:Index","stsjorbsmod:Channel","stsjorbsmod:Aid"],"picked":"stsjorbsmod:FranticSearch+1","floor":31},{"not_picked":["stsjorbsmod:IvoryTower","stsjorbsmod:Trauma","stsjorbsmod:CorrodingBarrier"],"picked":"stsjorbsmod:ThirstingSword","floor":33},{"not_picked":["stsjorbsmod:BookOfTongues","stsjorbsmod:Index","stsjorbsmod:Prepare+1"],"picked":"stsjorbsmod:Counterspell","floor":35},{"not_picked":["stsjorbsmod:Rest","stsjorbsmod:Aid+1","stsjorbsmod:BookOfTongues"],"picked":"stsjorbsmod:UnseenServant+1","floor":37},{"not_picked":["stsjorbsmod:ArcaneWeapon","stsjorbsmod:Will+1","stsjorbsmod:Aid"],"picked":"stsjorbsmod:FindFamiliar+1","floor":38},{"not_picked":["stsjorbsmod:MagicMirror+1","stsjorbsmod:ChatteringStrike+1","stsjorbsmod:SchoolsOfMagic+1"],"picked":"stsjorbsmod:SmithingStrike+1","floor":39},{"not_picked":["stsjorbsmod:Mending","stsjorbsmod:DisguiseSelf+1","stsjorbsmod:HedgeWizard"],"picked":"stsjorbsmod:SiphonEnergy","floor":41},{"not_picked":["stsjorbsmod:FindFamiliar","stsjorbsmod:TrueStrike","stsjorbsmod:LoseGrip+1"],"picked":"stsjorbsmod:ScorchingRay","floor":45},{"not_picked":["stsjorbsmod:TinyHut","stsjorbsmod:TrueStrike+1","stsjorbsmod:ChatteringStrike+1"],"picked":"stsjorbsmod:Thorns+1","floor":46},{"not_picked":["stsjorbsmod:FracturedMind","stsjorbsmod:Materialize","stsjorbsmod:BlackTentacles+1"],"picked":"stsjorbsmod:Prepare+1","floor":48}],"player_experience":114569,"relics_obtained":[{"floor":6.0,"key":"Replay:Ringing Soul"},{"floor":9.0,"key":"Replay:Bottled Flurry"},{"floor":26,"key":"Vajra"},{"floor":43,"key":"Anchor"}],"event_choices":[{"cards_removed":["stsjorbsmod:Defend_Wanderer"],"damage_healed":0.0,"max_hp_gain":0.0,"max_hp_loss":0.0,"gold_gain":0.0,"event_name":"The Cleric","player_choice":"Card Removal","floor":3.0,"gold_loss":50.0,"damage_taken":0.0},{"damage_healed":0.0,"max_hp_gain":0.0,"max_hp_loss":0.0,"gold_gain":75.0,"event_name":"FaceTrader","player_choice":"Touch","floor":12.0,"gold_loss":0.0,"damage_taken":8.0},{"damage_healed":0,"gold_gain":0,"player_choice":"Copied","damage_taken":0,"max_hp_gain":0,"max_hp_loss":0,"event_name":"Duplicator","floor":25,"gold_loss":0,"cards_obtained":["stsjorbsmod:WeightOfMemory"]},{"cards_removed":["stsjorbsmod:RefuseToForget"],"damage_healed":0,"gold_gain":0,"player_choice":"Removed Skill","damage_taken":0,"max_hp_gain":0,"max_hp_loss":0,"event_name":"Falling","floor":44,"gold_loss":0}],"is_beta":false,"boss_relics":[{"not_picked":["ReplayTheSpireMod:DimensionalGlitch","Painkiller Herb"],"picked":"Honey Jar"},{"not_picked":["Snecko Eye","conspire:SeveredTorchhead"],"picked":"Replay:Bronze Core"}],"items_purged_floors":[5,19,36],"is_endless":false,"potions_floor_spawned":[6,10,13,16,18,27,28,29,37,38,41,45],"ascension_level":0}}