{"host":"4rvakrj1idbgia3f","time":1613365473,"event":{"mods":["BaseMod","Colored Map","Colored Powertips","DeckTracker","Highlight Path","Minty Spire (QoL Compilation)","Random Character Button","StSLib"],"gold_per_floor":[113,38,38,38,38,74,74,108,108,121,142,142,185,213,213,213,213],"floor_reached":16,"language":"JPN","playtime":384,"items_purged":[],"score":336,"play_id":"03d4143f-4218-442b-89e3-e114aa3b2917","local_time":"20210215140433","is_ascension_mode":true,"campfire_choices":[{"data":"Blade Dance","floor":7,"key":"SMITH"},{"data":"Blade Dance","floor":12,"key":"SMITH"},{"data":"Crippling Poison","floor":15,"key":"SMITH"}],"circlet_count":0,"master_deck":["AscendersBane","Strike_G","Strike_G","Strike_G","Strike_G+1","Strike_G","Defend_G","Defend_G","Defend_G","Defend_G","Survivor","Neutralize","Blade Dance+1","Footwork","Dagger Throw+1","Blade Dance+1","PiercingWail","Crippling Poison+1"],"relics":["Ring of the Snake","NeowsBlessing","CeramicFish","Blue Candle","Darkstone Periapt","Whetstone"],"acts_visited":["Exordium"],"potions_floor_usage":[8,13,16],"damage_taken":[{"damage":0,"enemies":"Small Slimes","floor":1,"turns":1},{"damage":0,"enemies":"3 Sentries","floor":6,"turns":1},{"damage":0,"enemies":"Gremlin Nob","floor":8,"turns":1},{"damage":2,"enemies":"Jaw Worm","floor":10,"turns":4},{"damage":5,"enemies":"2 Louse","floor":11,"turns":3},{"damage":9,"enemies":"3 Sentries","floor":13,"turns":6},{"damage":2,"enemies":"Blue Slaver","floor":14,"turns":4},{"damage":50,"enemies":"Slime Boss","floor":16,"turns":7}],"seed_played":"-6368599584929492625","potions_obtained":[{"floor":8,"key":"Fruit Juice"},{"floor":11,"key":"AttackPotion"},{"floor":14,"key":"ColorlessPotion"}],"is_trial":false,"path_per_floor":["M","?","?","$","?","E","R","E","T","M","M","R","E","M","R","B"],"character_chosen":"THE_SILENT","items_purchased":[],"campfire_rested":0,"item_purchase_floors":[],"current_hp_per_floor":[59,59,59,59,59,59,59,64,64,62,57,57,48,46,46,0,0],"gold":213,"neow_bonus":"THREE_ENEMY_KILL","is_daily":false,"chose_seed":false,"campfire_upgraded":3,"win_rate":0.0,"timestamp":1613365473,"path_taken":["M","?","?","$","?","E","R","E","T","M","M","R","E","M","R","BOSS"],"items_purchased_type":[],"build_version":"2020-12-22","purchased_purges":0,"victory":false,"max_hp_per_floor":[66,66,66,66,66,66,66,71,71,71,71,71,71,71,71,71,71],"card_choices":[{"not_picked":["Quick Slash","Slice"],"picked":"Blade Dance","floor":1},{"not_picked":["Dodge and Roll","Quick Slash"],"picked":"Footwork","floor":6},{"not_picked":["Quick Slash","Acrobatics"],"picked":"Dagger Throw","floor":8},{"not_picked":["Underhanded Strike","Caltrops","Grand Finale"],"picked":"SKIP","floor":10},{"not_picked":["Underhanded Strike","Prepared"],"picked":"Blade Dance","floor":11},{"not_picked":["Deadly Poison","Heel Hook"],"picked":"PiercingWail","floor":13},{"not_picked":["Cloak And Dagger","Sucker Punch"],"picked":"Crippling Poison","floor":14}],"player_experience":2387738,"relics_obtained":[{"floor":6,"key":"CeramicFish"},{"floor":8,"key":"Blue Candle"},{"floor":9,"key":"Darkstone Periapt"},{"floor":13,"key":"Whetstone"}],"event_choices":[{"cards_removed":["Defend_G"],"damage_healed":0,"gold_gain":0,"player_choice":"Card Removal","damage_taken":0,"max_hp_gain":0,"max_hp_loss":0,"event_name":"The Cleric","floor":2,"gold_loss":75},{"damage_healed":0,"gold_gain":0,"player_choice":"Ignored","damage_taken":0,"max_hp_gain":0,"max_hp_loss":0,"event_name":"Shining Light","floor":3,"gold_loss":0},{"damage_healed":0,"gold_gain":0,"player_choice":"Ignored","damage_taken":0,"max_hp_gain":0,"max_hp_loss":0,"event_name":"Liars Game","floor":5,"gold_loss":0}],"is_beta":false,"boss_relics":[],"items_purged_floors":[],"is_endless":false,"potions_floor_spawned":[8,11,14],"killed_by":"Slime Boss","ascension_level":20}}