{"host":"y4mx56vxqys6xwyn","time":1613362670,"event":{"mods":["BaseMod","Hermit","Minty Spire (QoL Compilation)","StSLib"],"gold_per_floor":[119,119,136,149,165,198,198,217,290,290,303,237,257,274,274,369,369,382,42,53,63,78,78,78],"floor_reached":23,"language":"ENG","playtime":1782,"items_purged":["Clumsy"],"score":199,"play_id":"fed0422d-67d7-4440-8f60-b8cf3cdd66f8","local_time":"20210214221750","is_ascension_mode":false,"campfire_choices":[{"floor":7,"key":"REST"},{"data":"Crippling Poison","floor":10,"key":"SMITH"},{"floor":15,"key":"REST"}],"circlet_count":0,"master_deck":["Strike_G","Strike_G","Strike_G","Strike_G","Strike_G","Defend_G","Defend_G","Defend_G","Defend_G","Defend_G","Survivor","Neutralize","Mayhem","Infinite Blades","Crippling Poison+1","Distraction","Outmaneuver","Predator","Noxious Fumes","Blade Dance","Distraction","PiercingWail","Bullet Time","Bane","Terror","Mayhem","Jack Of All Trades","Terror"],"relics":["Ring of the Snake","Shuriken","Sundial","Pocketwatch","Busted Crown","DollysMirror"],"acts_visited":["Exordium","TheCity"],"potions_floor_usage":[11,14,14,23],"damage_taken":[{"damage":7,"enemies":"Jaw Worm","floor":1,"turns":6},{"damage":0,"enemies":"Cultist","floor":3,"turns":5},{"damage":1,"enemies":"2 Louse","floor":4,"turns":4},{"damage":17,"enemies":"Gremlin Gang","floor":5,"turns":7},{"damage":34,"enemies":"Lagavulin","floor":6,"turns":7},{"damage":5,"enemies":"3 Louse","floor":8,"turns":4},{"damage":5,"enemies":"Red Slaver","floor":11,"turns":4},{"damage":9,"enemies":"Blue Slaver","floor":13,"turns":4},{"damage":7,"enemies":"Exordium Wildlife","floor":14,"turns":5},{"damage":30,"enemies":"The Guardian","floor":16,"turns":9},{"damage":10,"enemies":"Shell Parasite","floor":18,"turns":6},{"damage":9,"enemies":"3 Byrds","floor":20,"turns":4},{"damage":21,"enemies":"Snecko","floor":21,"turns":5},{"damage":21,"enemies":"Centurion and Healer","floor":22,"turns":6},{"damage":12,"enemies":"Book of Stabbing","floor":23,"turns":2}],"seed_played":"5324347490266312177","potions_obtained":[{"floor":1,"key":"FairyPotion"},{"floor":5,"key":"Block Potion"},{"floor":8,"key":"CultistPotion"},{"floor":13,"key":"SpeedPotion"},{"floor":16,"key":"BlessingOfTheForge"}],"is_trial":false,"path_per_floor":["M","?","M","M","M","E","R","M","T","R","M","?","M","M","R","B",null,"M","$","M","M","M","E"],"character_chosen":"THE_SILENT","items_purchased":["Terror","DollysMirror","Jack Of All Trades"],"campfire_rested":2,"item_purchase_floors":[19,19,19],"current_hp_per_floor":[63,63,63,62,45,11,32,27,27,27,22,22,13,6,27,21,70,60,60,51,30,9,0,0],"gold":78,"neow_bonus":"RANDOM_COLORLESS_2","is_daily":false,"chose_seed":false,"campfire_upgraded":1,"win_rate":0.0,"timestamp":1613362670,"path_taken":["M","?","?","M","M","E","R","M","T","R","M","?","M","M","R","BOSS","M","$","M","?","M","E"],"items_purchased_type":["Card","Relic","Card"],"build_version":"2020-12-22","purchased_purges":1,"victory":false,"max_hp_per_floor":[70,70,70,70,70,70,70,70,70,70,70,70,70,70,70,70,70,70,70,70,70,70,70,70],"card_choices":[{"not_picked":["Chrysalis","Violence"],"picked":"Mayhem","floor":0},{"not_picked":["Slice","Acrobatics"],"picked":"Infinite Blades","floor":1},{"not_picked":["Sucker Punch","All Out Attack"],"picked":"Crippling Poison","floor":3},{"not_picked":["Blade Dance","Bane"],"picked":"Distraction","floor":4},{"not_picked":["Dagger Spray","Finisher"],"picked":"Outmaneuver","floor":5},{"not_picked":["PiercingWail","Leg Sweep"],"picked":"Predator","floor":6},{"not_picked":["Riddle With Holes","Glass Knife"],"picked":"Noxious Fumes","floor":8},{"not_picked":["Dagger Throw","Bane"],"picked":"Blade Dance","floor":11},{"not_picked":["Dagger Throw","Sucker Punch"],"picked":"Distraction","floor":13},{"not_picked":["Terror","Slice"],"picked":"PiercingWail","floor":14},{"not_picked":["Burst","Venomology"],"picked":"Bullet Time","floor":16},{"not_picked":[],"picked":"Bane","floor":18},{"not_picked":["Sucker Punch"],"picked":"SKIP","floor":20},{"not_picked":["Dagger Spray"],"picked":"SKIP","floor":21},{"not_picked":[],"picked":"Terror","floor":22}],"player_experience":51064,"relics_obtained":[{"floor":6,"key":"Shuriken"},{"floor":9,"key":"Sundial"}],"event_choices":[{"damage_healed":0,"gold_gain":0,"cards_transformed":["Decay"],"player_choice":"Transformed","damage_taken":0,"max_hp_gain":0,"max_hp_loss":0,"event_name":"Transmorgrifier","floor":2,"gold_loss":0,"cards_obtained":["Clumsy"]},{"damage_healed":0,"gold_gain":0,"player_choice":"Paid Gold","damage_taken":0,"relics_obtained":["Pocketwatch"],"max_hp_gain":0,"max_hp_loss":0,"event_name":"WeMeetAgain","floor":12,"gold_loss":66}],"is_beta":false,"boss_relics":[{"not_picked":["Cursed Key","Coffee Dripper"],"picked":"Busted Crown"}],"items_purged_floors":[19],"is_endless":false,"potions_floor_spawned":[1,5,8,13,16],"killed_by":"Book of Stabbing","ascension_level":0}}