{"host":"r9uivonio18rfam2","time":1613355971,"event":{"mods":["2.2 Compatiblity","AchievementEnabler","Act Like it!","Aspiration","BaseMod","Beaked The Cultist","Better Altar","Better Match","Better Note","Better Sensory Stone","Better Skull","Better Third Choice","BetterRewards","Challenge The Spire","Colored Map","Colored Powertips","Conspire","Downfall","Elementarium","Energized Spire","Hermit","Infinite Spire","Jedi Mod","Minty Spire (QoL Compilation)","Permanent Neow","Potionbrewer","Quick Restart","Reliquary","Replay The Spire","Shop Mod","Spicy Shops","Spikes Relics","StSLib","The Blue Laboratory","The Jungle","Wandering Minibosses"],"gold_per_floor":[118,131,131,149,160,191,211,161,185,185,185,215,226,259,259,361,361,371,371,707,94,105,105,130,130,154,184,184,216,233,256,256,351,351,364,378,394,412,412,412,443,459,459,491,510,527,634,647,647,647,647,647,16,49,49],"floor_reached":56,"language":"ENG","playtime":3359,"items_purged":["Strike_B","Strike_B","Dualcast","Zap"],"score":1680,"play_id":"772a574c-cf0a-4344-9819-ebd700a0103a","local_time":"20210214212611","is_ascension_mode":true,"campfire_choices":[{"data":"Buffer","floor":11,"key":"SMITH"},{"floor":15,"key":"DIG"},{"data":"ReplayTheSpireMod:Omega Cannon","floor":23,"key":"SMITH"},{"data":"ReplayUltimateDefense","floor":32,"key":"SMITH"},{"data":"Machine Learning","floor":40,"key":"SMITH"},{"floor":49,"key":"RECALL"},{"data":"Capacitor","floor":52,"key":"SMITH"}],"circlet_count":0,"master_deck":["Defend_B+1","Defend_B+1","Defend_B+1","Defend_B+1","jedi:forcepull","Cold Snap","Feel No Pain+1","Static Discharge","Buffer+1","jedi:hex","Chill","Defragment","jedi:BurstDark","BlessedFruit+1","BlessedFruit","ReplayTheSpireMod:Omega Cannon+1","Doom and Gloom","ReplayUltimateDefense+1","Sharp Hide+1","Biased Cognition","Double Energy+1","infinitespire:Collect","Conserve Battery+1","Machine Learning+1","Multi-Cast","ReplayTheSpireMod:Reroute Power","Capacitor+1","Loop+1","Mayhem"],"relics":["Cracked Core","Snack Pack","Happy Flower","Replay:Bottled Eggs","HeavenlyBonsai","aspiration:RandomNobGenerator","Old Coin","infinitespire:EmpoweringShard","Centennial Puzzle","Geode","theJungle:WildMango","War Paint","Potion Belt","OrangePellets","potionbrewer:Torch","Oddly Smooth Stone","Nuclear Battery","wanderingMiniBosses:CarrionFlame","potionbrewer:ToyAutogyro","conspire:DecoderRing","SpikesRelics:DaevaFist","reliquary:Bookmark","reliquary:ExpiredCoupon"],"acts_visited":["Exordium","Exordium","TheBeyond","TheEnding"],"potions_floor_usage":[6,7,14,16,29,33,42,55,55,55,55,55],"damage_taken":[{"damage":8,"enemies":"Jaw Worm","floor":1,"turns":5},{"damage":3,"enemies":"Small Slimes","floor":2,"turns":2},{"damage":1,"enemies":"conspire:RoseBush","floor":4,"turns":3},{"damage":9,"enemies":"2 Fungi Beasts","floor":5,"turns":3},{"damage":10,"enemies":"Gremlin Nob","floor":6,"turns":4},{"damage":8,"enemies":"Large Slime","floor":7,"turns":6},{"damage":4,"enemies":"Replay:BlueRogue","floor":12,"turns":5},{"damage":1,"enemies":"Red Slaver","floor":13,"turns":7},{"damage":16,"enemies":"Gremlin Nob","floor":14,"turns":6},{"damage":9,"enemies":"Fading Forest","floor":16,"turns":11},{"damage":0,"enemies":"theJungle:GiantWrat","floor":18,"turns":4},{"damage":5,"enemies":"theJungle:Flameango_and_Byrd","floor":22,"turns":3},{"damage":0,"enemies":"theJungle:MamaSnecko","floor":24,"turns":7},{"damage":7,"enemies":"theJungle:2_Phrogs","floor":27,"turns":8},{"damage":0,"enemies":"theJungle:MamaSnecko","floor":29,"turns":6},{"damage":1,"enemies":"theJungle:Lyon","floor":30,"turns":4},{"damage":17,"enemies":"theJungle:TotemBoss","floor":33,"turns":8},{"damage":0,"enemies":"Orb Walker","floor":35,"turns":5},{"damage":0,"enemies":"3 Shapes","floor":36,"turns":5},{"damage":0,"enemies":"Transient","floor":37,"turns":5},{"damage":0,"enemies":"Jaw Worm Horde","floor":38,"turns":1},{"damage":4,"enemies":"R_Hoarder","floor":41,"turns":5},{"damage":0,"enemies":"Maw","floor":42,"turns":6},{"damage":0,"enemies":"Giant Head","floor":44,"turns":7},{"damage":36,"enemies":"4 Shapes","floor":45,"turns":2},{"damage":38,"enemies":"Writhing Mass","floor":46,"turns":5},{"damage":0,"enemies":"Spire Growth","floor":48,"turns":5},{"damage":101,"enemies":"Awakened One","floor":50,"turns":9},{"damage":30,"enemies":"Shield and Spear","floor":54,"turns":4},{"damage":18,"enemies":"The Heart","floor":55,"turns":10}],"seed_played":"6949458992687140758","potions_obtained":[{"floor":4,"key":"Block Potion"},{"floor":6,"key":"potionbrewer:DiscountPotion"},{"floor":7,"key":"blueLaboratory:PyrophylliteBrew"},{"floor":12,"key":"Weak Potion"},{"floor":13,"key":"potionbrewer:NoxiousPotion"},{"floor":14,"key":"SkillPotion"},{"floor":18,"key":"blueLaboratory:PlasmaFuel"},{"floor":27,"key":"AttackPotion"},{"floor":29,"key":"blueLaboratory:HorrorPotion"},{"floor":30,"key":"jedi:coolantleak"},{"floor":36,"key":"FairyPotion"},{"floor":38,"key":"Adrenaline Potion"},{"floor":42,"key":"Venom Potion"},{"floor":54,"key":"potionbrewer:CleansingPotion"}],"is_trial":false,"path_per_floor":["M","M","?","M","M","E","M","?","T","?","R","E","M","E","R_BF","B",null,"M","?","?","$","M","R","E","?","T","E","AVR","E","M","T","R","B",null,"M","M","M","M","?","R","E","M","T","E","M","M","?","M","R","B",null,"R","$","E","B",null],"character_chosen":"DEFECT","items_purchased":["infinitespire:EmpoweringShard","Centennial Puzzle","ReplayUltimateDefense","Sharp Hide","Mayhem","reliquary:Bookmark"],"campfire_rested":0,"item_purchase_floors":[21,21,21,21,53,53],"current_hp_per_floor":[67,64,64,63,54,44,36,36,36,61,61,57,58,42,42,45,69,73,73,54,54,51,51,55,69,69,65,65,68,69,69,69,57,95,99,101,106,107,107,107,108,114,114,119,85,52,39,42,42,23,110,110,110,85,70],"gold":49,"neow_bonus":"RANDOM_COLORLESS","is_daily":false,"chose_seed":false,"campfire_upgraded":5,"win_rate":0.0,"timestamp":1613355971,"path_taken":["M","M","?","M","M","E","M","?","T","?","R","E","M","E","R_BF","BOSS","M","?","?","$","?","R","E","?","T","E","AVR","E","M","?","R","BOSS","M","?","?","M","?","R","E","M","T","E","M","M","?","M","R","BOSS","R","$","E","BOSS"],"items_purchased_type":["Relic","Relic","Card","Card","Card","Relic"],"build_version":"2020-12-22","purchased_purges":4,"victory":true,"max_hp_per_floor":[75,75,75,75,75,75,75,75,75,75,75,75,75,75,75,77,77,79,79,79,79,81,81,83,97,97,100,100,103,105,105,105,108,108,112,114,117,118,118,118,121,125,125,128,130,133,133,136,136,139,139,139,139,142,145],"card_choices":[{"not_picked":["Impatience","Swift Strike"],"picked":"jedi:forcepull","floor":0},{"not_picked":["jedi:BurstLightning","Blizzard","Gash"],"picked":"SKIP","floor":1},{"not_picked":["Force Field","Coolheaded"],"picked":"Cold Snap","floor":2},{"not_picked":["Ball Lightning","Heatsinks"],"picked":"Static Discharge","floor":4},{"not_picked":["Ball Lightning","Barrage","Sweeping Beam"],"picked":"SKIP","floor":5},{"not_picked":["Steam Power","Leap"],"picked":"Buffer","floor":6},{"not_picked":["aspiration:Polymerization","Steam"],"picked":"jedi:hex","floor":7},{"not_picked":["Streamline","Rebound"],"picked":"Chill","floor":12},{"not_picked":["BasicCrystalCard","jedi:BurstLightning"],"picked":"Defragment","floor":13},{"not_picked":["Steam Power","aspiration:Polymerization"],"picked":"jedi:BurstDark","floor":14},{"not_picked":["jedi:meditation","Biased Cognition"],"picked":"ReplayTheSpireMod:Omega Cannon","floor":16},{"not_picked":["Turbo+1","Streamline+1"],"picked":"Doom and Gloom","floor":18},{"not_picked":["Melter","Tempest","Reprogram+1"],"picked":"SKIP","floor":22},{"not_picked":["Hologram","jedi:BurstLightning"],"picked":"Biased Cognition","floor":24},{"not_picked":["ReplaySolidLightProjector","Stack"],"picked":"Double Energy+1","floor":27},{"not_picked":["FTL","Sweeping Beam"],"picked":"Conserve Battery+1","floor":29},{"not_picked":["Panic Button","Ball Lightning+1","Scrape"],"picked":"SKIP","floor":30},{"not_picked":["ReplayRNGCard","Amplify"],"picked":"Machine Learning","floor":33},{"not_picked":["jedi:BurstLightning+1","jedi:sharpshooter+1","Sweeping Beam"],"picked":"SKIP","floor":35},{"not_picked":["Leap+1","BasicCrystalCard","jedi:blockon"],"picked":"SKIP","floor":36},{"not_picked":["Compile Driver","Stack+1","Gash+1"],"picked":"SKIP","floor":37},{"not_picked":["Leap+1","Double Energy","Steam+1"],"picked":"SKIP","floor":38},{"not_picked":["Panic Button","Scrape"],"picked":"Multi-Cast","floor":41},{"not_picked":["Compile Driver","FTL"],"picked":"ReplayTheSpireMod:Reroute Power","floor":42},{"not_picked":["Blizzard","Tempest"],"picked":"Capacitor","floor":44},{"not_picked":["ReplayTheSpireMod:Reroute Power","White Noise"],"picked":"Loop+1","floor":45},{"not_picked":["jedi:BurstLightning","ReplayGash","Redo"],"picked":"SKIP","floor":46},{"not_picked":["BasicCrystalCard","Doom and Gloom","jedi:blockon"],"picked":"SKIP","floor":48},{"not_picked":["Leap+1","Compile Driver+1","jedi:BurstFrost"],"picked":"SKIP","floor":54}],"player_experience":482154,"relics_obtained":[{"floor":6,"key":"Snack Pack"},{"floor":12,"key":"Happy Flower"},{"floor":14,"key":"Replay:Bottled Eggs"},{"floor":15,"key":"HeavenlyBonsai"},{"floor":20,"key":"Old Coin"},{"floor":24,"key":"Geode"},{"floor":26,"key":"War Paint"},{"floor":27,"key":"Potion Belt"},{"floor":29,"key":"potionbrewer:Torch"},{"floor":31,"key":"Oddly Smooth Stone"},{"floor":36,"key":"wanderingMiniBosses:CarrionFlame"},{"floor":41,"key":"potionbrewer:ToyAutogyro"},{"floor":43,"key":"conspire:DecoderRing"},{"floor":44,"key":"SpikesRelics:DaevaFist"},{"floor":54,"key":"reliquary:ExpiredCoupon"}],"event_choices":[{"damage_healed":0,"gold_gain":1,"player_choice":"4","damage_taken":0,"max_hp_gain":0,"max_hp_loss":0,"event_name":"betterStone:BetterStone","floor":3,"gold_loss":0,"cards_obtained":["Feel No Pain"]},{"cards_removed":["Strike_B"],"damage_healed":0,"gold_gain":0,"player_choice":"Card Removal","damage_taken":0,"max_hp_gain":0,"max_hp_loss":0,"event_name":"The Cleric","floor":8,"gold_loss":50},{"damage_healed":25,"gold_gain":0,"player_choice":"Banana","damage_taken":0,"max_hp_gain":0,"max_hp_loss":0,"event_name":"Big Fish","floor":10,"gold_loss":0},{"cards_removed":["Feel No Pain"],"damage_healed":0,"gold_gain":0,"player_choice":"Give","damage_taken":0,"max_hp_gain":0,"max_hp_loss":0,"event_name":"betterNote:BetterNote","floor":19,"gold_loss":0,"cards_obtained":["None"]},{"cards_removed":["Strike_B"],"damage_healed":0,"gold_gain":0,"player_choice":"Removed Attack","damage_taken":0,"max_hp_gain":0,"max_hp_loss":0,"event_name":"Falling","floor":39,"gold_loss":0},{"damage_healed":0,"gold_gain":0,"player_choice":"Random: Green","damage_taken":0,"max_hp_gain":0,"max_hp_loss":0,"event_name":"betterThird:BetterPortal","floor":47,"gold_loss":0},{"damage_healed":0,"gold_gain":107,"player_choice":"GO ","damage_taken":14,"relics_obtained":[],"max_hp_gain":0,"max_hp_loss":0,"event_name":"betterSkull:BetterSkull","floor":47,"gold_loss":0,"cards_upgraded":[]}],"is_beta":false,"boss_relics":[{"not_picked":["Fusion Hammer","aspiration:RunicSpoon"],"picked":"aspiration:RandomNobGenerator"},{"not_picked":["Pandora\u0027s Box","jedi:hotpepper"],"picked":"Nuclear Battery"}],"items_purged_floors":[21,28,53,53],"is_endless":false,"potions_floor_spawned":[4,6,7,12,13,14,18,27,29,30,36,37,38,42,54],"ascension_level":5}}