{"host":"ggy1mjjy92c62u6a","time":1613364962,"event":{"mods":["10 clothes from DAL","ATMod(∞¢Ë™Mod)","Act Like it!","BaseMod","Colored Powertips","GifTheSpireLib","Infinite Spire","Library of Ruina","Library of Ruina Extra","Lobotomy","LobotomyExtend","Minty Spire (QoL Compilation)","Quick Restart","Relic Filter Mod","Relic Stats","Reliquary","Replay The Spire","Shop Mod","Spicy Shops","StSLib","SuperFastMode","TestMod","°æπ¶ƒ‹Mod°øªÏ„Á÷Æª∑–ﬁ∏¥≤π∂°","°æ“≈ŒÔMod°øÀ¿¡È∑® ¶NEW","°æ“≈ŒÔø®≈∆°øREMEMod"],"gold_per_floor":[111,111,286,116,129,157,169,184,210,210,235,249,29,43,43,146,146,156,206,220,120,120,150,150,150,150,170,203,215,215,238,238,242,242,258,258,258,258],"floor_reached":37,"language":"ZHS","playtime":2095,"items_purged":["Doubt","Looming Evil","LightAttack"],"score":813,"play_id":"6b4e059a-de3a-4836-926c-2454e5152c2e","local_time":"20210215125602","is_ascension_mode":true,"campfire_choices":[{"floor":10.0,"key":"REST"},{"floor":15.0,"key":"DIG"},{"data":"RagingStorm","floor":24.0,"key":"SMITH"}],"circlet_count":0,"master_deck":["AscendersBane","Dodge","LightDefense","LightAttack","LightAttack","LightDefense","LightDefense","ChargeAndCover","FocusedStrikes","Suppress","testmod-HandmadeProducts","RushDown","RagingStorm+1","WillProduceFineSilk","Eject","GrazeTheGrass","LightAttack","ReplayTheSpireMod:Black Plague+1","infinitespire:Pacifist","Overencumbered","Pain","RagingStorm+1","Unlock1+1"],"relics":["PageOfLibrarian","REME_ComplimentaryCards","AT_ATBox","testmod-TestBox","CogitoBucket","RabbitCall","testmod-ArcanaOfDestiny","LetterFromLob","reliquary:WeakTea","infinitespire:Satchel","Nunchaku","Strange Spoon","Bag of Marbles","testmod-Nine","Ring of Greed","Tiny Chest","Golden Egg","Ring of Fury","REME_PuzzleBoxRelic","The Courier","ChangeAnything","Replay:Mystery Machine","testmod-TurbochargingSystem","ReplayTheSpireMod:DimensionalGlitch","infinitespire:FocusingShard"],"acts_visited":["Exordium","TheCity","TheBeyond"],"potions_floor_usage":[],"damage_taken":[{"damage":1.0,"enemies":"Small Slimes","floor":1.0,"turns":4.0},{"damage":4.0,"enemies":"2 Louse","floor":5.0,"turns":3.0},{"damage":44.0,"enemies":"Replay:BlueRogue","floor":6.0,"turns":9.0},{"damage":0.0,"enemies":"Jaw Worm","floor":7.0,"turns":2.0},{"damage":0.0,"enemies":"Exordium Thugs","floor":8.0,"turns":3.0},{"damage":8.0,"enemies":"Gremlin Nob","floor":11.0,"turns":3.0},{"damage":3.0,"enemies":"Exordium Wildlife","floor":12.0,"turns":7.0},{"damage":0.0,"enemies":"2 Fungi Beasts","floor":14.0,"turns":3.0},{"damage":0.0,"enemies":"The Guardian","floor":16.0,"turns":7.0},{"damage":16.0,"enemies":"2 Thieves","floor":18.0,"turns":2.0},{"damage":9.0,"enemies":"Shell Parasite","floor":20.0,"turns":4.0},{"damage":25.0,"enemies":"Book of Stabbing","floor":23.0,"turns":5.0},{"damage":21.0,"enemies":"Snake Plant","floor":27.0,"turns":5.0},{"damage":4.0,"enemies":"Nightmare","floor":28.0,"turns":7.0},{"damage":0.0,"enemies":"3 Cultists","floor":29.0,"turns":4.0},{"damage":8,"enemies":"Collector","floor":33,"turns":6},{"damage":10,"enemies":"Orb Walker","floor":35,"turns":3},{"damage":33,"enemies":"3 Darklings","floor":37,"turns":5}],"seed_played":"467926146910770856","potions_obtained":[{"floor":1.0,"key":"SkillPotion"},{"floor":6.0,"key":"Adrenaline Potion"},{"floor":8.0,"key":"Dexterity Potion"},{"floor":14.0,"key":"SpeedPotion"},{"floor":18.0,"key":"Energy Potion"},{"floor":27.0,"key":"EssenceOfSteel"}],"is_trial":false,"path_per_floor":["M","?","?","$","M","E","M","M","T","R","E","M","$","M","R","B",null,"M","?","M","$","?","E","R","?","T","M","NM","M","AVR","T","R","B",null,"M","AVR","M"],"character_chosen":"Librarian","items_purchased":["testmod-HandmadeProducts","Strange Spoon","WillProduceFineSilk"],"campfire_rested":1,"item_purchase_floors":[4,13,13],"current_hp_per_floor":[53,53,53,53,49,5,5,5,5,24,16,13,13,13,13,13,56,40,40,31,31,54,29,29,29,29,8,4,4,4,4,22,14,43,33,33,0,0],"gold":258,"neow_bonus":"","is_daily":false,"chose_seed":false,"campfire_upgraded":1,"win_rate":0.0,"timestamp":1613364962,"path_taken":["M","?","?","?","M","E","M","M","T","R","E","M","$","M","R","BOSS","M","?","M","$","?","E","R","?","T","M","NM","?","AVR","?","R","BOSS","M","AVR","M"],"items_purchased_type":["Card","Relic","Card"],"build_version":"2020-12-22","purchased_purges":3,"victory":false,"max_hp_per_floor":[65,65,65,65,65,65,65,65,65,65,70,70,70,70,70,70,70,70,70,70,70,70,70,70,70,70,61,61,61,61,61,61,52,52,59,59,14,14],"relic_stats":{"Strange Spoon":[20],"Nunchaku":[8],"counters":[21,85],"Tiny Chest":1,"obtain_stats":[{"RabbitCall":0,"Golden Egg":19,"AT_ATBox":0,"Replay:Mystery Machine":28,"CogitoBucket":0,"Nunchaku":11,"Tiny Chest":19,"testmod-ArcanaOfDestiny":0,"testmod-TestBox":0,"The Courier":26,"infinitespire:FocusingShard":36,"reliquary:WeakTea":6,"Ring of Greed":19,"testmod-TurbochargingSystem":31,"PageOfLibrarian":0,"Strange Spoon":13,"infinitespire:Satchel":9,"Ring of Fury":19,"LetterFromLob":1,"Bag of Marbles":15,"REME_PuzzleBoxRelic":23,"ChangeAnything":27,"ReplayTheSpireMod:DimensionalGlitch":34,"testmod-Nine":17,"REME_ComplimentaryCards":0},{"RabbitCall":0,"Golden Egg":11,"AT_ATBox":0,"Replay:Mystery Machine":16,"CogitoBucket":0,"Nunchaku":6,"Tiny Chest":11,"testmod-ArcanaOfDestiny":0,"testmod-TestBox":0,"The Courier":13,"infinitespire:FocusingShard":19,"reliquary:WeakTea":3,"Ring of Greed":11,"testmod-TurbochargingSystem":17,"PageOfLibrarian":0,"Strange Spoon":8,"infinitespire:Satchel":5,"Ring of Fury":11,"LetterFromLob":1,"Bag of Marbles":9,"REME_PuzzleBoxRelic":13,"ChangeAnything":15,"ReplayTheSpireMod:DimensionalGlitch":18,"testmod-Nine":10,"REME_ComplimentaryCards":0},{"RabbitCall":0,"Golden Egg":44,"AT_ATBox":0,"Replay:Mystery Machine":66,"CogitoBucket":0,"Nunchaku":24,"Tiny Chest":44,"testmod-ArcanaOfDestiny":0,"testmod-TestBox":0,"The Courier":53,"infinitespire:FocusingShard":79,"reliquary:WeakTea":16,"Ring of Greed":44,"testmod-TurbochargingSystem":70,"PageOfLibrarian":0,"Strange Spoon":32,"infinitespire:Satchel":21,"Ring of Fury":44,"LetterFromLob":4,"Bag of Marbles":35,"REME_PuzzleBoxRelic":53,"ChangeAnything":59,"ReplayTheSpireMod:DimensionalGlitch":76,"testmod-Nine":42,"REME_ComplimentaryCards":0}]},"card_choices":[{"not_picked":["WillBeTasty","FierceCharge","DestructiveImpact","Thirst","ICanCookAnything","HiddenBlade","ReadyUp","ExtremeEdge"],"picked":"Suppress","floor":1.0},{"not_picked":["AsThePrescriptOrders","DefenseOrder","SweepTheBackstreets","Fence","Retaliate","FlashingStrike","HandleRequest","GuidanceOfTheGears"],"picked":"RushDown","floor":5.0},{"not_picked":["SharpSwipe","EndlessBattle","DarkCloud","HighKick","YourShield","Reload","Outburst","BackAttack"],"picked":"RagingStorm","floor":6.0},{"not_picked":["Collision","EnergyShield","FierceCharge","ToWhereThePrescriptPoints","StrongStrike","ScatteringSlash","SkyClearingCut","FaintMemories","InkOver"],"picked":"SKIP","floor":7.0},{"not_picked":["Overpower","Pound","YouOnlyLiveOnce","FeatherShield","FleetFootsteps","Standoff","SpearedSweep","AutomatedMovement","ScatteringSlash"],"picked":"SKIP","floor":8.0},{"not_picked":["TasteMyFlamingBat","DarkCloud","ExtractFuel","LoosenUp","DirtyBlow","MultiBlock","Rewind","Guardian_lor","KeepItFresh"],"picked":"SKIP","floor":11.0},{"not_picked":["PreparedMind","Standoff","UpbeatPerformance","SharpSwipe","MultiHit","TraceOfFumes","FleetFootsteps","GoinFirst","WillOfThePrescript"],"picked":"SKIP","floor":12.0},{"not_picked":["Parry","PinpointShot","Diversion","GuidanceOfTheGears","Outburst","NightInTheBackstreets","BindingChains","ShockingBlow"],"picked":"Eject","floor":14.0},{"not_picked":["SinglePointStab","ClassAndRespect+1","AsThePrescriptOrders","SmokingPipe+1","EnergyConversion","Unlock1","LoosenUp","DesperateStruggle+1"],"picked":"GrazeTheGrass","floor":18.0},{"not_picked":["Collision","MultiBlock","Preparation","HiddenBlade","FleetEdge","Reload+1","Eliminate+1","FrontalAssault","Thrust+1"],"picked":"SKIP","floor":20.0},{"not_picked":["UpbeatPerformance","SavageMode","EnergyCycle","Diversion+1","Quickness","ReadyUp","DesperateStruggle","SmokingPipe","SpearedSweep"],"picked":"SKIP","floor":23.0},{"not_picked":["Thrust","Execute_lor","BayonetCombat","BlowItUp","UnavoidableGaze","FervidEmotions","LeRegole","Diversion+1","SharpSwipe+1"],"picked":"SKIP","floor":27.0},{"not_picked":["Tailoring","HandleRequest+1","FendThisOffIfYouCan","EndlessBattle","Deflect_lor","MindPrepared","HiddenBlade","Eliminate","StrongStrike"],"picked":"SKIP","floor":28.0},{"not_picked":["Outburst","UpbeatPerformance","TendonChords+1","ShockingBlow","DesperateStruggle","MindPrepared+1","HighKick","SinglePointStab","ShockRound"],"picked":"SKIP","floor":29.0},{"not_picked":["Suppress","GoinFirst"],"picked":"RagingStorm","floor":33},{"not_picked":["Parry+1","BulkyImpact+1","WillOfThePrescript","SpearedSweep+1","WrathOfTorment+1","DestructiveImpact+1","FierceCharge","SetFire+1"],"picked":"Unlock1+1","floor":35}],"player_experience":123594,"relics_obtained":[{"floor":1.0,"key":"LetterFromLob"},{"floor":6.0,"key":"reliquary:WeakTea"},{"floor":9.0,"key":"infinitespire:Satchel"},{"floor":11.0,"key":"Nunchaku"},{"floor":15.0,"key":"Bag of Marbles"},{"floor":19.0,"key":"Ring of Greed"},{"floor":19.0,"key":"Tiny Chest"},{"floor":19.0,"key":"Golden Egg"},{"floor":19.0,"key":"Ring of Fury"},{"floor":23.0,"key":"REME_PuzzleBoxRelic"},{"floor":26.0,"key":"The Courier"},{"floor":28.0,"key":"Replay:Mystery Machine"},{"floor":31.0,"key":"testmod-TurbochargingSystem"}],"event_choices":[{"damage_healed":0.0,"max_hp_gain":0.0,"max_hp_loss":0.0,"gold_gain":175.0,"event_name":"Liars Game","player_choice":"AGREE","floor":3.0,"gold_loss":0.0,"damage_taken":0.0,"cards_obtained":["Doubt"]},{"damage_healed":23.0,"max_hp_gain":0.0,"max_hp_loss":0.0,"gold_gain":0.0,"event_name":"The Library","player_choice":"Heal","floor":22.0,"gold_loss":0.0,"damage_taken":0.0},{"cards_removed":["Sickly"],"damage_healed":0.0,"max_hp_gain":0.0,"max_hp_loss":0.0,"gold_gain":0.0,"event_name":"Fountain of Cleansing","player_choice":"Removed Curses","floor":25.0,"gold_loss":0.0,"damage_taken":0.0}],"is_beta":false,"boss_relics":[{"not_picked":["ChewingGum","ReplayTheSpireMod:SealedPack"],"picked":"testmod-Nine"},{"not_picked":["reliquary:Craggleroot","infinitespire:Cupcake"],"picked":"ReplayTheSpireMod:DimensionalGlitch"}],"items_purged_floors":[4,21,30],"is_endless":true,"potions_floor_spawned":[1,6,8,14,18,27],"killed_by":"3 Darklings","ascension_level":11}}