{"host":"krw8blyxua7at9ak","time":1613412262,"event":{"mods":["BaseMod","Highlight Path","Minty Spire (QoL Compilation)","ojb\u0027s Info Mod"],"gold_per_floor":[116,116,135,146,146,146,178,13,13,13,33,33,62,80,80,80,80],"floor_reached":16,"language":"ENG","playtime":405,"items_purged":[],"score":220,"play_id":"763b290c-da55-4067-9352-b0b25f2dd3b8","local_time":"20210215190422","is_ascension_mode":true,"campfire_choices":[{"data":"Dagger Spray","floor":6,"key":"SMITH"},{"data":"Blade Dance","floor":12,"key":"SMITH"},{"data":"Predator","floor":15,"key":"SMITH"}],"circlet_count":0,"master_deck":["AscendersBane","Strike_G","Strike_G","Strike_G","Strike_G","Strike_G","Defend_G","Defend_G","Defend_G","Defend_G","Survivor","Neutralize","Dagger Spray+1","Predator+1","Blade Dance+1","Dagger Throw","Reflex"],"relics":["Ring of the Snake","NeowsBlessing","FaceOfCleric","Bottled Flame","Membership Card","Ninja Scroll","Snake Skull"],"acts_visited":["Exordium"],"potions_floor_usage":[16,16],"damage_taken":[{"damage":0,"enemies":"Small Slimes","floor":1,"turns":1},{"damage":0,"enemies":"Cultist","floor":3,"turns":1},{"damage":0,"enemies":"Jaw Worm","floor":4,"turns":1},{"damage":44,"enemies":"Gremlin Nob","floor":7,"turns":5},{"damage":0,"enemies":"Large Slime","floor":11,"turns":4},{"damage":7,"enemies":"3 Sentries","floor":13,"turns":4},{"damage":3,"enemies":"Looter","floor":14,"turns":3},{"damage":27,"enemies":"Slime Boss","floor":16,"turns":7}],"seed_played":"-2309958326386781024","potions_obtained":[{"floor":11,"key":"Energy Potion"},{"floor":14,"key":"FearPotion"}],"is_trial":false,"path_per_floor":["M","?","M","M","?","R","E","$","T","?","M","R","E","M","R","B"],"character_chosen":"THE_SILENT","items_purchased":["Membership Card"],"campfire_rested":0,"item_purchase_floors":[8],"current_hp_per_floor":[59,59,60,61,54,54,11,11,11,34,35,35,29,27,27,0,0],"gold":80,"neow_bonus":"THREE_ENEMY_KILL","is_daily":false,"chose_seed":false,"campfire_upgraded":3,"win_rate":0.0,"timestamp":1613412262,"path_taken":["M","?","M","?","?","R","E","$","T","?","M","R","E","M","R","BOSS"],"items_purchased_type":["Relic"],"build_version":"2020-12-22","purchased_purges":0,"victory":false,"max_hp_per_floor":[66,66,67,68,68,68,69,69,69,69,70,70,71,72,72,72,72],"card_choices":[{"not_picked":["PiercingWail","Dodge and Roll","Deadly Poison"],"picked":"SKIP","floor":1},{"not_picked":["Catalyst","Accuracy"],"picked":"Dagger Spray","floor":3},{"not_picked":["Accuracy","Deadly Poison"],"picked":"Predator","floor":4},{"not_picked":["Distraction","Night Terror"],"picked":"Blade Dance","floor":7},{"not_picked":["Reflex","Noxious Fumes"],"picked":"Dagger Throw","floor":11},{"not_picked":["All Out Attack","Prepared"],"picked":"Reflex","floor":13},{"not_picked":["Dagger Spray","Caltrops","Well Laid Plans"],"picked":"SKIP","floor":14}],"player_experience":414322,"relics_obtained":[{"floor":7,"key":"Bottled Flame"},{"floor":9,"key":"Ninja Scroll"},{"floor":13,"key":"Snake Skull"}],"event_choices":[{"damage_healed":0,"gold_gain":0,"player_choice":"Trade","damage_taken":0,"relics_obtained":["FaceOfCleric"],"max_hp_gain":0,"max_hp_loss":0,"event_name":"FaceTrader","floor":2,"gold_loss":0},{"cards_removed":["Defend_G"],"damage_healed":0,"gold_gain":0,"player_choice":"Card Removal","damage_taken":7,"max_hp_gain":0,"max_hp_loss":0,"event_name":"Golden Wing","floor":5,"gold_loss":0},{"damage_healed":23,"gold_gain":0,"player_choice":"Banana","damage_taken":0,"max_hp_gain":0,"max_hp_loss":0,"event_name":"Big Fish","floor":10,"gold_loss":0}],"is_beta":false,"boss_relics":[],"items_purged_floors":[],"is_endless":false,"potions_floor_spawned":[11,14],"killed_by":"Slime Boss","ascension_level":20}}