{"host":"pj05r22d3fegil3v","time":1613424169,"event":{"mods":["BaseMod","Better Altar","Better Match","Better Note","Better Sensory Stone","Better Skull","Better Third Choice","BetterRewards","Card Filter","Colored Powertips","Curses Come First","Custom Start","DeckTracker","Displayed Cursed Tome","Evolution","Minty Spire (QoL Compilation)","Quick Restart","Rare Cards Sparkle","Relic Filter Mod","Smile Girya","StSLib","Weighted Paths","everything is the same but u backflip on backflip","slay the spire mod where everything is the same but ironclad has a cowboy hat"],"gold_per_floor":[113,125,145,162,162,162,162],"floor_reached":6,"language":"ENG","playtime":456,"items_purged":[],"score":40,"play_id":"e55c3879-0cc0-4821-8d4d-1c8e85ab34d6","local_time":"20210215162249","is_ascension_mode":true,"campfire_choices":[],"circlet_count":0,"master_deck":["Strike_P","Strike_P","Strike_P","Strike_P","Defend_P","Defend_P","Defend_P","Defend_P","Eruption","Vigilance","Wireheading","ReachHeaven","Protect"],"relics":["PureWater","EVO:Axolotl"],"acts_visited":["Exordium"],"potions_floor_usage":[],"damage_taken":[{"damage":2,"enemies":"2 Louse","floor":1,"turns":2},{"damage":0,"enemies":"Cultist","floor":2,"turns":2},{"damage":7,"enemies":"Small Slimes","floor":3,"turns":5},{"damage":23,"enemies":"Exordium Wildlife","floor":4,"turns":5},{"damage":44,"enemies":"3 Sentries","floor":6,"turns":4}],"seed_played":"-2859723404819938760","potions_obtained":[{"floor":1,"key":"Weak Potion"}],"is_trial":false,"path_per_floor":["M","M","M","M","?","E"],"character_chosen":"WATCHER","items_purchased":[],"campfire_rested":0,"item_purchase_floors":[],"current_hp_per_floor":[70,70,63,40,40,0,0],"gold":162,"neow_bonus":"","is_daily":false,"chose_seed":false,"campfire_upgraded":0,"win_rate":0.0,"timestamp":1613424169,"path_taken":["M","M","M","M","?","E"],"items_purchased_type":[],"build_version":"2020-12-22","purchased_purges":0,"victory":false,"max_hp_per_floor":[72,72,72,72,72,72,72],"card_choices":[{"not_picked":["Nirvana","BowlingBash","Halt"],"picked":"SKIP","floor":1},{"not_picked":["FollowUp","Prostrate"],"picked":"Wireheading","floor":2},{"not_picked":["FlurryOfBlows","ConjureBlade"],"picked":"PathToVictory","floor":3},{"not_picked":["EmptyFist","JustLucky"],"picked":"ReachHeaven","floor":4}],"player_experience":99510,"relics_obtained":[],"event_choices":[{"damage_healed":0,"gold_gain":0,"cards_transformed":["PathToVictory"],"player_choice":"Transformed","damage_taken":0,"max_hp_gain":0,"max_hp_loss":0,"event_name":"Transmorgrifier","floor":5,"gold_loss":0,"cards_obtained":["Protect"]}],"is_beta":false,"boss_relics":[],"items_purged_floors":[],"is_endless":false,"potions_floor_spawned":[1],"killed_by":"3 Sentries","ascension_level":1}}