{"host":"d2gh6suihlstufn7","time":1613421794,"event":{"mods":["AchievementEnabler","BaseMod","Colored Map","Colored Powertips","Minty Spire (QoL Compilation)","Permanent Neow","Quick Restart"],"gold_per_floor":[112,62,62,62,80,80,99,99,99,114,114,62,83,96,96,96,96],"floor_reached":16,"language":"KOR","playtime":340,"items_purged":[],"score":92,"play_id":"31ae42d9-bda5-4e0b-bd9c-a3874d5d6cb3","local_time":"20210216054314","is_ascension_mode":false,"campfire_choices":[{"floor":6,"key":"RECALL"},{"data":"Bash","floor":8,"key":"SMITH"},{"data":"Perfected Strike","floor":11,"key":"SMITH"},{"floor":15,"key":"REST"}],"circlet_count":0,"master_deck":["Strike_R","Strike_R","Strike_R","Strike_R","Strike_R","Defend_R","Defend_R","Defend_R","Bash+1","Wild Strike","Pommel Strike","Spot Weakness","Perfected Strike+1","Pommel Strike","Perfected Strike"],"relics":["Black Star","Golden Idol"],"acts_visited":["Exordium"],"potions_floor_usage":[16],"damage_taken":[{"damage":10,"enemies":"Small Slimes","floor":1,"turns":3},{"damage":7,"enemies":"2 Louse","floor":5,"turns":2},{"damage":1,"enemies":"Jaw Worm","floor":7,"turns":3},{"damage":5,"enemies":"Gremlin Gang","floor":10,"turns":3},{"damage":12,"enemies":"Blue Slaver","floor":13,"turns":2},{"damage":10,"enemies":"3 Louse","floor":14,"turns":2},{"damage":54,"enemies":"The Guardian","floor":16,"turns":7}],"seed_played":"-4905873331233925612","potions_obtained":[{"floor":14,"key":"ColorlessPotion"}],"is_trial":false,"path_per_floor":["M","?","?","?","M","R","M","R","T","M","R","$","M","M","R","B"],"character_chosen":"IRONCLAD","items_purchased":["Pommel Strike"],"campfire_rested":1,"item_purchase_floors":[12],"current_hp_per_floor":[70,70,70,63,56,56,55,55,55,50,50,50,38,28,52,0,0],"gold":96,"neow_bonus":"BOSS_RELIC","is_daily":false,"chose_seed":false,"campfire_upgraded":2,"win_rate":0.0,"timestamp":1613421794,"path_taken":["M","?","?","?","M","R","M","R","T","M","R","?","?","M","R","BOSS"],"items_purchased_type":["Card"],"build_version":"2020-12-22","purchased_purges":0,"victory":false,"max_hp_per_floor":[80,80,80,80,80,80,80,80,80,80,80,80,80,80,80,80,80],"card_choices":[{"not_picked":["Havoc","Armaments"],"picked":"Wild Strike","floor":1},{"not_picked":["Iron Wave","Battle Trance"],"picked":"Pommel Strike","floor":5},{"not_picked":["Cleave","Sever Soul"],"picked":"Spot Weakness","floor":7},{"not_picked":["Entrench","Seeing Red"],"picked":"Perfected Strike","floor":10},{"not_picked":["Burning Pact","Anger"],"picked":"Perfected Strike","floor":13},{"not_picked":["Sentinel","Fire Breathing","Clothesline"],"picked":"SKIP","floor":14}],"player_experience":205725,"relics_obtained":[],"event_choices":[{"cards_removed":["Defend_R"],"damage_healed":0,"gold_gain":0,"player_choice":"Card Removal","damage_taken":0,"max_hp_gain":0,"max_hp_loss":0,"event_name":"The Cleric","floor":2,"gold_loss":50},{"damage_healed":0,"gold_gain":0,"player_choice":"Take Wound","damage_taken":0,"relics_obtained":["Golden Idol"],"max_hp_gain":0,"max_hp_loss":0,"event_name":"Golden Idol","floor":3,"gold_loss":0,"cards_obtained":["Injury"]},{"cards_removed":["Injury"],"damage_healed":0,"gold_gain":0,"player_choice":"Card Removal","damage_taken":7,"max_hp_gain":0,"max_hp_loss":0,"event_name":"Golden Wing","floor":4,"gold_loss":0}],"is_beta":false,"boss_relics":[],"items_purged_floors":[],"is_endless":false,"potions_floor_spawned":[14],"killed_by":"The Guardian","ascension_level":0}}