{"host":"q8mjpf3krl0t4p3x","time":1613370978,"event":{"mods":["BaseMod","Colored Map","Colored Powertips","Googly Eyes","Minty Spire (QoL Compilation)","Quick Restart","StSLib","everything is the same but u backflip on backflip","slay the spire mod where everything is the same but ironclad has a cowboy hat"],"gold_per_floor":[119,135,135,32,32,64,64,83,83,112,77,77,106,124,124,201,201,211,221,221,232,232,232,246,246,246,265,34,34,34,34,34,106,106,118,143,143,162,176,176,196,216,216,228,228,246,298,318,318,318,318],"floor_reached":50,"language":"ENG","playtime":2095,"items_purged":["Strike_R"],"score":856,"play_id":"1dec9585-ddc5-455b-be13-44b5d25686cc","local_time":"20210214223618","is_ascension_mode":true,"campfire_choices":[{"floor":7.0,"key":"REST"},{"floor":12.0,"key":"REST"},{"floor":15.0,"key":"REST"},{"data":"Inflame","floor":23.0,"key":"SMITH"},{"floor":25.0,"key":"REST"},{"floor":29.0,"key":"REST"},{"floor":32.0,"key":"REST"},{"data":"Limit Break","floor":40.0,"key":"SMITH"},{"data":"Double Tap","floor":45,"key":"SMITH"},{"floor":49,"key":"REST"}],"circlet_count":0,"master_deck":["AscendersBane","Strike_R+1","Strike_R+1","Strike_R+1","Strike_R+1","Defend_R+1","Defend_R+1","Defend_R+1","Defend_R+1","Bash+1","Inflame+1","Battle Trance","Double Tap+1","Shrug It Off","Dual Wield","Pommel Strike","Immolate","Cleave","Hemokinesis","Limit Break+1","CurseOfTheBell","Parasite"],"relics":["Burning Blood","Bottled Tornado","Red Skull","StoneCalendar","Orichalcum","Philosopher\u0027s Stone","MutagenicStrength","Gremlin Horn","Brimstone","Potion Belt","Calling Bell","Tiny Chest","Singing Bowl","TungstenRod","Thread and Needle","InkBottle","PreservedInsect"],"acts_visited":["Exordium","TheCity","TheBeyond"],"potions_floor_usage":[44,44,50],"damage_taken":[{"damage":5.0,"enemies":"Jaw Worm","floor":1.0,"turns":5.0},{"damage":14.0,"enemies":"Small Slimes","floor":2.0,"turns":4.0},{"damage":48.0,"enemies":"3 Sentries","floor":6.0,"turns":11.0},{"damage":0.0,"enemies":"2 Louse","floor":8.0,"turns":2.0},{"damage":32.0,"enemies":"Gremlin Nob","floor":10.0,"turns":4.0},{"damage":39.0,"enemies":"3 Sentries","floor":13.0,"turns":7.0},{"damage":8.0,"enemies":"Blue Slaver","floor":14.0,"turns":4.0},{"damage":31.0,"enemies":"Hexaghost","floor":16.0,"turns":9.0},{"damage":19.0,"enemies":"2 Thieves","floor":18.0,"turns":4.0},{"damage":4.0,"enemies":"Spheric Guardian","floor":19.0,"turns":3.0},{"damage":22.0,"enemies":"Chosen and Byrds","floor":21.0,"turns":4.0},{"damage":17.0,"enemies":"Shelled Parasite and Fungi","floor":24.0,"turns":2.0},{"damage":26.0,"enemies":"Snake Plant","floor":27.0,"turns":2.0},{"damage":72.0,"enemies":"Collector","floor":33.0,"turns":7.0},{"damage":15.0,"enemies":"Orb Walker","floor":35.0,"turns":4.0},{"damage":22.0,"enemies":"Mind Bloom Boss Battle","floor":36.0,"turns":6.0},{"damage":21.0,"enemies":"3 Shapes","floor":38.0,"turns":4.0},{"damage":18.0,"enemies":"Spire Growth","floor":39.0,"turns":4.0},{"damage":5.0,"enemies":"Writhing Mass","floor":41.0,"turns":3.0},{"damage":11.0,"enemies":"Jaw Worm Horde","floor":42.0,"turns":3.0},{"damage":5,"enemies":"Transient","floor":44,"turns":5},{"damage":8,"enemies":"Spire Growth","floor":46,"turns":3},{"damage":32,"enemies":"Maw","floor":48,"turns":5},{"damage":128,"enemies":"Awakened One","floor":50,"turns":6}],"seed_played":"4802236049244853663","potions_obtained":[{"floor":1.0,"key":"Dexterity Potion"},{"floor":13.0,"key":"Block Potion"},{"floor":14.0,"key":"BloodPotion"},{"floor":19.0,"key":"Strength Potion"},{"floor":24.0,"key":"EntropicBrew"},{"floor":36.0,"key":"HeartOfIron"},{"floor":37.0,"key":"BloodPotion"},{"floor":37.0,"key":"LiquidMemories"},{"floor":37.0,"key":"SkillPotion"},{"floor":39.0,"key":"AttackPotion"},{"floor":44,"key":"BloodPotion"},{"floor":48,"key":"PowerPotion"}],"is_trial":false,"path_per_floor":["M","M","?","$","?","E","R","M","T","E","?","R","E","M","R","B",null,"M","M","?","M","?","R","M","R","T","M","$","R","?","T","R","B",null,"M","?","?","M","M","R","M","M","T","M","R","M","T","M","R","B"],"character_chosen":"IRONCLAD","items_purchased":["FairyPotion","Brimstone"],"campfire_rested":7,"item_purchase_floors":[4,28],"current_hp_per_floor":[76,68,52,52,52,10,34,40,40,14,34,58,25,39,63,38,71,58,60,44,28,28,28,17,43,43,23,23,49,49,49,75,9,68,61,47,65,52,42,42,45,42,42,64,64,64,64,40,71,0,0],"gold":318,"neow_bonus":"TEN_PERCENT_HP_BONUS","is_daily":false,"chose_seed":false,"campfire_upgraded":3,"win_rate":0.0,"timestamp":1613370978,"path_taken":["M","M","?","$","?","E","R","?","T","E","?","R","E","M","R","BOSS","M","M","?","M","?","R","M","R","T","M","$","R","?","?","R","BOSS","M","?","?","M","M","R","M","M","T","M","R","?","?","M","R","BOSS"],"items_purchased_type":["Potion","Relic"],"build_version":"2020-12-22","purchased_purges":1,"victory":false,"max_hp_per_floor":[82,82,82,82,82,82,82,82,82,82,82,82,82,82,82,82,82,82,82,87,87,87,87,87,87,87,87,87,87,87,87,87,87,87,89,91,91,93,95,95,97,99,99,101,101,103,103,105,105,105,105],"card_choices":[{"not_picked":["Seeing Red","Flex"],"picked":"Inflame","floor":1.0},{"not_picked":["Armaments","Thunderclap"],"picked":"Battle Trance","floor":2.0},{"not_picked":["Flex","Sentinel"],"picked":"Double Tap","floor":6.0},{"not_picked":["Dropkick","Heavy Blade"],"picked":"Shrug It Off","floor":8.0},{"not_picked":["Uppercut","Carnage"],"picked":"Dual Wield","floor":10.0},{"not_picked":["True Grit","Rupture","Warcry"],"picked":"SKIP","floor":13.0},{"not_picked":["Sword Boomerang","Infernal Blade"],"picked":"Pommel Strike","floor":14.0},{"not_picked":["Demon Form","Corruption"],"picked":"Immolate","floor":16.0},{"not_picked":["Combust","Carnage"],"picked":"Cleave","floor":18.0},{"not_picked":["Intimidate","Headbutt"],"picked":"Hemokinesis","floor":19.0},{"not_picked":["Clothesline","Twin Strike","Cleave"],"picked":"SKIP","floor":21.0},{"not_picked":["Pummel","Anger","Sentinel"],"picked":"SKIP","floor":24.0},{"not_picked":["Combust","Armaments","Sever Soul"],"picked":"SKIP","floor":27.0},{"not_picked":["Brutality","Feed"],"picked":"Limit Break","floor":33.0},{"not_picked":["Body Slam+1","Armaments","Twin Strike"],"picked":"Singing Bowl","floor":35.0},{"not_picked":["Pommel Strike+1","Rupture+1","Disarm"],"picked":"Singing Bowl","floor":36.0},{"not_picked":["Shrug It Off+1","Blood for Blood","Anger+1"],"picked":"Singing Bowl","floor":38.0},{"not_picked":["Sword Boomerang","Barricade","Spot Weakness"],"picked":"Singing Bowl","floor":39.0},{"not_picked":["Sword Boomerang","Body Slam","Carnage+1"],"picked":"Singing Bowl","floor":41.0},{"not_picked":["Flex","Sword Boomerang","Heavy Blade"],"picked":"Singing Bowl","floor":42.0},{"not_picked":["Burning Pact","Clash","Dropkick"],"picked":"Singing Bowl","floor":44},{"not_picked":["Feel No Pain","Wild Strike","Body Slam"],"picked":"Singing Bowl","floor":46},{"not_picked":["Perfected Strike","Bloodletting","Sword Boomerang+1"],"picked":"Singing Bowl","floor":48}],"player_experience":173225,"relics_obtained":[{"floor":6.0,"key":"Bottled Tornado"},{"floor":9.0,"key":"Red Skull"},{"floor":10.0,"key":"StoneCalendar"},{"floor":13.0,"key":"Orichalcum"},{"floor":26.0,"key":"Gremlin Horn"},{"floor":31.0,"key":"Potion Belt"},{"floor":34.0,"key":"Tiny Chest"},{"floor":34.0,"key":"Singing Bowl"},{"floor":34.0,"key":"TungstenRod"},{"floor":36.0,"key":"Thread and Needle"},{"floor":43.0,"key":"InkBottle"},{"floor":47,"key":"PreservedInsect"}],"event_choices":[{"damage_healed":0.0,"max_hp_gain":0.0,"max_hp_loss":0.0,"gold_gain":0.0,"event_name":"Shining Light","player_choice":"Entered Light","floor":3.0,"gold_loss":0.0,"damage_taken":16.0,"cards_upgraded":["Bash","Strike_R"]},{"damage_healed":0.0,"max_hp_gain":0.0,"max_hp_loss":0.0,"gold_gain":0.0,"event_name":"Liars Game","player_choice":"Ignored","floor":5.0,"gold_loss":0.0,"damage_taken":0.0},{"damage_healed":20.0,"max_hp_gain":0.0,"max_hp_loss":0.0,"gold_gain":0.0,"event_name":"The Cleric","player_choice":"Healed","floor":11.0,"gold_loss":35.0,"damage_taken":0.0},{"damage_healed":0.0,"max_hp_gain":5.0,"max_hp_loss":0.0,"gold_gain":0.0,"event_name":"Forgotten Altar","player_choice":"Shed Blood","floor":20.0,"gold_loss":0.0,"damage_taken":21.0},{"damage_healed":0.0,"max_hp_gain":0.0,"max_hp_loss":0.0,"gold_gain":0.0,"event_name":"Drug Dealer","player_choice":"Inject Mutagens","floor":22.0,"gold_loss":0.0,"damage_taken":0.0,"relics_obtained":["MutagenicStrength"]},{"damage_healed":0.0,"max_hp_gain":0.0,"max_hp_loss":0.0,"gold_gain":0.0,"event_name":"Back to Basics","player_choice":"Simplicity","floor":30.0,"gold_loss":0.0,"damage_taken":0.0,"cards_upgraded":["Strike_R","Strike_R","Strike_R","Defend_R","Defend_R","Defend_R","Defend_R"]},{"damage_healed":0.0,"max_hp_gain":0.0,"max_hp_loss":0.0,"gold_gain":0.0,"event_name":"MindBloom","player_choice":"Fight","floor":36.0,"gold_loss":0.0,"damage_taken":0.0},{"damage_healed":0.0,"max_hp_gain":0.0,"max_hp_loss":0.0,"gold_gain":0.0,"event_name":"Lab","player_choice":"Got Potions","floor":37.0,"gold_loss":0.0,"damage_taken":0.0}],"is_beta":false,"boss_relics":[{"not_picked":["Black Star","Pandora\u0027s Box"],"picked":"Philosopher\u0027s Stone"},{"not_picked":["Velvet Choker","SlaversCollar"],"picked":"Calling Bell"}],"items_purged_floors":[28],"is_endless":false,"potions_floor_spawned":[1,13,14,19,21,24,27,36,39,44,48],"killed_by":"Awakened One","ascension_level":14}}