{"host":"zxkjcgzis4pm3za5","time":1613393498,"event":{"mods":["2.2 Compatiblity","AchievementEnabler","BaseMod","Colored Map","Colored Powertips","Minty Spire (QoL Compilation)","Quick Restart","Random Character Button","Relic Filter Mod","Relic Sorter","Relic Stats","StSLib"],"gold_per_floor":[111,111,111,83,101,135,135,170,241,241,268,287,287,316,316,393,393,405,330,347,397,322,322,322,322],"floor_reached":24,"language":"ENG","playtime":546,"items_purged":["Strike_B"],"score":490,"play_id":"415f59d7-8c83-4f42-9a00-afc51699fd83","local_time":"20210215182138","is_ascension_mode":true,"campfire_choices":[{"data":"Streamline","floor":7.0,"key":"SMITH"},{"floor":13.0,"key":"REST"},{"data":"Zap","floor":15.0,"key":"SMITH"},{"floor":23,"key":"REST"}],"circlet_count":0,"master_deck":["AscendersBane","Strike_B+1","Defend_B","Defend_B","Defend_B","Zap+1","Dualcast","Sweeping Beam+1","Leap","Streamline+1","FTL","Gash","Cold Snap","Gash","Go for the Eyes","Machine Learning","Buffer","Beam Cell+1","Rebound","BootSequence"],"relics":["Cracked Core","NeowsBlessing","Whetstone","Dream Catcher","InkBottle","Juzu Bracelet","Omamori","Cursed Key"],"acts_visited":["Exordium","TheCity"],"potions_floor_usage":[],"damage_taken":[{"damage":0.0,"enemies":"Cultist","floor":1.0,"turns":1.0},{"damage":0.0,"enemies":"Jaw Worm","floor":5.0,"turns":1.0},{"damage":0.0,"enemies":"3 Sentries","floor":6.0,"turns":1.0},{"damage":12.0,"enemies":"Lagavulin","floor":8.0,"turns":4.0},{"damage":10.0,"enemies":"Gremlin Nob","floor":11.0,"turns":3.0},{"damage":6.0,"enemies":"2 Louse","floor":12.0,"turns":2.0},{"damage":15.0,"enemies":"Lagavulin","floor":14.0,"turns":4.0},{"damage":23,"enemies":"The Guardian","floor":16,"turns":8},{"damage":25,"enemies":"2 Thieves","floor":18,"turns":3},{"damage":19,"enemies":"3 Byrds","floor":20,"turns":4},{"damage":48,"enemies":"Slavers","floor":24,"turns":5}],"seed_played":"-2923575463799035835","potions_obtained":[{"floor":5.0,"key":"BlessingOfTheForge"},{"floor":12.0,"key":"BlessingOfTheForge"},{"floor":14.0,"key":"PotionOfCapacity"}],"is_trial":false,"path_per_floor":["M","?","?","$","M","E","R","E","T","?","E","M","R","E","R","B",null,"M","$","M","?","?","R","E"],"character_chosen":"DEFECT","items_purchased":["Leap"],"campfire_rested":2,"item_purchase_floors":[4],"current_hp_per_floor":[64,57,57,57,57,57,57,45,45,50,40,34,56,41,41,18,62,37,37,18,18,18,40,0,0],"gold":322,"neow_bonus":"THREE_ENEMY_KILL","is_daily":false,"chose_seed":false,"campfire_upgraded":2,"win_rate":0.0,"timestamp":1613393498,"path_taken":["M","?","?","$","?","E","R","E","T","?","E","M","R","E","R","BOSS","M","$","M","?","?","R","E"],"items_purchased_type":["Card"],"build_version":"2020-12-22","purchased_purges":1,"victory":false,"max_hp_per_floor":[71,71,71,71,71,71,71,71,71,76,76,76,76,76,76,76,76,76,76,76,76,76,76,76,76],"relic_stats":{"Dream Catcher":2,"counters":[11,36],"Juzu Bracelet":0,"Whetstone":["Strike_B","Sweeping Beam"],"Cursed Key":0,"obtain_stats":[{"Dream Catcher":8,"NeowsBlessing":0,"Juzu Bracelet":11,"Omamori":14,"Whetstone":6,"Cracked Core":0,"Cursed Key":17,"InkBottle":9},{"Dream Catcher":4,"NeowsBlessing":0,"Juzu Bracelet":5,"Omamori":7,"Whetstone":3,"Cracked Core":0,"Cursed Key":8,"InkBottle":4},{"Dream Catcher":7,"NeowsBlessing":0,"Juzu Bracelet":10,"Omamori":16,"Whetstone":3,"Cracked Core":0,"Cursed Key":24,"InkBottle":7}],"InkBottle":[12]},"card_choices":[{"not_picked":["Coolheaded","Beam Cell"],"picked":"Sweeping Beam","floor":1.0},{"not_picked":["Hologram","Stack"],"picked":"Streamline","floor":5.0},{"not_picked":["Chaos","Beam Cell"],"picked":"FTL","floor":6.0},{"not_picked":["Cold Snap","Force Field"],"picked":"Gash","floor":8.0},{"not_picked":["Meteor Strike","Stack"],"picked":"Cold Snap","floor":11.0},{"not_picked":["Compile Driver","Scrape"],"picked":"Gash","floor":12.0},{"not_picked":["Redo","Storm"],"picked":"Go for the Eyes","floor":13.0},{"not_picked":["Beam Cell","Stack"],"picked":"Machine Learning","floor":14.0},{"not_picked":["Machine Learning","Thunder Strike"],"picked":"Buffer","floor":16},{"not_picked":["Barrage+1","Leap"],"picked":"Beam Cell+1","floor":18},{"not_picked":["Chill","Steam"],"picked":"Rebound","floor":20},{"not_picked":["Force Field","Blizzard"],"picked":"BootSequence","floor":23}],"player_experience":374222,"relics_obtained":[{"floor":6.0,"key":"Whetstone"},{"floor":8.0,"key":"Dream Catcher"},{"floor":9.0,"key":"InkBottle"},{"floor":11.0,"key":"Juzu Bracelet"},{"floor":14.0,"key":"Omamori"}],"event_choices":[{"cards_removed":["Defend_B"],"damage_healed":0.0,"max_hp_gain":0.0,"max_hp_loss":0.0,"gold_gain":0.0,"event_name":"Golden Wing","player_choice":"Card Removal","floor":2.0,"gold_loss":0.0,"damage_taken":7.0},{"cards_removed":["Strike_B"],"damage_healed":0.0,"max_hp_gain":0.0,"max_hp_loss":0.0,"gold_gain":0.0,"event_name":"Purifier","player_choice":"Purged","floor":3.0,"gold_loss":0.0,"damage_taken":0.0},{"damage_healed":0.0,"max_hp_gain":5.0,"max_hp_loss":0.0,"gold_gain":0.0,"event_name":"Big Fish","player_choice":"Donut","floor":10.0,"gold_loss":0.0,"damage_taken":0.0},{"damage_healed":0,"gold_gain":50,"player_choice":"Stole From Cult","damage_taken":0,"max_hp_gain":0,"max_hp_loss":0,"event_name":"Nest","floor":21,"gold_loss":0},{"cards_removed":["Strike_B"],"damage_healed":0,"gold_gain":0,"player_choice":"Gave Gold","damage_taken":0,"max_hp_gain":0,"max_hp_loss":0,"event_name":"Beggar","floor":22,"gold_loss":75}],"is_beta":false,"boss_relics":[{"not_picked":["Philosopher\u0027s Stone","Velvet Choker"],"picked":"Cursed Key"}],"items_purged_floors":[19],"is_endless":false,"potions_floor_spawned":[5,12,14],"killed_by":"Slavers","ascension_level":20}}