{"host":"bpnwh7vpv9k3tssc","time":1613404997,"event":{"mods":["BaseMod","Colored Map","Colored Powertips","Curses Come First","Highlight Path","Minty Spire (QoL Compilation)","Quick Restart","Random Character Button","Relic Sorter","StSLib"],"gold_per_floor":[111,57,57,75,75,75,100,100,100,158,170,170,200,218,218,291,291,305,318,350,368,379,379,406,406,706,719,734,355,375,375,375,449,449,467,417,430,652,670,696,696,726,752,781,781,807,807,820,820,820,820,820,147,179,179,179],"floor_reached":55,"language":"ENG","playtime":2137,"items_purged":["Strike_R","Strike_R","Strike_R"],"score":1572,"play_id":"06c17990-00a6-4048-a1b6-115a4d3373a4","local_time":"20210215170317","is_ascension_mode":true,"campfire_choices":[{"data":"Perfected Strike","floor":6,"key":"SMITH"},{"data":"Uppercut","floor":8,"key":"SMITH"},{"floor":12,"key":"REST"},{"data":"Armaments","floor":15,"key":"SMITH"},{"floor":23,"key":"REST"},{"data":"Brutality","floor":25,"key":"SMITH"},{"data":"Demon Form","floor":32,"key":"SMITH"},{"data":"Limit Break","floor":41,"key":"SMITH"},{"floor":45,"key":"RECALL"},{"data":"Heavy Blade","floor":49,"key":"SMITH"},{"data":"True Grit","floor":52,"key":"SMITH"}],"circlet_count":0,"master_deck":["AscendersBane","Strike_R+1","Strike_R","Defend_R","Defend_R","Defend_R","Defend_R","Bash","Perfected Strike+1","Shrug It Off","Uppercut+1","Heavy Blade+1","Armaments+1","Wild Strike","Demon Form+1","Wild Strike+1","Twin Strike","True Grit+1","Brutality+1","Flame Barrier","Injury","True Grit+1","Inflame","Twin Strike","Writhe","Reaper+1","Entrench","Shrug It Off","Limit Break+1","Warcry+1","Doubt","Whirlwind","Headbutt+1","Shame","Rupture","Limit Break","Exhume"],"relics":["Mark of Pain","Du-Vu Doll","HornCleat","Gambling Chip","Meat on the Bone","Cursed Key","Red Mask","Smiling Mask","Old Coin","Darkstone Periapt","Blue Candle","SlaversCollar","Whetstone","Boot","Sundial","Unceasing Top","Bottled Lightning","Vajra","ClockworkSouvenir","Akabeko","StoneCalendar"],"acts_visited":["Exordium","TheCity","TheBeyond","TheEnding"],"potions_floor_usage":[7,16,20,20,27,33,33,42,55],"damage_taken":[{"damage":16,"enemies":"Jaw Worm","floor":1,"turns":4},{"damage":0,"enemies":"Cultist","floor":4,"turns":3},{"damage":16,"enemies":"Gremlin Nob","floor":7,"turns":3},{"damage":10,"enemies":"Lagavulin Event","floor":10,"turns":4},{"damage":0,"enemies":"2 Louse","floor":11,"turns":3},{"damage":5,"enemies":"3 Sentries","floor":13,"turns":5},{"damage":1,"enemies":"Looter","floor":14,"turns":3},{"damage":13,"enemies":"Slime Boss","floor":16,"turns":7},{"damage":19,"enemies":"Spheric Guardian","floor":18,"turns":4},{"damage":1,"enemies":"2 Thieves","floor":19,"turns":3},{"damage":8,"enemies":"Masked Bandits","floor":20,"turns":4},{"damage":0,"enemies":"Snecko","floor":21,"turns":3},{"damage":16,"enemies":"Sentry and Sphere","floor":22,"turns":4},{"damage":33,"enemies":"Slavers","floor":24,"turns":6},{"damage":12,"enemies":"Shelled Parasite and Fungi","floor":27,"turns":3},{"damage":2,"enemies":"Snecko","floor":28,"turns":3},{"damage":10,"enemies":"Centurion and Healer","floor":30,"turns":4},{"damage":22,"enemies":"Champ","floor":33,"turns":6},{"damage":6,"enemies":"Orb Walker","floor":35,"turns":3},{"damage":25,"enemies":"3 Darklings","floor":37,"turns":4},{"damage":15,"enemies":"Maw","floor":39,"turns":6},{"damage":29,"enemies":"Giant Head","floor":40,"turns":6},{"damage":20,"enemies":"Nemesis","floor":42,"turns":5},{"damage":31,"enemies":"Reptomancer","floor":44,"turns":5},{"damage":41,"enemies":"Giant Head","floor":46,"turns":6},{"damage":20,"enemies":"Transient","floor":48,"turns":5},{"damage":72,"enemies":"Awakened One","floor":50,"turns":6},{"damage":72,"enemies":"Shield and Spear","floor":54,"turns":5},{"damage":67,"enemies":"The Heart","floor":55,"turns":5}],"seed_played":"3266214048193638383","potions_obtained":[{"floor":4,"key":"PowerPotion"},{"floor":7,"key":"Swift Potion"},{"floor":14,"key":"Fire Potion"},{"floor":19,"key":"Fire Potion"},{"floor":21,"key":"Energy Potion"},{"floor":24,"key":"EssenceOfSteel"},{"floor":27,"key":"BlessingOfTheForge"},{"floor":30,"key":"Regen Potion"},{"floor":33,"key":"HeartOfIron"},{"floor":40,"key":"FairyPotion"},{"floor":42,"key":"FearPotion"},{"floor":44,"key":"Strength Potion"},{"floor":46,"key":"ElixirPotion"}],"is_trial":false,"path_per_floor":["M","$","?","M","$","R","E","R","T","?","M","R","E","M","R","B",null,"M","M","?","M","M","R","E","R","T","M","M","$","M","?","R","B",null,"M","$","M","?","M","E","R","E","T","E","R","E","T","M","R","B",null,"R","$","E","B"],"character_chosen":"IRONCLAD","items_purchased":["Perfected Strike","Darkstone Periapt","Twin Strike","Vajra","Limit Break","ClockworkSouvenir","Swift Potion","Akabeko"],"campfire_rested":2,"item_purchase_floors":[2,29,29,53,53,53,53,53],"current_hp_per_floor":[52,52,57,57,57,57,41,41,41,31,31,53,48,47,47,46,68,49,48,40,40,36,58,37,37,37,37,47,47,49,55,55,48,73,67,67,56,56,63,54,54,70,76,85,85,53,59,93,93,92,93,93,93,33,0,0],"gold":179,"neow_bonus":"BOSS_RELIC","is_daily":false,"chose_seed":false,"campfire_upgraded":8,"win_rate":0.0,"timestamp":1613404997,"path_taken":["M","$","?","M","?","R","E","R","T","?","M","R","E","M","R","BOSS","M","M","?","M","M","R","E","R","T","M","M","$","M","?","R","BOSS","M","$","M","?","M","E","R","E","T","E","R","E","?","M","R","BOSS","R","$","E","BOSS"],"items_purchased_type":["Card","Relic","Card","Relic","Card","Relic","Potion","Relic"],"build_version":"2020-12-22","purchased_purges":3,"victory":false,"max_hp_per_floor":[75,75,75,75,75,75,75,75,75,75,75,75,75,75,75,75,75,75,75,75,75,75,75,75,75,75,75,75,75,75,81,81,81,81,81,81,81,81,81,81,81,81,87,87,87,87,93,93,93,93,93,93,93,93,93,93],"card_choices":[{"not_picked":["Sword Boomerang","Havoc"],"picked":"Flex","floor":1},{"not_picked":["Battle Trance","Rampage"],"picked":"Shrug It Off","floor":4},{"not_picked":["Infernal Blade","Rage"],"picked":"Uppercut","floor":7},{"not_picked":["Dropkick","Combust"],"picked":"Heavy Blade","floor":10},{"not_picked":["Twin Strike","Flex"],"picked":"Armaments","floor":11},{"not_picked":["Cleave","Heavy Blade","Headbutt"],"picked":"SKIP","floor":13},{"not_picked":["Burning Pact","Dark Embrace"],"picked":"Wild Strike","floor":14},{"not_picked":["Brutality","Berserk"],"picked":"Demon Form","floor":16},{"not_picked":["Hemokinesis+1","Evolve"],"picked":"Wild Strike+1","floor":18},{"not_picked":["Disarm","Anger","Clash+1"],"picked":"SKIP","floor":19},{"not_picked":["Thunderclap+1","Warcry"],"picked":"Twin Strike","floor":20},{"not_picked":["Sentinel","Cleave"],"picked":"True Grit","floor":21},{"not_picked":["Sword Boomerang","True Grit"],"picked":"Brutality","floor":22},{"not_picked":["Combust","Second Wind"],"picked":"Flame Barrier","floor":24},{"not_picked":["Clothesline","Pommel Strike"],"picked":"True Grit+1","floor":27},{"not_picked":["Feed","Clothesline"],"picked":"Inflame","floor":28},{"not_picked":["Thunderclap","True Grit","Body Slam"],"picked":"SKIP","floor":30},{"not_picked":["Juggernaut","Fiend Fire"],"picked":"Reaper","floor":33},{"not_picked":["Warcry","Flex","Shrug It Off"],"picked":"SKIP","floor":35},{"not_picked":["Flex","Disarm"],"picked":"Entrench","floor":37},{"not_picked":["Iron Wave+1","Uppercut"],"picked":"Shrug It Off","floor":39},{"not_picked":["Twin Strike","Wild Strike"],"picked":"Limit Break","floor":40},{"not_picked":["Pommel Strike","Thunderclap"],"picked":"Warcry+1","floor":42},{"not_picked":["Second Wind","Twin Strike"],"picked":"Whirlwind","floor":44},{"not_picked":["Cleave","Clash+1"],"picked":"Headbutt+1","floor":46},{"not_picked":["Pommel Strike","Clash+1"],"picked":"Rupture","floor":48},{"not_picked":["Headbutt","Body Slam"],"picked":"Exhume","floor":54}],"player_experience":399683,"relics_obtained":[{"floor":7,"key":"Du-Vu Doll"},{"floor":9,"key":"HornCleat"},{"floor":10,"key":"Gambling Chip"},{"floor":13,"key":"Meat on the Bone"},{"floor":20,"key":"Red Mask"},{"floor":24,"key":"Smiling Mask"},{"floor":26,"key":"Old Coin"},{"floor":40,"key":"Whetstone"},{"floor":42,"key":"Boot"},{"floor":44,"key":"Sundial"},{"floor":46,"key":"Unceasing Top"},{"floor":47,"key":"Bottled Lightning"},{"floor":54,"key":"StoneCalendar"}],"event_choices":[{"cards_removed":["Flex"],"damage_healed":5,"gold_gain":0,"player_choice":"Offered Common","damage_taken":0,"max_hp_gain":0,"max_hp_loss":0,"event_name":"Bonfire Elementals","floor":3,"gold_loss":0},{"cards_removed":["Flex"],"damage_healed":5,"gold_gain":0,"player_choice":"Offered Special","damage_taken":0,"max_hp_gain":0,"max_hp_loss":0,"event_name":"Bonfire Elementals","floor":3,"gold_loss":0},{"damage_healed":0,"gold_gain":0,"player_choice":"Searched \u00272\u0027 times","damage_taken":0,"max_hp_gain":0,"max_hp_loss":0,"event_name":"Dead Adventurer","floor":10,"gold_loss":0},{"damage_healed":0,"gold_gain":0,"player_choice":"Fought Bandits","damage_taken":0,"max_hp_gain":0,"max_hp_loss":0,"event_name":"Masked Bandits","floor":20,"gold_loss":0},{"damage_healed":0,"gold_gain":0,"player_choice":"Opened","damage_taken":0,"relics_obtained":["Blue Candle"],"max_hp_gain":0,"max_hp_loss":0,"event_name":"The Mausoleum","floor":31,"gold_loss":0,"cards_obtained":["Writhe"]},{"damage_healed":0,"gold_gain":222,"player_choice":"Wore Mask","damage_taken":0,"max_hp_gain":0,"max_hp_loss":0,"event_name":"Tomb of Lord Red Mask","floor":38,"gold_loss":0}],"is_beta":false,"boss_relics":[{"not_picked":["Runic Cube","Astrolabe"],"picked":"Cursed Key"},{"not_picked":["Sozu","Runic Pyramid"],"picked":"SlaversCollar"}],"items_purged_floors":[29,36,53],"is_endless":false,"potions_floor_spawned":[4,7,14,19,21,24,27,30,33,40,42,44,46,54],"killed_by":"The Heart","ascension_level":16}}