{"host":"e4udrxcgdvpx3wcj","time":1613371288,"event":{"mods":["Act Like it!","Aspiration","Astrologer","BaseMod","Gensokyo","Highlight Path","Infinite Spire","Koishi","Marisa????????","Minty Spire (QoL Compilation)","Replay The Spire","StSLib","SuperFastMode","The Bug Knight","The Construct","The Jungle","The Runesmith","The Servant 0.9.4","TheBandit"],"gold_per_floor":[119,32,32,42,59,59,85,85,110,110,139,158,158,158,158,253,253,267,283,283,297,324,335,370,370,370,370,399,50,65,79,79,178,178,196,214,21,21,21,21],"floor_reached":38,"language":"ENG","playtime":2342,"items_purged":["wariomod:Defend"],"score":771,"play_id":"e1a74caf-3eae-4653-8826-af3c73a10669","local_time":"20210215014128","is_ascension_mode":true,"campfire_choices":[{"data":"wariomod:ImFeelingLucky","floor":6.0,"key":"SMITH"},{"data":"wariomod:BlastDash","floor":8.0,"key":"SMITH"},{"data":"wariomod:Step","floor":15.0,"key":"SMITH"},{"data":"wariomod:SpacialMastery","floor":27.0,"key":"SMITH"},{"data":"wariomod:Strike","floor":32.0,"key":"PURGE"}],"circlet_count":0,"master_deck":["AscendersBane","wariomod:Strike","wariomod:Strike","wariomod:Strike","wariomod:Defend","wariomod:Defend","wariomod:Defend","wariomod:Step+1","wariomod:Leap+1","AbeCurse","wariomod:BlastDash+1","wariomod:ImFeelingLucky+1","wariomod:BoomBoom","wariomod:Leapslam","wariomod:SmallSprint+1","wariomod:Hopshield+1","wariomod:Hopshield+1","wariomod:SpacialMastery+1","wariomod:ThatsNotAll+1","wariomod:Leapslam+1","wariomod:Leapslam","wariomod:BoomForm","wariomod:TheGrandJourney+1","wariomod:TrekTime","ReplayTheSpireMod:Private Reserves","wariomod:SilenceBombs","wariomod:Leapslam","wariomod:MassiveParty","wariomod:TreasureDig","wariomod:SmackSlam","Gensokyo:ScrapIron","Gensokyo:TarnishedGold","Gensokyo:DepletedGenerator","Gensokyo:BlemishedSteel"],"relics":["Abe\u0027s Treasure","Anchor","Smiling Mask","Lantern","Replay:Towering Pillar of Hats","Du-Vu Doll","Shovel","SlaversCollar","aspiration:RitualStick","Red Mask","Replay:Bottled Eggs","aspiration:FetidBarrel","Runesmith:AutoHammer","Membership Card","PreservedInsect","construct:WeddingRing"],"acts_visited":["Gensokyo:Gensokyo","TheCity","Gensokyo:Gensokyoest"],"potions_floor_usage":[38],"damage_taken":[{"damage":0.0,"enemies":"Gensokyo:3_Fairies","floor":1.0,"turns":2.0},{"damage":3.0,"enemies":"Gensokyo:Gryphon","floor":4.0,"turns":2.0},{"damage":7.0,"enemies":"Gensokyo:2_Kodama","floor":5.0,"turns":5.0},{"damage":0.0,"enemies":"Gensokyo:Cirno","floor":7.0,"turns":5.0},{"damage":11.0,"enemies":"Gensokyo:Mamizou","floor":11.0,"turns":6.0},{"damage":0.0,"enemies":"Gensokyo:2_Rabbits","floor":12.0,"turns":3.0},{"damage":45.0,"enemies":"Gensokyo:Yukari","floor":16.0,"turns":11.0},{"damage":0.0,"enemies":"3 Byrds","floor":18.0,"turns":3.0},{"damage":0.0,"enemies":"Chosen","floor":19.0,"turns":3.0},{"damage":8.0,"enemies":"Centurion and Healer","floor":21.0,"turns":4.0},{"damage":0.0,"enemies":"Masked Bandits","floor":22.0,"turns":2.0},{"damage":0.0,"enemies":"3 Cultists","floor":23.0,"turns":3.0},{"damage":34.0,"enemies":"Book of Stabbing","floor":24.0,"turns":5.0},{"damage":4.0,"enemies":"Gremlin Leader","floor":28.0,"turns":4.0},{"damage":4.0,"enemies":"Snecko","floor":30.0,"turns":4.0},{"damage":6.0,"enemies":"Shelled Parasite and Fungi","floor":31.0,"turns":4.0},{"damage":26.0,"enemies":"Automaton","floor":33.0,"turns":5.0},{"damage":23.0,"enemies":"Gensokyo:AncientGuardian","floor":35.0,"turns":4.0},{"damage":29.0,"enemies":"Gensokyo:3_Boulders","floor":36.0,"turns":4.0},{"damage":16,"enemies":"Gensokyo:Rafflesia","floor":38,"turns":5}],"seed_played":"5653681722651040987","potions_obtained":[{"floor":1.0,"key":"Doom Potion"},{"floor":5.0,"key":"EssenceOfSteel"},{"floor":16.0,"key":"Reflective Coating"},{"floor":21.0,"key":"SteroidPotion"},{"floor":23.0,"key":"CultistPotion"},{"floor":28.0,"key":"GamblersBrew"}],"is_trial":false,"path_per_floor":["M","COS","$","M","M","R","E","R","T","?","E","M","T","?","R","B",null,"M","M","?","M","?","M","E","?","T","R","E","$","M","M","R","B",null,"M","M","COS","M"],"character_chosen":"THE_BANDIT","items_purchased":["Membership Card","PreservedInsect","wariomod:TrekTime","ReplayTheSpireMod:Private Reserves"],"campfire_rested":0,"item_purchase_floors":[29,29,29,29],"current_hp_per_floor":[72,72,72,69,62,62,62,62,62,62,51,51,51,51,51,6,62,62,62,46,38,38,38,4,80,80,80,76,76,72,66,66,40,70,47,18,18,2,2,2],"gold":21,"neow_bonus":"BOSS_RELIC","is_daily":false,"chose_seed":false,"campfire_upgraded":4,"win_rate":0.0,"timestamp":1613371288,"path_taken":["M","COS","?","M","M","R","E","R","T","?","E","?","?","?","R","BOSS","M","M","?","M","?","M","E","?","T","R","E","$","M","?","R","BOSS","M","M","COS","M"],"items_purchased_type":["Relic","Relic","Card","Card"],"build_version":"2020-12-22","purchased_purges":1,"victory":false,"max_hp_per_floor":[80,80,80,80,80,80,80,80,80,80,80,80,80,80,80,80,80,80,80,80,80,80,80,80,80,80,80,80,80,80,80,80,80,80,80,80,80,80,80,80],"card_choices":[{"not_picked":["wariomod:Bombshield","wariomod:BodyBlock"],"picked":"wariomod:BlastDash","floor":1.0},{"not_picked":["wariomod:Boomsmack","wariomod:Bombtime"],"picked":"wariomod:ImFeelingLucky","floor":4.0},{"not_picked":["wariomod:NullJump","wariomod:DamnedStrength"],"picked":"wariomod:BoomBoom","floor":5.0},{"not_picked":["wariomod:f","wariomod:Sidestep"],"picked":"wariomod:Leapslam","floor":7.0},{"not_picked":["wariomod:SpikeSlash","wariomod:DamnedStrength"],"picked":"wariomod:Hopshield","floor":11.0},{"not_picked":["wariomod:DoubleDip","wariomod:Boomsmack"],"picked":"wariomod:Hopshield","floor":12.0},{"not_picked":["wariomod:ShipSmash","wariomod:PoisonBombs"],"picked":"wariomod:SpacialMastery","floor":16.0},{"not_picked":["wariomod:DanceDash","wariomod:DoubleDash"],"picked":"wariomod:ThatsNotAll+1","floor":18.0},{"not_picked":["wariomod:HastyRush","wariomod:DanceDash"],"picked":"wariomod:Leapslam+1","floor":19.0},{"not_picked":["wariomod:HappyHop","wariomod:SpaceSwap+1","wariomod:PayItForwards"],"picked":"SKIP","floor":21.0},{"not_picked":["wariomod:SmallSprint","wariomod:AwfulLook+1"],"picked":"wariomod:Leapslam","floor":23.0},{"not_picked":["wariomod:Smackflip","wariomod:BoomForm","wariomod:BigUpgrade"],"picked":"SKIP","floor":24.0},{"not_picked":["wariomod:Smackflip","wariomod:BigUpgrade"],"picked":"wariomod:BoomForm","floor":24.0},{"not_picked":["wariomod:BumRush","wariomod:HastyRush"],"picked":"wariomod:TheGrandJourney+1","floor":28.0},{"not_picked":["wariomod:ChargeForth","wariomod:SmackSlam"],"picked":"wariomod:SilenceBombs","floor":30.0},{"not_picked":["wariomod:SpaceSwap","wariomod:SpikeSlash"],"picked":"wariomod:Leapslam","floor":31.0},{"not_picked":["wariomod:DeadlyDash","wariomod:BoomAndDoom"],"picked":"wariomod:MassiveParty","floor":33.0},{"not_picked":["wariomod:HappyHop","wariomod:DoubleDash"],"picked":"wariomod:TreasureDig","floor":35.0},{"not_picked":["wariomod:AwfulLook+1","wariomod:Boomsmack"],"picked":"wariomod:SmackSlam","floor":36.0}],"player_experience":2394911,"relics_obtained":[{"floor":7.0,"key":"Smiling Mask"},{"floor":9.0,"key":"Lantern"},{"floor":11.0,"key":"Du-Vu Doll"},{"floor":13.0,"key":"Shovel"},{"floor":22.0,"key":"Red Mask"},{"floor":24.0,"key":"Replay:Bottled Eggs"},{"floor":26.0,"key":"aspiration:FetidBarrel"},{"floor":28.0,"key":"Runesmith:AutoHammer"}],"event_choices":[{"damage_healed":0.0,"max_hp_gain":0.0,"max_hp_loss":0.0,"gold_gain":0.0,"event_name":"Masked Bandits","player_choice":"Fought Bandits","floor":22.0,"gold_loss":0.0,"damage_taken":0.0},{"damage_healed":76.0,"max_hp_gain":0.0,"max_hp_loss":0.0,"gold_gain":0.0,"event_name":"Wheel of Change","player_choice":"Full Heal","floor":25.0,"gold_loss":0.0,"damage_taken":0.0}],"is_beta":false,"boss_relics":[{"not_picked":["Ring of Chaos","wariomod:DoomHat"],"picked":"SlaversCollar"},{"not_picked":["Painkiller Herb","Tiny House"],"picked":"construct:WeddingRing"}],"items_purged_floors":[29],"is_endless":false,"potions_floor_spawned":[1,5,16,21,23,28,33],"killed_by":"Gensokyo:Rafflesia","ascension_level":12}}