{"host":"wbs0wzz0alz01mnq","time":1613414210,"event":{"mods":["2.2 Compatiblity","BaseMod","Clawfect","Downfall","GifTheSpireLib","Googly Eyes","Minty Spire (QoL Compilation)","Quick Restart","StSLib"],"gold_per_floor":[99,99,99,274,274,274,274,28,28,28,28,13,29,46,61,61,61,61],"floor_reached":16,"language":"ENG","playtime":1110,"items_purged":["Doubt"],"score":85,"play_id":"0a70504c-3b76-4a3e-8541-354f50925e96","local_time":"20210215133650","is_ascension_mode":false,"campfire_choices":[{"data":"hexamod:Float","floor":1,"key":"SMITH"},{"data":"hexamod:GhostflameInferno","floor":9,"key":"SMITH"}],"circlet_count":0,"master_deck":["hexamod:Strike","hexamod:Strike","hexamod:Strike+1","hexamod:Strike","hexamod:Defend","hexamod:Defend+1","hexamod:Defend","hexamod:Defend","hexamod:Sear+1","hexamod:Float+1","hexamod:FastForward","hexamod:GhostflameInferno+1","hexamod:ExtraCrispy","hexamod:CatchUp","hexamod:ForkedFlame+1","hexamod:Rewind","hexamod:ThirdSeal","hexamod:FirstSeal","hexamod:NecessarySacrifice","hexamod:GhostflameInferno","hexamod:ExtraCrispy"],"relics":["hexamod:SpiritBrand","downfall:HeartsMalice","Pear","Molten Egg 2","Spirit Poop"],"acts_visited":["Exordium"],"potions_floor_usage":[16],"damage_taken":[{"damage":0,"enemies":"Cultist","floor":2,"turns":1},{"damage":0,"enemies":"Small Slimes","floor":3,"turns":1},{"damage":0,"enemies":"2 Louse","floor":5,"turns":1},{"damage":5,"enemies":"downfall:FleeingMerchant","floor":8,"turns":4},{"damage":5,"enemies":"downfall:FleeingMerchant","floor":12,"turns":4},{"damage":0,"enemies":"Large Slime","floor":13,"turns":4},{"damage":5,"enemies":"Exordium Thugs","floor":14,"turns":3},{"damage":20,"enemies":"Exordium Wildlife","floor":15,"turns":4},{"damage":50,"enemies":"WA_ARCHETYPE_RETAIN","floor":16,"turns":6}],"seed_played":"-3255303474906413664","potions_obtained":[{"floor":13,"key":"SkillPotion"},{"floor":15,"key":"SpeedPotion"}],"is_trial":false,"path_per_floor":["R","M","M","?","M","?","T","$","R","?","?","$","M","M","M","B"],"character_chosen":"THE_SPIRIT","items_purchased":["hexamod:ForkedFlame+1"],"campfire_rested":0,"item_purchase_floors":[8],"current_hp_per_floor":[70,70,70,70,70,73,73,68,68,68,68,63,63,58,45,0,0,0],"gold":61,"neow_bonus":"THREE_ENEMY_KILL","is_daily":false,"chose_seed":false,"campfire_upgraded":2,"win_rate":0.0,"timestamp":1613414210,"path_taken":["R","M","M","?","M","?","T","$","R","?","?","$","M","?","M","BOSS"],"items_purchased_type":["Card"],"build_version":"2020-12-22","purchased_purges":1,"victory":false,"max_hp_per_floor":[70,70,70,70,70,80,80,80,80,80,80,80,80,80,80,80,80,80],"card_choices":[{"not_picked":["hexamod:ThermalTransfer","hexamod:ShieldOfDarkness"],"picked":"hexamod:FastForward","floor":2},{"not_picked":["hexamod:EtherealExpedition","hexamod:AdvancingGuard"],"picked":"hexamod:GhostflameInferno","floor":3},{"not_picked":["hexamod:SpectersWail","hexamod:InspiringFlames"],"picked":"hexamod:ExtraCrispy","floor":5},{"not_picked":["hexamod:SwordOfDarkness+1","hexamod:HeatMetal+1"],"picked":"hexamod:CatchUp","floor":8},{"not_picked":["hexamod:Firestarter+1","hexamod:BurningTouch"],"picked":"hexamod:Rewind","floor":12},{"not_picked":["hexamod:PhantomCloak","hexamod:SoulSteal"],"picked":"hexamod:ThirdSeal","floor":13},{"not_picked":["hexamod:AdvancingGuard","hexamod:SwordOfDarkness+1"],"picked":"hexamod:FirstSeal","floor":14},{"not_picked":["hexamod:NightmareGuise","hexamod:ShieldOfDarkness"],"picked":"hexamod:NecessarySacrifice","floor":14},{"not_picked":["hexamod:BacktrackSmack+1","hexamod:BurningTouch"],"picked":"hexamod:GhostflameInferno","floor":15},{"not_picked":["hexamod:ShieldOfDarkness","hexamod:NightmareStrike+1"],"picked":"hexamod:ExtraCrispy","floor":15}],"player_experience":50893,"relics_obtained":[{"floor":7,"key":"Molten Egg 2"}],"event_choices":[{"damage_healed":0,"gold_gain":0,"player_choice":"Success","damage_taken":7,"relics_obtained":["Pear"],"max_hp_gain":0,"max_hp_loss":0,"event_name":"Scrap Ooze","floor":6,"gold_loss":0},{"cards_removed":["downfall:Malfunctioning"],"damage_healed":0,"gold_gain":0,"player_choice":"Offered Curse","damage_taken":0,"relics_obtained":["Spirit Poop"],"max_hp_gain":0,"max_hp_loss":0,"event_name":"Bonfire Elementals","floor":11,"gold_loss":0}],"is_beta":false,"boss_relics":[],"items_purged_floors":[8],"is_endless":false,"potions_floor_spawned":[13,15],"killed_by":"WA_ARCHETYPE_RETAIN","ascension_level":0}}