{"host":"lzpp66udqthct9jv","time":1613362209,"event":{"mods":["Act Like it!","BaseMod","Better-Laid Plans","Chen","Emptier Cage","Gensokyo","Highlight Path","Koishi","Marisa£®ÏF”Í°°ƒß¿Ì…≥£©","Minty Spire (QoL Compilation)","Pale of the Ancients","Quick Restart","Reimu£®≤©¿ˆ¡È√Œ£©","Remilia£®¿Ÿ√◊¿Ú—«£©","Shop Mod","StSLib","The Administrix","The Servant 0.9.4","Yakumo Yukari mod","Youmu£®ªÍ∆«—˝√Œ£©","Yuyuko","ÛÙª÷∏ƒœ"],"gold_per_floor":[362,362,108,108,126,126,154,166,166,199,64,74,74,74,74,147,147,359,559,371,391,115,115,115],"floor_reached":23,"language":"ZHS","playtime":879,"items_purged":["Strike_R","Strike_R"],"score":374,"play_id":"bbe996cc-9208-47ac-a631-edf03a605bf0","local_time":"20210215121009","is_ascension_mode":true,"campfire_choices":[{"data":"Apotheosis","floor":6.0,"key":"SMITH"},{"data":"Inflame","floor":13.0,"key":"SMITH"},{"data":"Dark Embrace","floor":15.0,"key":"SMITH"}],"circlet_count":0,"master_deck":["AscendersBane","Strike_R","Strike_R","Strike_R","Defend_R","Defend_R","Defend_R","Defend_R","Bash","Sword Boomerang","Blood for Blood","Apotheosis+1","Inflame+1","Dark Embrace+1","Whirlwind","Gensokyo:RustyChest","True Grit","Limit Break","Reaper","Double Tap","Shrug It Off+1"],"relics":["Burning Blood","Champion Belt","PureWhite:ReiMu","Omamori","Bag of Marbles","Mark of Pain","Eternal Feather"],"acts_visited":["Gensokyo:Gensokyo","TheCity"],"potions_floor_usage":[23],"damage_taken":[{"damage":9.0,"enemies":"Gensokyo:3_Fairies","floor":1.0,"turns":5.0},{"damage":19.0,"enemies":"Gensokyo:2_Kodama","floor":5.0,"turns":4.0},{"damage":19.0,"enemies":"Gensokyo:Aya","floor":7.0,"turns":7.0},{"damage":5.0,"enemies":"Gensokyo:Gryphon","floor":8.0,"turns":4.0},{"damage":9.0,"enemies":"Gensokyo:Cirno","floor":10.0,"turns":8.0},{"damage":9.0,"enemies":"Gensokyo:VengefulSpirit","floor":12.0,"turns":5.0},{"damage":31.0,"enemies":"Gensokyo:Yukari","floor":16.0,"turns":13.0},{"damage":46.0,"enemies":"2 Thieves","floor":18.0,"turns":4.0},{"damage":0.0,"enemies":"3 Byrds","floor":21.0,"turns":5.0},{"damage":13,"enemies":"Slavers","floor":23,"turns":3}],"seed_played":"-580849371052544443","potions_obtained":[{"floor":5.0,"key":"Block Potion"},{"floor":8.0,"key":"SpeedPotion"},{"floor":12.0,"key":"EssenceOfSteel"}],"is_trial":false,"path_per_floor":["M","?","$","?","M","R","E","M","T","E","COS","M","R","$","R","B",null,"M","?","$","M","$","E"],"character_chosen":"IRONCLAD","items_purchased":["Apotheosis","Reaper","Eternal Feather"],"campfire_rested":0,"item_purchase_floors":[3,20,22],"current_hp_per_floor":[65,65,65,65,52,52,39,40,40,37,37,34,34,34,34,9,53,13,13,13,19,19,6,6],"gold":115,"neow_bonus":"TWO_FIFTY_GOLD","is_daily":false,"chose_seed":false,"campfire_upgraded":3,"win_rate":0.0,"timestamp":1613362209,"path_taken":["M","?","$","?","M","R","E","M","T","E","COS","M","R","?","R","BOSS","M","?","?","?","$","E"],"items_purchased_type":["Card","Card","Relic"],"build_version":"2020-12-22","purchased_purges":2,"victory":false,"max_hp_per_floor":[68,68,68,68,68,68,68,68,68,68,68,68,68,68,68,68,68,68,68,68,68,68,68,68],"card_choices":[{"not_picked":["Pommel Strike","Armaments"],"picked":"Sword Boomerang","floor":1.0},{"not_picked":["Wild Strike","Sword Boomerang"],"picked":"Blood for Blood","floor":2.0},{"not_picked":["Clash","Anger","True Grit"],"picked":"SKIP","floor":5.0},{"not_picked":["Thunderclap","Anger"],"picked":"Inflame","floor":7.0},{"not_picked":["True Grit","Flex"],"picked":"Dark Embrace","floor":8.0},{"not_picked":["Wild Strike","Berserk"],"picked":"Whirlwind","floor":10.0},{"not_picked":["Carnage","Anger"],"picked":"True Grit","floor":12.0},{"not_picked":["Berserk","Exhume"],"picked":"Limit Break","floor":16.0},{"not_picked":["Clothesline+1","Shrug It Off","Havoc"],"picked":"SKIP","floor":18.0},{"not_picked":["Brutality","Juggernaut"],"picked":"Double Tap","floor":21.0},{"not_picked":["Clash","Pommel Strike"],"picked":"Shrug It Off+1","floor":21.0}],"player_experience":1863205,"relics_obtained":[{"floor":7.0,"key":"Champion Belt"},{"floor":9.0,"key":"PureWhite:ReiMu"},{"floor":10.0,"key":"Omamori"}],"event_choices":[{"damage_healed":0.0,"max_hp_gain":0.0,"max_hp_loss":0.0,"gold_gain":200.0,"event_name":"Wheel of Change","player_choice":"Gold","floor":19.0,"gold_loss":0.0,"damage_taken":0.0}],"is_beta":false,"boss_relics":[{"not_picked":["Cursed Key","Black Star"],"picked":"Mark of Pain"}],"items_purged_floors":[3,20],"is_endless":false,"potions_floor_spawned":[5,8,12],"killed_by":"Slavers","ascension_level":20}}