{"host":"or8fr2mp0k3eluj8","time":1613389757,"event":{"mods":["AchievementEnabler","BaseMod","Colored Map","DeckTracker","Minty Spire (QoL Compilation)","SuperFastMode"],"gold_per_floor":[119,119,133,24,24,49,49,62,62,75,75,75,90,107,107,207,207,223,236,256,268,284,284,194,226,226,261,261,186,204,104,104,200,200,218,230,244,261,112,145,162,162,212,87,87,87,115,126,126,126,126,126,126,159,159,159],"floor_reached":55,"language":"KOR","playtime":2781,"items_purged":["Defend_B","Defend_B","Strike_B"],"score":783,"play_id":"c5a0f616-b21f-47e8-b38b-42513a284010","local_time":"20210215204917","is_ascension_mode":true,"campfire_choices":[{"floor":7,"key":"REST"},{"data":"Chill","floor":11,"key":"SMITH"},{"data":"Zap","floor":15,"key":"SMITH"},{"data":"Defragment","floor":23,"key":"SMITH"},{"floor":28,"key":"RECALL"},{"data":"Blizzard","floor":32,"key":"SMITH"},{"floor":42,"key":"REST"},{"data":"Defragment","floor":49,"key":"SMITH"},{"data":"Capacitor","floor":52,"key":"SMITH"}],"circlet_count":0,"master_deck":["Strike_B","Strike_B","Defend_B","Zap+1","Dualcast","Seek","Coolheaded","Blizzard+1","Glacier+1","Chill+1","Hologram","BootSequence","Cold Snap","Defragment+1","Redo+1","Defragment+1","Capacitor+1"],"relics":["Cracked Core","HornCleat","Lizard Tail","MealTicket","Sozu","Strawberry","Eternal Feather","Black Star","DataDisk","StoneCalendar","Thread and Needle","Potion Belt","Blue Candle","Toy Ornithopter","Symbiotic Virus","Emotion Chip"],"acts_visited":["Exordium","TheCity","TheBeyond","TheEnding"],"potions_floor_usage":[18,54,55],"damage_taken":[{"damage":7,"enemies":"Small Slimes","floor":1,"turns":3},{"damage":0,"enemies":"Cultist","floor":3,"turns":2},{"damage":16,"enemies":"Gremlin Nob","floor":6,"turns":4},{"damage":4,"enemies":"Jaw Worm","floor":8,"turns":3},{"damage":0,"enemies":"Gremlin Gang","floor":10,"turns":4},{"damage":0,"enemies":"Looter","floor":13,"turns":4},{"damage":0,"enemies":"Lots of Slimes","floor":14,"turns":3},{"damage":19,"enemies":"Slime Boss","floor":16,"turns":10},{"damage":5,"enemies":"2 Thieves","floor":18,"turns":5},{"damage":1,"enemies":"Shell Parasite","floor":19,"turns":7},{"damage":13,"enemies":"Snake Plant","floor":20,"turns":6},{"damage":2,"enemies":"Cultist and Chosen","floor":21,"turns":7},{"damage":8,"enemies":"Snecko","floor":22,"turns":7},{"damage":54,"enemies":"Gremlin Leader","floor":25,"turns":13},{"damage":9,"enemies":"Book of Stabbing","floor":27,"turns":7},{"damage":0,"enemies":"Snake Plant","floor":30,"turns":5},{"damage":22,"enemies":"Automaton","floor":33,"turns":12},{"damage":0,"enemies":"Orb Walker","floor":35,"turns":4},{"damage":0,"enemies":"3 Shapes","floor":36,"turns":4},{"damage":11,"enemies":"Spire Growth","floor":37,"turns":6},{"damage":21,"enemies":"Maw","floor":38,"turns":9},{"damage":58,"enemies":"Nemesis","floor":40,"turns":11},{"damage":0,"enemies":"Sphere and 2 Shapes","floor":41,"turns":6},{"damage":0,"enemies":"Reptomancer","floor":47,"turns":9},{"damage":4,"enemies":"Jaw Worm Horde","floor":48,"turns":5},{"damage":3,"enemies":"Time Eater","floor":50,"turns":18},{"damage":2,"enemies":"Shield and Spear","floor":54,"turns":9},{"damage":89,"enemies":"The Heart","floor":55,"turns":15}],"seed_played":"-1128232437183637104","potions_obtained":[{"floor":3,"key":"Block Potion"},{"floor":8,"key":"Fire Potion"},{"floor":10,"key":"EssenceOfDarkness"},{"floor":16,"key":"PotionOfCapacity"}],"is_trial":false,"path_per_floor":["M","?","M","$","?","E","R","M","T","M","R","?","M","M","R","B",null,"M","M","M","M","M","R","?","E","T","E","R","$","M","$","R","B",null,"M","M","M","M","$","E","M","R","T","$","?","?","E","M","R","B",null,"R","$","E","B"],"character_chosen":"DEFECT","items_purchased":["Blizzard","Glacier","DataDisk"],"campfire_rested":2,"item_purchase_floors":[4,4,39],"current_hp_per_floor":[47,40,40,40,40,24,46,42,42,42,42,42,42,42,42,23,75,70,69,56,54,46,46,46,44,44,35,44,59,59,74,82,60,82,82,82,71,50,65,7,7,40,40,55,55,55,55,51,60,57,78,78,78,76,0,0],"gold":159,"neow_bonus":"THREE_RARE_CARDS","is_daily":false,"chose_seed":false,"campfire_upgraded":6,"win_rate":0.0,"timestamp":1613389757,"path_taken":["M","?","M","$","?","E","R","M","T","?","R","?","M","M","R","BOSS","M","M","?","?","M","R","?","E","T","E","R","$","M","$","R","BOSS","M","M","?","M","?","E","M","R","T","$","?","?","E","?","R","BOSS","R","$","E","BOSS"],"items_purchased_type":["Card","Card","Relic"],"build_version":"2020-12-22","purchased_purges":3,"victory":false,"max_hp_per_floor":[75,75,75,75,75,75,75,75,75,75,75,75,75,75,75,75,75,75,75,75,75,75,75,75,82,82,82,82,82,82,82,82,82,82,82,82,82,82,82,82,82,82,82,82,78,78,78,78,78,78,78,78,78,78,78,78],"card_choices":[{"not_picked":["Core Surge","Hyperbeam"],"picked":"Seek","floor":0},{"not_picked":["Lockon","Compile Driver"],"picked":"Ball Lightning","floor":1},{"not_picked":["Leap","Beam Cell"],"picked":"Coolheaded","floor":3},{"not_picked":["Heatsinks","Steam","Rebound"],"picked":"SKIP","floor":6},{"not_picked":["Chaos","Sweeping Beam"],"picked":"Chill","floor":8},{"not_picked":["Coolheaded","Ball Lightning","Conserve Battery"],"picked":"SKIP","floor":10},{"not_picked":["Creative AI","Compile Driver"],"picked":"Hologram","floor":13},{"not_picked":["Conserve Battery","Recycle"],"picked":"BootSequence","floor":14},{"not_picked":["Sweeping Beam","Go for the Eyes+1"],"picked":"Cold Snap","floor":18},{"not_picked":["Go for the Eyes","Rebound+1","Conserve Battery"],"picked":"SKIP","floor":19},{"not_picked":["Darkness+1","Chill"],"picked":"Defragment","floor":20},{"not_picked":["Sweeping Beam+1","Go for the Eyes","Hologram"],"picked":"SKIP","floor":21},{"not_picked":["Genetic Algorithm+1","Static Discharge"],"picked":"Redo+1","floor":22},{"not_picked":["Fusion+1","Turbo","Core Surge"],"picked":"SKIP","floor":25},{"not_picked":["Hologram+1","Glacier","Go for the Eyes+1"],"picked":"SKIP","floor":27},{"not_picked":["Stack","Tempest+1","Consume"],"picked":"SKIP","floor":30},{"not_picked":["Recycle+1","Streamline"],"picked":"Defragment","floor":35},{"not_picked":["Genetic Algorithm+1","Leap","Stack"],"picked":"SKIP","floor":36},{"not_picked":["Cold Snap","Turbo+1","Hologram"],"picked":"SKIP","floor":37},{"not_picked":["Gash","Leap+1","Hologram+1"],"picked":"SKIP","floor":38},{"not_picked":["Core Surge","Self Repair"],"picked":"Capacitor","floor":40},{"not_picked":["Chill","Compile Driver","Go for the Eyes"],"picked":"SKIP","floor":41},{"not_picked":["Consume","Redo+1","Auto Shields"],"picked":"SKIP","floor":47},{"not_picked":["Compile Driver+1","Consume+1","Chill+1"],"picked":"SKIP","floor":48},{"not_picked":["Fission","Beam Cell+1","Compile Driver+1"],"picked":"SKIP","floor":54}],"player_experience":333488,"relics_obtained":[{"floor":6,"key":"HornCleat"},{"floor":9,"key":"Lizard Tail"},{"floor":25,"key":"Strawberry"},{"floor":27,"key":"Eternal Feather"},{"floor":40,"key":"StoneCalendar"},{"floor":40,"key":"Thread and Needle"},{"floor":43,"key":"Potion Belt"},{"floor":47,"key":"Blue Candle"},{"floor":47,"key":"Toy Ornithopter"},{"floor":54,"key":"Symbiotic Virus"},{"floor":54,"key":"Emotion Chip"}],"event_choices":[{"cards_removed":["Strike_B"],"damage_healed":0,"gold_gain":0,"player_choice":"Card Removal","damage_taken":7,"max_hp_gain":0,"max_hp_loss":0,"event_name":"Golden Wing","floor":2,"gold_loss":0},{"damage_healed":0,"gold_gain":0,"player_choice":"Upgraded","damage_taken":0,"max_hp_gain":0,"max_hp_loss":0,"event_name":"Upgrade Shrine","floor":5,"gold_loss":0,"cards_upgraded":["Glacier"]},{"damage_healed":0,"gold_gain":0,"player_choice":"Gave Potion","damage_taken":0,"relics_obtained":["MealTicket"],"max_hp_gain":0,"max_hp_loss":0,"event_name":"WeMeetAgain","floor":12,"gold_loss":0},{"cards_removed":["Defend_B"],"damage_healed":0,"gold_gain":0,"player_choice":"Upgrade and Remove","damage_taken":0,"max_hp_gain":0,"max_hp_loss":0,"event_name":"Designer","floor":24,"gold_loss":90,"cards_upgraded":["Ball Lightning"]},{"damage_healed":0,"gold_gain":0,"player_choice":"Max HP","damage_taken":0,"max_hp_gain":0,"max_hp_loss":4,"event_name":"Winding Halls","floor":45,"gold_loss":0},{"cards_removed":["Ball Lightning"],"damage_healed":0,"gold_gain":0,"player_choice":"Removed Attack","damage_taken":0,"max_hp_gain":0,"max_hp_loss":0,"event_name":"Falling","floor":46,"gold_loss":0}],"is_beta":false,"boss_relics":[{"not_picked":["SlaversCollar","Astrolabe"],"picked":"Sozu"},{"not_picked":["Cursed Key","Runic Pyramid"],"picked":"Black Star"}],"items_purged_floors":[29,31,44],"is_endless":false,"potions_floor_spawned":[3,8,10,16,21,22,25,30,33,37,40,41,47,54],"killed_by":"The Heart","ascension_level":1}}