{"host":"qxeepl7ydvsgmfdb","time":1613370347,"event":{"mods":["AchievementEnabler","BaseMod","Colored Powertips","Minty Spire (QoL Compilation)","Quick Restart","slay the spire mod where everything is the same but ironclad has a cowboy hat"],"gold_per_floor":[119,138,288,45,120,148,73,102,126,91,107,107,107,125,125,199,199,214,229,229,229,229],"floor_reached":21,"language":"ENG","playtime":816,"items_purged":["Doubt"],"score":382,"play_id":"773abd68-5dc1-4ef4-9503-5a7a05380080","local_time":"20210215012547","is_ascension_mode":true,"campfire_choices":[{"floor":15,"key":"REST"}],"circlet_count":0,"master_deck":["AscendersBane","Strike_G","Strike_G","Strike_G","Strike_G","Defend_G","Defend_G","Defend_G","Defend_G","Defend_G","Survivor","Neutralize","Backstab","Dagger Spray","Terror+1","Noxious Fumes","CurseOfTheBell","Deadly Poison"],"relics":["Ring of the Snake","NeowsBlessing","Strawberry","Lantern","Kunai","Art of War","Calling Bell","Boot","Mercury Hourglass","Peace Pipe"],"acts_visited":["Exordium","TheCity"],"potions_floor_usage":[19,21,21],"damage_taken":[{"damage":0,"enemies":"Jaw Worm","floor":1,"turns":1},{"damage":0,"enemies":"2 Louse","floor":2,"turns":2},{"damage":0,"enemies":"Gremlin Nob","floor":6,"turns":1},{"damage":50,"enemies":"3 Sentries","floor":8,"turns":10},{"damage":0,"enemies":"Cultist","floor":11,"turns":2},{"damage":0,"enemies":"Exordium Wildlife","floor":14,"turns":4},{"damage":42,"enemies":"The Guardian","floor":16,"turns":14},{"damage":44,"enemies":"Shell Parasite","floor":18,"turns":7},{"damage":2,"enemies":"2 Thieves","floor":19,"turns":4},{"damage":10,"enemies":"Snake Plant","floor":21,"turns":4}],"seed_played":"-2357529941281178803","potions_obtained":[{"floor":6,"key":"GhostInAJar"},{"floor":8,"key":"Explosive Potion"},{"floor":19,"key":"PowerPotion"}],"is_trial":false,"path_per_floor":["M","M","?","$","?","E","$","E","T","?","M","$","?","M","R","B",null,"M","M","?","M"],"character_chosen":"THE_SILENT","items_purchased":["Strawberry","Terror"],"campfire_rested":1,"item_purchase_floors":[4,7],"current_hp_per_floor":[59,59,59,66,55,55,55,5,5,23,23,23,23,23,44,2,55,11,9,9,0,0],"gold":229,"neow_bonus":"THREE_ENEMY_KILL","is_daily":false,"chose_seed":false,"campfire_upgraded":0,"win_rate":0.0,"timestamp":1613370347,"path_taken":["M","M","?","$","?","E","$","E","T","?","?","$","?","M","R","BOSS","M","?","?","?"],"items_purchased_type":["Relic","Card"],"build_version":"2020-12-22","purchased_purges":1,"victory":false,"max_hp_per_floor":[66,66,66,73,73,73,73,73,73,73,73,73,73,73,73,73,73,73,73,73,73,73],"card_choices":[{"not_picked":["Outmaneuver","PiercingWail","Choke"],"picked":"SKIP","floor":1},{"not_picked":["Masterful Stab","Underhanded Strike"],"picked":"Backstab","floor":2},{"not_picked":["Caltrops","Eviscerate"],"picked":"Dagger Spray","floor":6},{"not_picked":["Terror","Poisoned Stab"],"picked":"Noxious Fumes","floor":8},{"not_picked":["Choke","All Out Attack","Outmaneuver"],"picked":"SKIP","floor":11},{"not_picked":["Predator","Backflip","Prepared"],"picked":"SKIP","floor":14},{"not_picked":["Setup","Finisher"],"picked":"Deadly Poison","floor":18},{"not_picked":["Underhanded Strike","Quick Slash","Dagger Spray"],"picked":"SKIP","floor":19}],"player_experience":140961,"relics_obtained":[{"floor":6,"key":"Lantern"},{"floor":8,"key":"Kunai"},{"floor":9,"key":"Art of War"},{"floor":17,"key":"Boot"},{"floor":17,"key":"Mercury Hourglass"},{"floor":17,"key":"Peace Pipe"}],"event_choices":[{"damage_healed":0,"gold_gain":150,"player_choice":"AGREE","damage_taken":0,"max_hp_gain":0,"max_hp_loss":0,"event_name":"Liars Game","floor":3,"gold_loss":0,"cards_obtained":["Doubt"]},{"damage_healed":0,"gold_gain":75,"player_choice":"Gather Gold","damage_taken":11,"max_hp_gain":0,"max_hp_loss":0,"event_name":"World of Goop","floor":5,"gold_loss":0},{"damage_healed":18,"gold_gain":0,"player_choice":"Healed","damage_taken":0,"max_hp_gain":0,"max_hp_loss":0,"event_name":"The Cleric","floor":10,"gold_loss":35},{"cards_removed":["Strike_G"],"damage_healed":0,"gold_gain":0,"player_choice":"Card Removal","damage_taken":0,"max_hp_gain":0,"max_hp_loss":0,"event_name":"Wheel of Change","floor":13,"gold_loss":0},{"damage_healed":0,"gold_gain":0,"player_choice":"Forge","damage_taken":0,"max_hp_gain":0,"max_hp_loss":0,"event_name":"Accursed Blacksmith","floor":20,"gold_loss":0,"cards_upgraded":["Terror"]}],"is_beta":false,"boss_relics":[{"not_picked":["Runic Dome","SacredBark"],"picked":"Calling Bell"}],"items_purged_floors":[4],"is_endless":false,"potions_floor_spawned":[6,8,14,19],"killed_by":"Snake Plant","ascension_level":16}}