{"host":"m6rwrrl4vtok99e8","time":1613370348,"event":{"mods":["Act Like it!","Arknights","BaseMod","Colored Powertips","Downfall","KomeijiMod","Lobotomy","Marisa????????","Minty Spire (QoL Compilation)","Remilia??????","Replay The Spire","StSLib","The Bug Knight","The Hierophant","The Servant 0.9.4","WarShipGirlsR/????R mod","Yuri Mod"],"gold_per_floor":[114,146,107,107,141,141,141],"floor_reached":6,"language":"ZHS","playtime":271,"items_purged":[],"score":36,"play_id":"e1c08740-2641-4f82-83e7-4bab33c69401","local_time":"20210215142548","is_ascension_mode":false,"campfire_choices":[],"circlet_count":0,"master_deck":["Strike_MRS","Strike_MRS","Strike_MRS","Strike_MRS","Defend_MRS","Defend_MRS","Defend_MRS","Defend_MRS","MasterSpark+1","UpSweep","WitchOfGreed","ShootTheMoon","NonDirectionalLaser+1","GasGiant"],"relics":["MiniHakkero","HollowMod:PaleOreRelic"],"acts_visited":["Exordium"],"potions_floor_usage":[],"damage_taken":[{"damage":6,"enemies":"ats:Genji","floor":1,"turns":4},{"damage":7,"enemies":"2 Louse","floor":2,"turns":3},{"damage":1,"enemies":"Cultist","floor":5,"turns":3},{"damage":4,"enemies":"Replay:BlueRogue","floor":6,"turns":3}],"seed_played":"-6335367391022131591","potions_obtained":[{"floor":2,"key":"AttackPotion"},{"floor":5,"key":"ColorlessPotion"},{"floor":5,"key":"SneckoOil"}],"is_trial":false,"path_per_floor":["M","M","$","?","M","E"],"character_chosen":"MARISA","items_purchased":["NonDirectionalLaser+1"],"campfire_rested":0,"item_purchase_floors":[3],"current_hp_per_floor":[69,62,62,62,61,57,57],"gold":141,"neow_bonus":"RANDOM_COMMON_RELIC","is_daily":false,"chose_seed":false,"campfire_upgraded":0,"win_rate":0.0,"timestamp":1613370348,"path_taken":["M","M","$","?","M","E"],"items_purchased_type":["Card"],"build_version":"2020-12-22","purchased_purges":0,"victory":false,"max_hp_per_floor":[75,75,75,75,75,75,75],"card_choices":[{"not_picked":["UnstableBomb","SuperPerseids"],"picked":"WitchOfGreed","floor":1},{"not_picked":["FairyDestructionRay","DoubleSpark"],"picked":"ShootTheMoon","floor":2},{"not_picked":["DarkSpark","OneTimeOff"],"picked":"GasGiant","floor":5}],"player_experience":2675,"relics_obtained":[],"event_choices":[{"damage_healed":0,"gold_gain":0,"player_choice":"Grow","damage_taken":0,"max_hp_gain":0,"max_hp_loss":0,"event_name":"Living Wall","floor":4,"gold_loss":0,"cards_upgraded":["MasterSpark"]}],"is_beta":false,"boss_relics":[],"items_purged_floors":[],"is_endless":false,"potions_floor_spawned":[5],"killed_by":"Replay:BlueRogue","ascension_level":0}}