{"host":"bgyhjzqafgkxdxsh","time":1613387579,"event":{"mods":["BaseMod","Colored Map","Minty Spire (QoL Compilation)","Relic Stats","StSLib","everything is the same but u backflip on backflip"],"gold_per_floor":[111,57,57,132,132,165,2,2,2,2,2,2,37,52,52,131,131,150,75,25,40,56,87,105,23,50,83,83,83,112,112,112],"floor_reached":31,"language":"ENG","playtime":1051,"items_purged":["Regret"],"score":607,"play_id":"6aa2ebbb-6521-4f04-9f2a-c12a20f6ec37","local_time":"20210215211259","is_ascension_mode":true,"campfire_choices":[{"data":"Neutralize","floor":8.0,"key":"SMITH"},{"data":"Blade Dance","floor":10.0,"key":"SMITH"},{"data":"Blade Dance","floor":15.0,"key":"SMITH"},{"data":"Catalyst","floor":28,"key":"SMITH"}],"circlet_count":0,"master_deck":["AscendersBane","Strike_G+1","Strike_G","Strike_G","Defend_G","Defend_G","Defend_G","Defend_G","Defend_G","Survivor","Neutralize+1","Blade Dance+1","Blade Dance+1","Backstab","Backstab+1","Sucker Punch+1","Envenom+1","Dagger Spray+1","Cloak And Dagger","Catalyst+1","Bane+1","Adrenaline","Catalyst"],"relics":["Ring of the Snake","NeowsBlessing","The Courier","Snake Skull","Incense Burner","Molten Egg 2","Anchor","SacredBark","Regal Pillow","Whetstone","Ancient Tea Set","Happy Flower"],"acts_visited":["Exordium","TheCity"],"potions_floor_usage":[16,23,23,27,27,30],"damage_taken":[{"damage":0.0,"enemies":"Cultist","floor":1.0,"turns":1.0},{"damage":0.0,"enemies":"3 Sentries","floor":6.0,"turns":2.0},{"damage":0.0,"enemies":"Lagavulin","floor":13.0,"turns":1.0},{"damage":0.0,"enemies":"Jaw Worm","floor":14.0,"turns":1.0},{"damage":37,"enemies":"Slime Boss","floor":16,"turns":12},{"damage":5,"enemies":"Shell Parasite","floor":18,"turns":3},{"damage":6,"enemies":"2 Thieves","floor":21,"turns":3},{"damage":4,"enemies":"Centurion and Healer","floor":22,"turns":3},{"damage":32,"enemies":"Slavers","floor":23,"turns":11},{"damage":21,"enemies":"Snecko","floor":24,"turns":5},{"damage":12,"enemies":"Gremlin Leader","floor":27,"turns":4},{"damage":19,"enemies":"Book of Stabbing","floor":30,"turns":5},{"damage":6,"enemies":"Snake Plant","floor":31,"turns":2}],"seed_played":"-4174914785313083213","potions_obtained":[{"floor":1.0,"key":"Regen Potion"},{"floor":18,"key":"LiquidMemories"}],"is_trial":false,"path_per_floor":["M","$","?","?","?","E","$","R","T","R","$","T","E","M","R","B",null,"M","?","?","M","M","E","M","$","T","E","R","?","E","M"],"character_chosen":"THE_SILENT","items_purchased":["Blade Dance","Backstab","Fire Potion","EntropicBrew"],"campfire_rested":0,"item_purchase_floors":[2,7,7,25],"current_hp_per_floor":[59,59,59,48,48,48,48,48,48,48,48,48,48,48,48,11,52,47,47,47,41,37,57,36,36,36,24,24,24,5,0,0],"gold":112,"neow_bonus":"THREE_ENEMY_KILL","is_daily":false,"chose_seed":false,"campfire_upgraded":4,"win_rate":0.0,"timestamp":1613387579,"path_taken":["M","?","?","?","?","E","$","R","T","R","?","?","E","M","R","BOSS","M","?","?","M","?","E","M","$","T","E","R","?","E","M"],"items_purchased_type":["Card","Card","Potion","Potion"],"build_version":"2020-12-22","purchased_purges":1,"victory":false,"max_hp_per_floor":[66,66,66,66,66,66,66,66,66,66,66,66,66,66,66,66,66,66,66,66,66,66,66,66,66,66,66,66,66,66,66,66],"relic_stats":{"Regal Pillow":0,"Happy Flower":[0],"counters":[13,53],"Snake Skull":[74],"Whetstone":["Strike_G","Backstab"],"obtain_stats":[{"Anchor":13,"Regal Pillow":23,"NeowsBlessing":0,"Happy Flower":30,"SacredBark":17,"Molten Egg 2":12,"The Courier":5,"Snake Skull":6,"Incense Burner":9,"Whetstone":26,"Ancient Tea Set":27,"Ring of the Snake":0},{"Anchor":3,"Regal Pillow":9,"NeowsBlessing":0,"Happy Flower":12,"SacredBark":5,"Molten Egg 2":2,"The Courier":1,"Snake Skull":2,"Incense Burner":2,"Whetstone":10,"Ancient Tea Set":11,"Ring of the Snake":0},{"Anchor":4,"Regal Pillow":37,"NeowsBlessing":0,"Happy Flower":51,"SacredBark":17,"Molten Egg 2":3,"The Courier":1,"Snake Skull":3,"Incense Burner":3,"Whetstone":42,"Ancient Tea Set":46,"Ring of the Snake":0}],"Ring of the Snake":[26]},"card_choices":[{"not_picked":["Distraction","Prepared"],"picked":"Blade Dance","floor":1.0},{"not_picked":["Acrobatics","Blur"],"picked":"Backstab","floor":6.0},{"not_picked":["Dodge and Roll","Endless Agony+1"],"picked":"Sucker Punch+1","floor":13.0},{"not_picked":["Crippling Poison","Burst","Acrobatics"],"picked":"SKIP","floor":14.0},{"not_picked":["Corpse Explosion","Bullet Time"],"picked":"Envenom","floor":16},{"not_picked":["Underhanded Strike+1","Sucker Punch+1"],"picked":"Dagger Spray+1","floor":18},{"not_picked":["Calculated Gamble","Underhanded Strike+1"],"picked":"Cloak And Dagger","floor":21},{"not_picked":["Caltrops","Reflex"],"picked":"Catalyst","floor":22},{"not_picked":["Quick Slash+1","Outmaneuver"],"picked":"Bane+1","floor":23},{"not_picked":["All Out Attack+1","Outmaneuver","Corpse Explosion"],"picked":"SKIP","floor":24},{"not_picked":["Prepared","Blade Dance"],"picked":"Adrenaline","floor":27},{"not_picked":["Bouncing Flask","Bane+1"],"picked":"Catalyst","floor":30}],"player_experience":531904,"relics_obtained":[{"floor":6.0,"key":"Snake Skull"},{"floor":9.0,"key":"Incense Burner"},{"floor":12.0,"key":"Molten Egg 2"},{"floor":13.0,"key":"Anchor"},{"floor":23,"key":"Regal Pillow"},{"floor":26,"key":"Whetstone"},{"floor":27,"key":"Ancient Tea Set"},{"floor":30,"key":"Happy Flower"}],"event_choices":[{"damage_healed":0.0,"max_hp_gain":0.0,"max_hp_loss":0.0,"gold_gain":0.0,"event_name":"The Cleric","player_choice":"Leave","floor":3.0,"gold_loss":0.0,"damage_taken":0.0},{"damage_healed":0.0,"max_hp_gain":0.0,"max_hp_loss":0.0,"gold_gain":75.0,"event_name":"World of Goop","player_choice":"Gather Gold","floor":4.0,"gold_loss":0.0,"damage_taken":11.0},{"damage_healed":0.0,"max_hp_gain":0.0,"max_hp_loss":0.0,"gold_gain":0.0,"event_name":"Big Fish","player_choice":"Box","floor":5.0,"gold_loss":0.0,"damage_taken":0.0,"relics_obtained":["The Courier"],"cards_obtained":["Regret"]},{"cards_removed":["Strike_G"],"damage_healed":0,"gold_gain":0,"player_choice":"Gave Gold","damage_taken":0,"max_hp_gain":0,"max_hp_loss":0,"event_name":"Beggar","floor":19,"gold_loss":75},{"damage_healed":0,"gold_gain":0,"player_choice":"Upgrade","damage_taken":0,"max_hp_gain":0,"max_hp_loss":0,"event_name":"Designer","floor":20,"gold_loss":50,"cards_upgraded":["Envenom"]},{"cards_removed":["Strike_G"],"damage_healed":0,"gold_gain":0,"player_choice":"Card Removal","damage_taken":0,"max_hp_gain":0,"max_hp_loss":0,"event_name":"Wheel of Change","floor":29,"gold_loss":0}],"is_beta":false,"boss_relics":[{"not_picked":["Ectoplasm","Empty Cage"],"picked":"SacredBark"}],"items_purged_floors":[7],"is_endless":false,"potions_floor_spawned":[1,18,21],"killed_by":"Snake Plant","ascension_level":15}}