{"host":"tgnam0g96qraiyqx","time":1613362816,"event":{"mods":["Always Whale","Aspiration","BaseMod","Beaked The Cultist","BetterRewards","Chen","Colored Map","Colored Powertips","Downfall","Energized Spire","FruityMod","FutureSeer","Glutton Mod","Gremlin Mod","Hermit","HexUI Lib","Highlight Path","Hubris","Minty Spire (QoL Compilation)","Pikachu Mod","Replay The Spire","Shop Mod","StSLib","The Jungle","[IsaacMod]????"],"gold_per_floor":[99,111,124,124,124,124,148,86,86,117,133,149,149,149,162,162,162,162],"floor_reached":16,"language":"FRA","playtime":1081,"items_purged":[],"score":125,"play_id":"80c9b139-6a16-4fab-9f1e-0435a061f82b","local_time":"20210215052016","is_ascension_mode":false,"campfire_choices":[],"circlet_count":0,"master_deck":["sneckomod:Strike","sneckomod:Strike","sneckomod:Strike","sneckomod:Defend","sneckomod:Defend","sneckomod:Defend","sneckomod:TailWhip","sneckomod:SnekBite","Madness","sneckomod:IronFang","Languid","Madness","Pot Of Greed","Pot Of Greed","sneckomod:UnknownVulnerable","Madness","sneckomod:DiceBlock","sneckomod:WideSting","sneckomod:DiceCrush","Madness"],"relics":["sneckomod:SneckoSoul","HushsDoor","DoctorsRemote","downfall:BrokenWingStatue","m_SnakeBloodCore","Grinning Jar","Boot","hubris:CrystalStatue"],"acts_visited":[],"potions_floor_usage":[10,16,16],"damage_taken":[{"damage":6,"enemies":"Cultist","floor":2,"turns":4},{"damage":2,"enemies":"2 Louse","floor":3,"turns":3},{"damage":0,"enemies":"downfall:FleeingMerchant","floor":8,"turns":4},{"damage":31,"enemies":"Lagavulin","floor":10,"turns":6},{"damage":6,"enemies":"Jaw Worm","floor":11,"turns":5},{"damage":18,"enemies":"Exordium Wildlife","floor":12,"turns":6},{"damage":8,"enemies":"Lots of Slimes","floor":15,"turns":4},{"damage":30,"enemies":"IC_STATUS_ARCHETYPE","floor":16,"turns":10}],"seed_played":"3486774589417394348","potions_obtained":[{"floor":3,"key":"Fire Potion"},{"floor":12,"key":"PowerPotion"},{"floor":15,"key":"LifebloodPotion"}],"is_trial":false,"path_per_floor":["R","M","M","?","?","R","T","$","R","E","M","M","R","T","M","B"],"character_chosen":"THE_SNECKO","items_purchased":["sneckomod:UnknownBlock"],"campfire_rested":0,"item_purchase_floors":[8],"current_hp_per_floor":[99,93,91,91,91,91,91,94,94,66,63,48,48,48,43,13,13,13],"gold":162,"neow_bonus":"TEN_PERCENT_HP_BONUS","is_daily":false,"chose_seed":false,"campfire_upgraded":0,"win_rate":0.0,"timestamp":1613362816,"path_taken":["R","M","?","?","?","R","T","$","R","E","M","?","R","?","M","BOSS"],"items_purchased_type":["Card"],"build_version":"2020-12-22","purchased_purges":0,"victory":false,"max_hp_per_floor":[99,99,99,99,99,99,99,99,99,99,99,99,99,99,99,99,99,99],"card_choices":[{"not_picked":["sneckomod:QuickBite","sneckomod:QuickMove"],"picked":"sneckomod:IronFang","floor":2},{"not_picked":["sneckomod:UnknownCommonSkill","sneckomod:UnknownUncommonSkill"],"picked":"sneckomod:UnknownDraw","floor":3},{"not_picked":["sneckomod:UnknownDraw","Eclipse"],"picked":"sneckomod:UnknownVulnerable","floor":8},{"not_picked":["Havoc","sneckomod:Unknown0Cost"],"picked":"sneckomod:DiceBlock","floor":10},{"not_picked":["Distraction","sneckomod:Unknown0Cost"],"picked":"sneckomod:WideSting","floor":11},{"not_picked":["Perfected Strike","Recycle"],"picked":"sneckomod:DiceCrush","floor":12},{"not_picked":["sneckomod:DiceBlock","sneckomod:RainOfDice","sneckomod:DiceCrush"],"picked":"SKIP","floor":15}],"player_experience":1215042,"relics_obtained":[{"floor":7,"key":"Grinning Jar"},{"floor":10,"key":"Boot"},{"floor":14,"key":"hubris:CrystalStatue"}],"event_choices":[],"is_beta":false,"boss_relics":[],"items_purged_floors":[],"is_endless":false,"potions_floor_spawned":[3,12,15],"killed_by":"IC_STATUS_ARCHETYPE","ascension_level":0}}