{"host":"uzp1tn8qxn9571p9","time":1613365708,"event":{"mods":["Aspiration","BaseMod","Bossed Relics","Colored Map","Colored Powertips","Curses Come First","Hermit","Marisa£®ÏF”Í°°ƒß¿Ì…≥£©","Mimic Mod","Minty Spire (QoL Compilation)","StSLib","The Hierophant","The Jungle","The Marked","The Runesmith"],"gold_per_floor":[119,119,119,131,57,57,74,100,137,149,149,160,160,180,180,277,277,290,300,0,0,14,14,27,27,58,71,83,130,130,20,20,122,122,138,157,170,188,188,188,188,188],"floor_reached":41,"language":"ZHS","playtime":2675,"items_purged":["Runesmith:Defend_RS"],"score":422,"play_id":"e926151d-5adc-411f-a313-b22b4d9a1952","local_time":"20210215130828","is_ascension_mode":false,"campfire_choices":[{"data":"Runesmith:CraftFirestone","floor":6.0,"key":"SMITH"},{"data":"Runesmith:HeatedChisel","floor":13.0,"key":"SMITH"},{"data":"Runesmith:HammerThrow","floor":15.0,"key":"SMITH"},{"data":"Runesmith:FissionHammer","floor":23.0,"key":"SMITH"},{"data":"Runesmith:Fortify","floor":25.0,"key":"SMITH"},{"data":"Runesmith:BackupBattery","floor":32.0,"key":"SMITH"},{"data":"Runesmith:BackupBattery+1","floor":40,"key":"SMITH"}],"circlet_count":0,"master_deck":["Runesmith:Strike_RS","Runesmith:Strike_RS+1","Runesmith:Defend_RS","Runesmith:Defend_RS","Runesmith:Defend_RS+1","Runesmith:CraftFirestone+1","Runesmith:Fortify+1","Runesmith:UnstableHammer","Runesmith:StaticCage","Runesmith:BackupBattery+2","Runesmith:GrandSlam","Runesmith:HeatedChisel+1","Runesmith:Grindstone","Runesmith:DoubleUp","Runesmith:HammerThrow+1","Runesmith:CraftIncendium","Runesmith:FissionHammer+1","CurseOfTheBell","Runesmith:HammerThrow+1","Runesmith:HeatExchange+1","Runesmith:EarthShield+1","Runesmith:Overpower","Runesmith:HeatExchange","Runesmith:ShiftingStrike+1","Runesmith:Firestorm+1","Runesmith:CraftReservo","Runesmith:RuneHurl","Runesmith:RuneHurl","Runesmith:Permafrost+1","Runesmith:FissionHammer","Runesmith:UnstableHammer+1","Runesmith:Firestorm+1","Runesmith:Overpower+1","Runesmith:Reinforce+1","Runesmith:UnstableHammer+1"],"relics":["Runesmith:BrokenRuby","Lantern","Nunchaku","Calling Bell","Bag of Preparation","Kunai","Prayer Wheel","StoneCalendar","Frozen Egg 2","Bag of Marbles","aspiration:RandomNobGenerator"],"acts_visited":["Exordium","Exordium","TheBeyond"],"potions_floor_usage":[38],"damage_taken":[{"damage":1.0,"enemies":"Small Slimes","floor":1.0,"turns":3.0},{"damage":0.0,"enemies":"Jaw Worm","floor":4.0,"turns":3.0},{"damage":0.0,"enemies":"2 Louse","floor":7.0,"turns":2.0},{"damage":30.0,"enemies":"Gremlin Nob","floor":8.0,"turns":4.0},{"damage":3.0,"enemies":"Lots of Slimes","floor":9.0,"turns":7.0},{"damage":4.0,"enemies":"Lots of Slimes","floor":10.0,"turns":4.0},{"damage":0.0,"enemies":"Exordium Thugs","floor":12.0,"turns":4.0},{"damage":2.0,"enemies":"Blue Slaver","floor":14.0,"turns":3.0},{"damage":2.0,"enemies":"Hexaghost","floor":16.0,"turns":8.0},{"damage":9.0,"enemies":"theJungle:5_Spyders","floor":18.0,"turns":7.0},{"damage":2.0,"enemies":"theJungle:GiantWrat","floor":19.0,"turns":4.0},{"damage":5.0,"enemies":"theJungle:Lyon","floor":22.0,"turns":2.0},{"damage":0.0,"enemies":"theJungle:SlimyTreeVines","floor":24.0,"turns":4.0},{"damage":11.0,"enemies":"Snake Plant","floor":26.0,"turns":7.0},{"damage":18.0,"enemies":"Snake Plant","floor":27.0,"turns":4.0},{"damage":11.0,"enemies":"theJungle:Snecko_Cultist_And_Trap","floor":28.0,"turns":5.0},{"damage":32.0,"enemies":"theJungle:FunGuy","floor":33.0,"turns":11.0},{"damage":10.0,"enemies":"3 Darklings","floor":35.0,"turns":4.0},{"damage":4.0,"enemies":"Orb Walker","floor":36.0,"turns":2.0},{"damage":24.0,"enemies":"4 Shapes","floor":37.0,"turns":1.0},{"damage":0,"enemies":"3 Darklings","floor":38,"turns":2},{"damage":39,"enemies":"Nemesis","floor":41,"turns":2}],"seed_played":"-2836693082233004769","potions_obtained":[{"floor":4.0,"key":"SmokeBomb"},{"floor":7.0,"key":"AttackPotion"},{"floor":8.0,"key":"ColorlessPotion"},{"floor":12.0,"key":"SpeedPotion"},{"floor":16.0,"key":"Dexterity Potion"},{"floor":22.0,"key":"SpeedPotion"},{"floor":24.0,"key":"SteroidPotion"},{"floor":36.0,"key":"Energy Potion"}],"is_trial":false,"path_per_floor":["M","?","?","M","$","R","M","E","MIM","M","?","M","R","M","R","B",null,"M","M","$","?","M","R","M","R","MIM","M","M","T","?","$","R","B",null,"M","M","M","M","?","R","E"],"character_chosen":"RUNESMITH_CLASS","items_purchased":["Runesmith:GrandSlam","StoneCalendar","Runesmith:Permafrost+1"],"campfire_rested":0,"item_purchase_floors":[5,20,31],"current_hp_per_floor":[76,76,61,61,61,61,61,31,28,24,17,17,17,15,15,13,77,68,66,66,66,61,61,66,66,55,37,26,26,36,36,36,4,77,67,63,39,39,39,39,0,0],"gold":188,"neow_bonus":"TEN_PERCENT_HP_BONUS","is_daily":false,"chose_seed":false,"campfire_upgraded":7,"win_rate":0.0,"timestamp":1613365708,"path_taken":["M","?","?","M","$","R","M","E","MIM","M","?","M","R","M","R","BOSS","M","M","$","?","M","R","M","R","MIM","?","M","?","?","?","R","BOSS","M","M","M","M","?","R","E"],"items_purchased_type":["Card","Relic","Card"],"build_version":"2020-12-22","purchased_purges":1,"victory":false,"max_hp_per_floor":[77,77,77,77,77,77,77,77,77,77,77,77,77,77,77,77,77,77,77,77,77,77,77,77,77,77,77,77,77,77,77,77,77,77,77,77,77,77,77,77,77,77],"card_choices":[{"not_picked":["Runesmith:Repurpose","Runesmith:RuneHurl"],"picked":"Runesmith:UnstableHammer","floor":1.0},{"not_picked":["Runesmith:OneForEveryone","Runesmith:Grindstone"],"picked":"Runesmith:BackupBattery","floor":4.0},{"not_picked":["Runesmith:EarthShield","Runesmith:RunicBlueprint"],"picked":"Runesmith:HeatedChisel","floor":7.0},{"not_picked":["Runesmith:Accelerate","Runesmith:Permafrost"],"picked":"Runesmith:Grindstone","floor":8.0},{"not_picked":["Runesmith:Repurpose","Runesmith:BackupBattery"],"picked":"Runesmith:CraftProtectio","floor":9.0},{"not_picked":["Runesmith:ShiftingStrike","Runesmith:MakeshiftArmor"],"picked":"Runesmith:DoubleUp","floor":10.0},{"not_picked":["Runesmith:BackupBattery","Runesmith:HeatedChisel"],"picked":"Runesmith:HammerThrow","floor":12.0},{"not_picked":["Runesmith:Prism","Runesmith:LightningRod"],"picked":"Runesmith:CraftIncendium","floor":14.0},{"not_picked":["Runesmith:Supernova","Runesmith:GenerateForcefield"],"picked":"Runesmith:FissionHammer","floor":16.0},{"not_picked":["Runesmith:UnstableHammer","Runesmith:FrozenChisel"],"picked":"Runesmith:HammerThrow+1","floor":18.0},{"not_picked":["Runesmith:HeatedChisel+1","Runesmith:Reinforce+1"],"picked":"Runesmith:HeatExchange+1","floor":18.0},{"not_picked":["Runesmith:ShiftingStrike","Runesmith:HammerThrow"],"picked":"Runesmith:EarthShield+1","floor":19.0},{"not_picked":["Runesmith:EarthShield","Runesmith:CraftSpiculum"],"picked":"Runesmith:Overpower","floor":19.0},{"not_picked":["Runesmith:CraftProtectio","Runesmith:CraftVitae"],"picked":"Runesmith:HeatExchange","floor":22.0},{"not_picked":["Runesmith:StaticCage","Runesmith:NanitesCloud","Runesmith:CraftSpiculum"],"picked":"SKIP","floor":22.0},{"not_picked":["Runesmith:StaticCage","Runesmith:NanitesCloud","Runesmith:CraftSpiculum"],"picked":"SKIP","floor":22.0},{"not_picked":["Runesmith:Malloc","Runesmith:CraftMedicinae"],"picked":"Runesmith:ShiftingStrike+1","floor":24.0},{"not_picked":["Runesmith:BackupBattery+1","Runesmith:EarthShield","Runesmith:Grindstone"],"picked":"SKIP","floor":24.0},{"not_picked":["Runesmith:Repurpose","Runesmith:Empowerment"],"picked":"Runesmith:Firestorm+1","floor":26.0},{"not_picked":["Runesmith:HammerThrow","Runesmith:StaticCage"],"picked":"Runesmith:CraftReservo","floor":27.0},{"not_picked":["Runesmith:CraftSpiculum","Runesmith:ElementalConversion","Runesmith:Prism"],"picked":"SKIP","floor":27.0},{"not_picked":["Runesmith:ShiftingStrike","Runesmith:CraftMagma"],"picked":"Runesmith:RuneHurl","floor":28.0},{"not_picked":["Runesmith:Attraction","Runesmith:ChiselStab"],"picked":"Runesmith:RuneHurl","floor":28.0},{"not_picked":["Runesmith:DuctTape+1","Runesmith:LightningRod"],"picked":"Runesmith:FissionHammer","floor":33.0},{"not_picked":["Runesmith:CraftReservo","Runesmith:HeatedChisel"],"picked":"Runesmith:UnstableHammer+1","floor":35.0},{"not_picked":["Runesmith:GoWithTheFlow","Runesmith:Grindstone"],"picked":"Runesmith:Firestorm+1","floor":35.0},{"not_picked":["Runesmith:Duplicate","Runesmith:EnergizedChisel+1"],"picked":"Runesmith:Overpower+1","floor":36.0},{"not_picked":["Runesmith:CraftMagma+1","Runesmith:Permafrost+1","Runesmith:ShiftingStrike"],"picked":"SKIP","floor":36.0},{"not_picked":["Runesmith:ShiftingStrike+1","Runesmith:ArcReactor+1"],"picked":"Runesmith:Reinforce+1","floor":37.0},{"not_picked":["Runesmith:CraftReservo","Runesmith:DoubleUp","Runesmith:MakeshiftArmor+1"],"picked":"SKIP","floor":37.0},{"not_picked":["Runesmith:CraftObretio+1","Runesmith:CraftMagma+1"],"picked":"Runesmith:UnstableHammer+1","floor":38},{"not_picked":["Runesmith:ChiselStab","Runesmith:ShiftingStrike","Runesmith:CraftMagma"],"picked":"SKIP","floor":38}],"player_experience":417128,"relics_obtained":[{"floor":8.0,"key":"Lantern"},{"floor":9.0,"key":"Nunchaku"},{"floor":17.0,"key":"Bag of Preparation"},{"floor":17.0,"key":"Kunai"},{"floor":17.0,"key":"Prayer Wheel"},{"floor":26.0,"key":"Frozen Egg 2"},{"floor":29.0,"key":"Bag of Marbles"}],"event_choices":[{"damage_healed":0.0,"max_hp_gain":0.0,"max_hp_loss":0.0,"gold_gain":0.0,"cards_transformed":["Runesmith:Strike_RS"],"event_name":"Living Wall","player_choice":"Change","floor":2.0,"gold_loss":0.0,"damage_taken":0.0,"cards_obtained":["Runesmith:StaticCage"]},{"damage_healed":0.0,"max_hp_gain":0.0,"max_hp_loss":0.0,"gold_gain":0.0,"event_name":"Shining Light","player_choice":"Entered Light","floor":3.0,"gold_loss":0.0,"damage_taken":15.0,"cards_upgraded":["Runesmith:Defend_RS","Runesmith:Strike_RS"]},{"cards_removed":["Runesmith:Strike_RS"],"damage_healed":0.0,"max_hp_gain":0.0,"max_hp_loss":0.0,"gold_gain":0.0,"event_name":"Golden Wing","player_choice":"Card Removal","floor":11.0,"gold_loss":0.0,"damage_taken":7.0},{"cards_removed":["Runesmith:CraftProtectio"],"damage_healed":0,"gold_gain":0,"player_choice":"Removed Skill","damage_taken":0,"max_hp_gain":0,"max_hp_loss":0,"event_name":"Falling","floor":39,"gold_loss":0}],"is_beta":false,"boss_relics":[{"not_picked":["aspiration:RitualDagger","Sozu"],"picked":"Calling Bell"},{"not_picked":["Empty Cage","SlaversCollar"],"picked":"aspiration:RandomNobGenerator"}],"items_purged_floors":[31],"is_endless":false,"potions_floor_spawned":[4,7,8,12,16,22,24,28,36],"killed_by":"Nemesis","ascension_level":0}}