{"host":"wmrrle71ao22fxdw","time":1613382484,"event":{"mods":["BaseMod","Colored Map","Minty Spire (QoL Compilation)"],"gold_per_floor":[369,384,384,44,44,70,70,85,85,99,113,288,314,344,344,344,344],"floor_reached":16,"language":"ENG","playtime":546,"items_purged":["Defend_P"],"score":110,"play_id":"52ed477d-1923-49c8-8107-f3b6187dc806","local_time":"20210215104804","is_ascension_mode":false,"campfire_choices":[{"floor":7,"key":"REST"},{"data":"SashWhip","floor":15,"key":"SMITH"}],"circlet_count":0,"master_deck":["Strike_P","Strike_P","Strike_P","Strike_P","Defend_P","Defend_P","Defend_P","Eruption","Vigilance","SashWhip+1","ClearTheMind","Protect+1","Conclude","Protect+1","JustLucky","ThirdEye+1","Doubt"],"relics":["PureWater","Toxic Egg 2","Bronze Scales","Meat on the Bone","Dream Catcher","Nunchaku","Pantograph"],"acts_visited":[],"potions_floor_usage":[],"damage_taken":[{"damage":0,"enemies":"Cultist","floor":1,"turns":2},{"damage":0,"enemies":"2 Louse","floor":2,"turns":2},{"damage":54,"enemies":"Lagavulin","floor":6,"turns":7},{"damage":0,"enemies":"Small Slimes","floor":8,"turns":3},{"damage":5,"enemies":"Looter","floor":10,"turns":3},{"damage":12,"enemies":"3 Louse","floor":11,"turns":3},{"damage":28,"enemies":"Gremlin Nob","floor":13,"turns":6},{"damage":54,"enemies":"The Guardian","floor":16,"turns":5}],"seed_played":"-8947444577170966989","potions_obtained":[{"floor":1,"key":"StancePotion"},{"floor":8,"key":"Dexterity Potion"},{"floor":13,"key":"ColorlessPotion"}],"is_trial":false,"path_per_floor":["M","M","?","$","?","E","R","M","T","M","M","?","E","?","R","B"],"character_chosen":"WATCHER","items_purchased":["Protect+1","Bronze Scales","Conclude"],"campfire_rested":1,"item_purchase_floors":[4,4,4],"current_hp_per_floor":[65,65,58,58,58,4,23,35,35,42,42,42,26,26,26,0,0],"gold":344,"neow_bonus":"TWO_FIFTY_GOLD","is_daily":false,"chose_seed":false,"campfire_upgraded":1,"win_rate":0.0,"timestamp":1613382484,"path_taken":["M","M","?","$","?","E","R","M","T","?","M","?","E","?","R","BOSS"],"items_purchased_type":["Card","Relic","Card"],"build_version":"2020-12-22","purchased_purges":1,"victory":false,"max_hp_per_floor":[65,65,65,65,65,65,65,65,65,65,65,65,65,65,65,65,65],"card_choices":[{"not_picked":["Swivel","Prostrate"],"picked":"SashWhip","floor":1},{"not_picked":["Evaluate","WheelKick"],"picked":"ClearTheMind","floor":2},{"not_picked":["Indignation+1","FollowUp"],"picked":"Protect+1","floor":6},{"not_picked":["CarveReality","Nirvana"],"picked":"JustLucky","floor":8},{"not_picked":["SashWhip","CarveReality","Vengeance+1"],"picked":"SKIP","floor":10},{"not_picked":["FlyingSleeves","Ragnarok"],"picked":"ThirdEye+1","floor":11},{"not_picked":["SandsOfTime","Wallop","SignatureMove"],"picked":"SKIP","floor":13}],"player_experience":92923,"relics_obtained":[{"floor":6,"key":"Meat on the Bone"},{"floor":9,"key":"Dream Catcher"},{"floor":13,"key":"Nunchaku"}],"event_choices":[{"damage_healed":0,"gold_gain":0,"player_choice":"Success","damage_taken":7,"relics_obtained":["Toxic Egg 2"],"max_hp_gain":0,"max_hp_loss":0,"event_name":"Scrap Ooze","floor":3,"gold_loss":0},{"damage_healed":0,"gold_gain":0,"player_choice":"Ignored","damage_taken":0,"max_hp_gain":0,"max_hp_loss":0,"event_name":"NoteForYourself","floor":5,"gold_loss":0},{"damage_healed":0,"gold_gain":175,"player_choice":"AGREE","damage_taken":0,"max_hp_gain":0,"max_hp_loss":0,"event_name":"Liars Game","floor":12,"gold_loss":0,"cards_obtained":["Doubt"]},{"damage_healed":0,"gold_gain":30,"player_choice":"Searched \u00273\u0027 times","damage_taken":0,"relics_obtained":["Pantograph"],"max_hp_gain":0,"max_hp_loss":0,"event_name":"Dead Adventurer","floor":14,"gold_loss":0}],"is_beta":false,"boss_relics":[],"items_purged_floors":[4],"is_endless":false,"potions_floor_spawned":[1,8,13],"killed_by":"The Guardian","ascension_level":0}}