{"host":"ul3z8ex5o8l5j7mh","time":1613414708,"event":{"mods":["AchievementEnabler","BaseMod","Bestiary","Colored Map","Colored Powertips","DeckTracker","Keyboard Shortcuts","Minty Spire (QoL Compilation)","Relic Sorter","Relic Stats","SuperFastMode"],"gold_per_floor":[109,119,44,55,74,74,109,59,82,182,82,99,99,132,132,237,237,247,257,276,276,287,287,287,287],"floor_reached":24,"language":"ENG","playtime":1117,"items_purged":["Defend_R","Strike_R"],"score":285,"play_id":"5b4b4fe6-12d1-42aa-bd79-fae55bd41dcb","local_time":"20210215194508","is_ascension_mode":true,"campfire_choices":[{"data":"Iron Wave","floor":6,"key":"SMITH"},{"data":"Flame Barrier","floor":13,"key":"SMITH"},{"data":"Carnage","floor":15,"key":"SMITH"},{"data":"Feed","floor":23,"key":"SMITH"}],"circlet_count":0,"master_deck":["Strike_R","Strike_R","Strike_R","Strike_R","Defend_R","Defend_R","Bash","Bloodletting","Clash","Iron Wave+1","Flame Barrier+1","Carnage+1","Pommel Strike","Feed+1","Iron Wave"],"relics":["Burning Blood","Omamori","Art of War","Strawberry","Busted Crown"],"acts_visited":["Exordium","TheCity"],"potions_floor_usage":[7,20,24],"damage_taken":[{"damage":14,"enemies":"2 Louse","floor":1,"turns":2},{"damage":1,"enemies":"Cultist","floor":2,"turns":4},{"damage":7,"enemies":"Jaw Worm","floor":4,"turns":3},{"damage":6,"enemies":"Looter","floor":5,"turns":2},{"damage":21,"enemies":"Gremlin Nob","floor":7,"turns":4},{"damage":14,"enemies":"Exordium Thugs","floor":12,"turns":4},{"damage":21,"enemies":"3 Sentries","floor":14,"turns":9},{"damage":50,"enemies":"The Guardian","floor":16,"turns":8},{"damage":13,"enemies":"2 Thieves","floor":18,"turns":3},{"damage":12,"enemies":"Chosen","floor":19,"turns":3},{"damage":31,"enemies":"Snake Plant","floor":20,"turns":3},{"damage":20,"enemies":"Chosen and Byrds","floor":22,"turns":6},{"damage":12,"enemies":"Gremlin Leader","floor":24,"turns":6}],"seed_played":"-5402841615344811682","potions_obtained":[{"floor":1,"key":"Weak Potion"},{"floor":2,"key":"Swift Potion"},{"floor":16,"key":"FairyPotion"},{"floor":19,"key":"AttackPotion"},{"floor":22,"key":"Block Potion"}],"is_trial":false,"path_per_floor":["M","M","$","M","M","R","E","?","T","?","$","M","R","E","R","B",null,"M","M","M","?","M","R","E"],"character_chosen":"IRONCLAD","items_purchased":[],"campfire_rested":0,"item_purchase_floors":[],"current_hp_per_floor":[80,85,85,84,84,84,69,69,69,69,69,61,61,53,53,9,74,70,67,42,75,61,61,49,49],"gold":287,"neow_bonus":"TEN_PERCENT_HP_BONUS","is_daily":false,"chose_seed":false,"campfire_upgraded":4,"win_rate":0.0,"timestamp":1613414708,"path_taken":["M","M","$","M","M","R","E","?","T","?","$","M","R","E","R","BOSS","M","M","?","?","M","R","E"],"items_purchased_type":[],"build_version":"2020-12-22","purchased_purges":2,"victory":false,"max_hp_per_floor":[88,88,88,88,88,88,88,88,88,88,88,88,88,95,95,95,95,98,101,101,101,101,101,101,101],"relic_stats":{"Busted Crown":8,"counters":[13,57],"Art of War":[0],"obtain_stats":[{"Busted Crown":17,"Strawberry":14,"Omamori":7,"Art of War":9,"Burning Blood":0},{"Busted Crown":8,"Strawberry":7,"Omamori":5,"Art of War":5,"Burning Blood":0},{"Busted Crown":36,"Strawberry":28,"Omamori":15,"Art of War":15,"Burning Blood":0}],"Burning Blood":72},"card_choices":[{"not_picked":["Dropkick","Flame Barrier"],"picked":"Bloodletting","floor":1},{"not_picked":["Clothesline","Metallicize","Wild Strike"],"picked":"SKIP","floor":2},{"not_picked":["Battle Trance","Armaments"],"picked":"Clash","floor":4},{"not_picked":["Body Slam","Heavy Blade"],"picked":"Iron Wave","floor":5},{"not_picked":["Pommel Strike","Barricade"],"picked":"Flame Barrier","floor":7},{"not_picked":["Thunderclap","Twin Strike"],"picked":"Carnage","floor":12},{"not_picked":["Body Slam","Entrench"],"picked":"Pommel Strike","floor":14},{"not_picked":["Offering","Immolate"],"picked":"Feed","floor":16},{"not_picked":["Dual Wield+1"],"picked":"SKIP","floor":18},{"not_picked":["Wild Strike"],"picked":"SKIP","floor":19},{"not_picked":["Pommel Strike+1"],"picked":"SKIP","floor":20},{"not_picked":[],"picked":"Iron Wave","floor":22}],"player_experience":382608,"relics_obtained":[{"floor":7,"key":"Omamori"},{"floor":9,"key":"Art of War"},{"floor":14,"key":"Strawberry"}],"event_choices":[{"cards_removed":["Defend_R"],"damage_healed":0,"gold_gain":0,"player_choice":"Card Removal","damage_taken":0,"max_hp_gain":0,"max_hp_loss":0,"event_name":"The Cleric","floor":8,"gold_loss":50},{"damage_healed":0,"gold_gain":100,"player_choice":"Gold","damage_taken":0,"max_hp_gain":0,"max_hp_loss":0,"event_name":"Wheel of Change","floor":10,"gold_loss":0},{"damage_healed":33,"gold_gain":0,"player_choice":"Heal","damage_taken":0,"max_hp_gain":0,"max_hp_loss":0,"event_name":"The Library","floor":21,"gold_loss":0}],"is_beta":false,"boss_relics":[{"not_picked":["Black Star","Empty Cage"],"picked":"Busted Crown"}],"items_purged_floors":[3,11],"is_endless":false,"potions_floor_spawned":[1,2,16,19,22],"killed_by":"Gremlin Leader","ascension_level":5}}