{"host":"2c84cb4cp1emursg","time":1613381477,"event":{"mods":["Act Like it!","BaseMod","Better Third Choice","Bossed Relics","Hermit","Mimic Mod","Minty Spire (QoL Compilation)","Permanent Neow","StSLib"],"gold_per_floor":[111,121,135,147,164,193,193,226,226,226,226],"floor_reached":10,"language":"ENG","playtime":650,"items_purged":[],"score":110,"play_id":"64f037cf-17d7-4af4-8fe0-1ac44f7ae463","local_time":"20210215023117","is_ascension_mode":true,"campfire_choices":[],"circlet_count":0,"master_deck":["hermit:Strike_Hermit","hermit:Strike_Hermit","hermit:Strike_Hermit","hermit:Defend_Hermit","hermit:Defend_Hermit","hermit:Defend_Hermit","hermit:Defend_Hermit","hermit:Snapshot","hermit:Covet","hermit:Misfire","hermit:Dive","hermit:Ricochet","hermit:ShadowCloak","hermit:Cheat","hermit:WideOpen+1","hermit:DeadOrAlive+1"],"relics":["hermit:Momento","Incense Burner","Molten Egg 2","Letter Opener","Sundial"],"acts_visited":["Exordium"],"potions_floor_usage":[6],"damage_taken":[{"damage":2,"enemies":"Small Slimes","floor":1,"turns":3},{"damage":0,"enemies":"2 Louse","floor":2,"turns":2},{"damage":1,"enemies":"Cultist","floor":3,"turns":3},{"damage":4,"enemies":"2 Fungi Beasts","floor":4,"turns":3},{"damage":7,"enemies":"3 Louse","floor":5,"turns":3},{"damage":0,"enemies":"Lagavulin","floor":6,"turns":5},{"damage":36,"enemies":"3 Sentries","floor":8,"turns":10},{"damage":21,"enemies":"Gremlin Nob","floor":10,"turns":3}],"seed_played":"-5797344763606397976","potions_obtained":[{"floor":5,"key":"hermit:BlackBile"},{"floor":8,"key":"Ancient Potion"}],"is_trial":false,"path_per_floor":["M","M","M","M","M","E","?","E","T","E"],"character_chosen":"HERMIT","items_purchased":[],"campfire_rested":0,"item_purchase_floors":[],"current_hp_per_floor":[66,66,65,61,54,54,47,11,11,0,0],"gold":226,"neow_bonus":"ONE_RARE_RELIC","is_daily":false,"chose_seed":false,"campfire_upgraded":0,"win_rate":0.0,"timestamp":1613381477,"path_taken":["M","M","M","M","M","E","?","E","T","E"],"items_purchased_type":[],"build_version":"2020-12-22","purchased_purges":0,"victory":false,"max_hp_per_floor":[68,68,68,68,68,68,68,68,68,68,68],"card_choices":[{"not_picked":["hermit:Manifest","hermit:HighCaliber"],"picked":"hermit:Misfire","floor":1},{"not_picked":["hermit:HighCaliber","hermit:FlashPowder"],"picked":"hermit:Dive","floor":2},{"not_picked":["hermit:Coalescence","hermit:Quickdraw"],"picked":"hermit:Ricochet","floor":3},{"not_picked":["hermit:GoldenBullet","hermit:Coalescence"],"picked":"hermit:ShadowCloak","floor":4},{"not_picked":["hermit:Roulette","hermit:Snipe"],"picked":"hermit:Cheat","floor":5},{"not_picked":["hermit:Dive","hermit:Desperado+1"],"picked":"hermit:WideOpen+1","floor":6},{"not_picked":["hermit:CalledShot+1","hermit:HoleUp"],"picked":"hermit:DeadOrAlive+1","floor":8}],"player_experience":469035,"relics_obtained":[{"floor":6,"key":"Molten Egg 2"},{"floor":8,"key":"Letter Opener"},{"floor":9,"key":"Sundial"}],"event_choices":[{"cards_removed":["hermit:Strike_Hermit"],"damage_healed":0,"gold_gain":0,"player_choice":"Card Removal","damage_taken":7,"max_hp_gain":0,"max_hp_loss":0,"event_name":"Golden Wing","floor":7,"gold_loss":0}],"is_beta":false,"boss_relics":[],"items_purged_floors":[],"is_endless":false,"potions_floor_spawned":[5,8],"killed_by":"Gremlin Nob","ascension_level":1}}