{"host":"knk89g45d3vzr5fm","time":1613413368,"event":{"mods":["2.2 Compatiblity","BaseMod","Downfall","Minty Spire (QoL Compilation)","Relic Stats","Reliquary","Replay The Spire","StSLib","The Marked"],"gold_per_floor":[99,113,130,130,140,172,197,197,197,197],"floor_reached":8,"language":"FRA","playtime":289,"items_purged":[],"score":84,"play_id":"fbd50ae0-c9ca-4404-9cbc-74605a786fb5","local_time":"20210215192248","is_ascension_mode":true,"campfire_choices":[],"circlet_count":0,"master_deck":["AscendersBane","sneckomod:Strike","sneckomod:Strike","sneckomod:Defend","sneckomod:Defend","sneckomod:TailWhip","sneckomod:SnekBite","sneckomod:Unknown","sneckomod:Unknown","sneckomod:UnendingSupply","sneckomod:UnknownVulnerable","sneckomod:MasterEye"],"relics":["sneckomod:SneckoSoul","Gremlin Food","Bag of Marbles"],"acts_visited":["Exordium"],"potions_floor_usage":[6,8],"damage_taken":[{"damage":13,"enemies":"2 Louse","floor":2,"turns":5},{"damage":28,"enemies":"Small Slimes","floor":3,"turns":5},{"damage":9,"enemies":"Jaw Worm","floor":5,"turns":4},{"damage":17,"enemies":"Gremlin Nob","floor":6,"turns":4},{"damage":30,"enemies":"3 Sentries","floor":8,"turns":3}],"seed_played":"-9172932271921988513","potions_obtained":[{"floor":2,"key":"Toxic Potion"},{"floor":6,"key":"Swift Potion"}],"is_trial":false,"path_per_floor":["R","M","M","?","M","E","T","E"],"character_chosen":"THE_SNECKO","items_purchased":[],"campfire_rested":0,"item_purchase_floors":[],"current_hp_per_floor":[90,77,49,49,40,23,23,0,0,0],"gold":197,"neow_bonus":"TEN_PERCENT_HP_BONUS","is_daily":false,"chose_seed":false,"campfire_upgraded":0,"win_rate":0.0,"timestamp":1613413368,"path_taken":["R","M","M","?","M","E","T","E"],"items_purchased_type":[],"build_version":"2020-12-22","purchased_purges":0,"victory":false,"max_hp_per_floor":[99,99,99,99,99,99,99,99,99,99],"relic_stats":{"counters":[5,21],"obtain_stats":[{"Gremlin Food":6,"Bag of Marbles":7,"sneckomod:SneckoSoul":0},{"Gremlin Food":4,"Bag of Marbles":4,"sneckomod:SneckoSoul":0},{"Gremlin Food":18,"Bag of Marbles":18,"sneckomod:SneckoSoul":0}]},"card_choices":[{"not_picked":["sneckomod:DiceCrush","sneckomod:IronFang","sneckomod:UnknownCommonAttack"],"picked":"SKIP","floor":2},{"not_picked":["sneckomod:UnknownClassTHE_BRONZE_AUTOMATON","sneckomod:UnknownCommonSkill"],"picked":"sneckomod:UnknownVulnerable","floor":3},{"not_picked":["sneckomod:UnknownClassBLUE","sneckomod:UnknownClassTHE_BRONZE_AUTOMATON"],"picked":"sneckomod:MasterEye","floor":5},{"not_picked":["sneckomod:RainOfDice","sneckomod:SnekBeam","sneckomod:UnknownClassTHE_BRONZE_AUTOMATON"],"picked":"SKIP","floor":6}],"player_experience":2171013,"relics_obtained":[{"floor":6,"key":"Gremlin Food"},{"floor":7,"key":"Bag of Marbles"}],"event_choices":[],"is_beta":false,"boss_relics":[],"items_purged_floors":[],"is_endless":false,"potions_floor_spawned":[2,6],"killed_by":"3 Sentries","ascension_level":10}}