{"host":"o2evyl5sbrgotc3u","time":1613350330,"event":{"mods":["AchievementEnabler","BaseMod","Colored Map","DeckTracker","Faster Ascension Climbing","Keyboard Shortcuts","Minty Spire (QoL Compilation)","Permanent Neow","Quick Restart","Relic Stats","StSLib","SuperFastMode","everything is the same but u backflip on backflip"],"gold_per_floor":[110,122,122,141,141,141,175,187,213,213,213,66,105,129,129,129,129],"floor_reached":16,"language":"KOR","playtime":383,"items_purged":["Defend_G"],"score":149,"play_id":"03818dee-6d91-42f9-9a1c-0b385010df4d","local_time":"20210215095210","is_ascension_mode":true,"campfire_choices":[{"data":"Bouncing Flask","floor":6.0,"key":"SMITH"},{"floor":11.0,"key":"REST"},{"data":"Catalyst","floor":15.0,"key":"SMITH"}],"circlet_count":0,"master_deck":["Strike_G","Strike_G","Strike_G","Strike_G","Defend_G","Defend_G","Defend_G","Defend_G","Survivor","Neutralize","Bouncing Flask+1","Bane","Eviscerate","Leg Sweep","Glass Knife","Footwork","Catalyst+1","Backflip"],"relics":["Ring of the Snake","Art of War","Lantern","CeramicFish","Matryoshka"],"acts_visited":["Exordium"],"potions_floor_usage":[],"damage_taken":[{"damage":4.0,"enemies":"Small Slimes","floor":1.0,"turns":4.0},{"damage":0.0,"enemies":"Cultist","floor":2.0,"turns":3.0},{"damage":0.0,"enemies":"Jaw Worm","floor":4.0,"turns":3.0},{"damage":17.0,"enemies":"3 Sentries","floor":7.0,"turns":8.0},{"damage":10.0,"enemies":"Large Slime","floor":8.0,"turns":5.0},{"damage":4.0,"enemies":"Lagavulin","floor":13.0,"turns":5.0},{"damage":0.0,"enemies":"Blue Slaver","floor":14.0,"turns":4.0},{"damage":0,"enemies":"Slime Boss","floor":16,"turns":3}],"seed_played":"4794126300216306045","potions_obtained":[{"floor":1.0,"key":"SkillPotion"},{"floor":2.0,"key":"SkillPotion"},{"floor":13.0,"key":"SmokeBomb"}],"is_trial":false,"path_per_floor":["M","M","?","M","?","R","E","M","T","?","R","$","E","M","R","B"],"character_chosen":"THE_SILENT","items_purchased":["Footwork"],"campfire_rested":1,"item_purchase_floors":[12],"current_hp_per_floor":[55,55,55,55,55,55,38,28,28,16,41,41,37,37,37,37,37],"gold":129,"neow_bonus":"TWENTY_PERCENT_HP_BONUS","is_daily":false,"chose_seed":false,"campfire_upgraded":2,"win_rate":0.0,"timestamp":1613350330,"path_taken":["M","M","?","?","?","R","E","?","T","?","R","$","E","M","R","BOSS"],"items_purchased_type":["Card"],"build_version":"2020-12-22","purchased_purges":1,"victory":false,"max_hp_per_floor":[84,84,84,84,84,84,84,84,84,84,84,84,84,84,84,84,84],"relic_stats":{"counters":[8,35],"CeramicFish":27,"Art of War":[3],"obtain_stats":[{"Lantern":9,"Matryoshka":13,"CeramicFish":10,"Art of War":7,"Ring of the Snake":0},{"Lantern":5,"Matryoshka":6,"CeramicFish":5,"Art of War":4,"Ring of the Snake":0},{"Lantern":23,"Matryoshka":28,"CeramicFish":23,"Art of War":18,"Ring of the Snake":0}],"Ring of the Snake":[16]},"card_choices":[{"not_picked":["Slice","Tactician"],"picked":"Bouncing Flask","floor":1.0},{"not_picked":["Outmaneuver","Prepared"],"picked":"Bane","floor":2.0},{"not_picked":["Sucker Punch","Slice","Reflex"],"picked":"SKIP","floor":4.0},{"not_picked":["Sucker Punch","Catalyst"],"picked":"Leg Sweep","floor":7.0},{"not_picked":["Leg Sweep","Acrobatics"],"picked":"Glass Knife","floor":8.0},{"not_picked":["Dagger Spray","Bane"],"picked":"Catalyst","floor":13.0},{"not_picked":["Bane","Terror"],"picked":"Backflip","floor":14.0}],"player_experience":304576,"relics_obtained":[{"floor":7.0,"key":"Art of War"},{"floor":9.0,"key":"Lantern"},{"floor":13.0,"key":"Matryoshka"}],"event_choices":[{"damage_healed":0.0,"max_hp_gain":0.0,"max_hp_loss":0.0,"gold_gain":0.0,"event_name":"The Woman in Blue","player_choice":"Bought 0 Potions","floor":3.0,"gold_loss":0.0,"damage_taken":0.0},{"damage_healed":0.0,"max_hp_gain":0.0,"max_hp_loss":0.0,"gold_gain":0.0,"cards_transformed":["Strike_G"],"event_name":"Transmorgrifier","player_choice":"Transformed","floor":5.0,"gold_loss":0.0,"damage_taken":0.0,"cards_obtained":["Eviscerate"]},{"damage_healed":0.0,"max_hp_gain":0.0,"max_hp_loss":0.0,"gold_gain":0.0,"event_name":"Scrap Ooze","player_choice":"Success","floor":10.0,"gold_loss":0.0,"damage_taken":12.0,"relics_obtained":["CeramicFish"]}],"is_beta":false,"boss_relics":[],"items_purged_floors":[12],"is_endless":false,"potions_floor_spawned":[1,2,13],"killed_by":"Slime Boss","ascension_level":7}}