{"host":"350rh84kbmtekt58","time":1613419878,"event":{"mods":["AchievementEnabler","Act Like it!","BaseMod","Better Synergies","Block Reminder","CapriCore","Challenge The Spire","Colored Map","Colored Powertips","Communication Mod","Downfall","Energized Spire","Friendly Minions","GifTheSpireLib","Highlight Path","Minty Spire (QoL Compilation)","Quick Restart","Replay The Spire","Shop Mod","StSLib","The Animator","The Disciple","The Immortal","The Marked","The Runesmith","The Servant 0.9.4","The Wild Card","Transform Curses","yUi"],"gold_per_floor":[113,113,128,138,157,157,157,191,191,191,207,223,242,261,261,364,364,378,10,24,24,38,66,66,66],"floor_reached":24,"language":"ENG","playtime":2124,"items_purged":[],"score":259,"play_id":"fb8ef0ed-9d05-47d6-863e-f8c5f5253f19","local_time":"20210215141118","is_ascension_mode":true,"campfire_choices":[{"data":"Capacitor","floor":6,"key":"SMITH"},{"floor":10,"key":"REST"},{"floor":15,"key":"REST"}],"circlet_count":0,"master_deck":["Zap","Dualcast","Glacier","Capacitor+1","Auto Shields","Coolheaded","Tempest","Multi-Cast","Self Repair","Redo","Conserve Battery","Echo Form","Gash","Defragment","Rebound","Crystallizer","Meteor Strike","ReplayTheSpireMod:Repulse","Turbo+1","Loop","Compile Driver","Leap","Sweeping Beam"],"relics":["Cracked Core","NeowsBlessing","ReplayTheSpireMod:TigerMarble","Replay:Bottled Steam","Gremlin Food","Pandora\u0027s Box","Runic Capacitor","Ancient Tea Set","ReplayFunnel"],"acts_visited":["Exordium","TheCity"],"potions_floor_usage":[8,14,16,20,20],"damage_taken":[{"damage":0,"enemies":"Jaw Worm","floor":1,"turns":1},{"damage":0,"enemies":"Cultist","floor":3,"turns":1},{"damage":0,"enemies":"2 Louse","floor":4,"turns":1},{"damage":4,"enemies":"Blue Slaver","floor":5,"turns":4},{"damage":19,"enemies":"3 Sentries","floor":8,"turns":10},{"damage":2,"enemies":"Red Slaver","floor":11,"turns":3},{"damage":2,"enemies":"Exordium Thugs","floor":12,"turns":6},{"damage":6,"enemies":"Gremlin Gang","floor":13,"turns":7},{"damage":9,"enemies":"3 Louse","floor":14,"turns":2},{"damage":58,"enemies":"Hexaghost","floor":16,"turns":12},{"damage":8,"enemies":"2 Thieves","floor":18,"turns":4},{"damage":0,"enemies":"Spheric Guardian","floor":20,"turns":3},{"damage":22,"enemies":"Snake Plant","floor":22,"turns":4},{"damage":51,"enemies":"Gremlin Leader","floor":23,"turns":8},{"damage":18,"enemies":"3 Cultists","floor":24,"turns":2}],"seed_played":"-7520971142655848830","potions_obtained":[{"floor":1,"key":"Doom Potion"},{"floor":3,"key":"LiquidMemories"},{"floor":13,"key":"BlessingOfTheForge"},{"floor":16,"key":"Slimebound:ThreeZeroPotion"},{"floor":18,"key":"BlessingOfTheForge"}],"is_trial":false,"path_per_floor":["M","?","M","M","M","R","?","E","T","R","M","M","M","M","R","B",null,"M","$","M","?","M","E","M"],"character_chosen":"DEFECT","items_purchased":["Runic Capacitor","Ancient Tea Set","Loop"],"campfire_rested":2,"item_purchase_floors":[19,19,19],"current_hp_per_floor":[75,75,75,75,71,71,59,40,40,62,60,58,59,57,75,24,75,75,75,75,75,53,16,0,0],"gold":66,"neow_bonus":"THREE_ENEMY_KILL","is_daily":false,"chose_seed":false,"campfire_upgraded":1,"win_rate":0.0,"timestamp":1613419878,"path_taken":["M","?","M","?","M","R","?","E","T","R","M","M","M","M","R","BOSS","M","$","M","?","M","E","M"],"items_purchased_type":["Relic","Relic","Card"],"build_version":"2020-12-22","purchased_purges":0,"victory":false,"max_hp_per_floor":[75,75,75,75,75,75,75,75,75,75,75,75,75,75,75,75,75,75,75,75,75,75,75,75,75],"card_choices":[{"not_picked":["Cold Snap","Streamline"],"picked":"Glacier","floor":1},{"not_picked":["Redo","Leap"],"picked":"Capacitor","floor":3},{"not_picked":["Beam Cell","Coolheaded"],"picked":"Auto Shields","floor":4},{"not_picked":["Go for the Eyes","Barrage"],"picked":"Coolheaded","floor":5},{"not_picked":["Genetic Algorithm","BasicCrystalCard"],"picked":"Tempest","floor":8},{"not_picked":["Gash","Steam Power"],"picked":"Multi-Cast","floor":11},{"not_picked":["Cold Snap","Go for the Eyes"],"picked":"Self Repair","floor":12},{"not_picked":["Stack","Gash"],"picked":"Redo","floor":13},{"not_picked":["Rebound","Hologram"],"picked":"Conserve Battery","floor":14},{"not_picked":["Thunder Strike","Machine Learning"],"picked":"Echo Form","floor":16},{"not_picked":["Coolheaded","Barrage+1"],"picked":"Turbo+1","floor":18},{"not_picked":["Gash+1","Turbo"],"picked":"Compile Driver","floor":20},{"not_picked":["Darkness","Barrage"],"picked":"Leap","floor":22},{"not_picked":["Panic Button","Rebound"],"picked":"Sweeping Beam","floor":23}],"player_experience":249224,"relics_obtained":[{"floor":8,"key":"Replay:Bottled Steam"},{"floor":9,"key":"Gremlin Food"},{"floor":23,"key":"ReplayFunnel"}],"event_choices":[{"cards_removed":["Defend_B"],"damage_healed":0,"gold_gain":0,"player_choice":"Offered Basic","damage_taken":0,"max_hp_gain":0,"max_hp_loss":0,"event_name":"Bonfire Elementals","floor":2,"gold_loss":0},{"damage_healed":0,"gold_gain":0,"player_choice":"Success","damage_taken":12,"relics_obtained":["ReplayTheSpireMod:TigerMarble"],"max_hp_gain":0,"max_hp_loss":0,"event_name":"Scrap Ooze","floor":7,"gold_loss":0},{"cards_removed":["Streamline"],"damage_healed":0,"gold_gain":0,"player_choice":"Elegance","damage_taken":0,"max_hp_gain":0,"max_hp_loss":0,"event_name":"Back to Basics","floor":21,"gold_loss":0}],"is_beta":false,"boss_relics":[{"not_picked":["Snecko Eye","energizedSpire:SpiderWeb"],"picked":"Pandora\u0027s Box"}],"items_purged_floors":[],"is_endless":false,"potions_floor_spawned":[1,3,13,16,18],"killed_by":"3 Cultists","ascension_level":1}}