{"host":"52m1o8iwwagurbjs","time":1613423689,"event":{"mods":["AchievementEnabler","BaseMod","Bestiary","Challenge The Spire","Colored Powertips","GifTheSpireLib","Minty Spire (QoL Compilation)","Quick Restart","Relic Stats","StSLib"],"gold_per_floor":[217,19,38,38,53,91,91,125,125,141,141,41,80,45,45,165,165,178,178,18,18,41,41,81,104,130,163,44,44,80,95,95,216,279,303,318,39,53,53,53,86,86,86,109,130,154,193,43,43,43,43],"floor_reached":50,"language":"ENG","playtime":2610,"items_purged":["Strike_G","Strike_G","Strike_G","Calculated Gamble"],"score":658,"play_id":"87633de5-036e-4cf6-b7d6-d0e0549c2ee0","local_time":"20210215161449","is_ascension_mode":true,"campfire_choices":[{"data":"Malaise","floor":7.0,"key":"SMITH"},{"floor":15.0,"key":"REST"},{"data":"Footwork","floor":23.0,"key":"SMITH"},{"data":"Footwork","floor":29.0,"key":"SMITH"},{"data":"Tactician","floor":32.0,"key":"SMITH"},{"data":"Noxious Fumes","floor":40.0,"key":"SMITH"},{"floor":42.0,"key":"RECALL"},{"floor":49,"key":"REST"}],"circlet_count":0,"master_deck":["Strike_G","Strike_G","Defend_G","Defend_G","Defend_G","Defend_G","Defend_G","Survivor","Neutralize","Dodge and Roll","Wraith Form v2","Flying Knee+1","Slice","Quick Slash","Malaise+1","All Out Attack","Tactician+1","Glass Knife","Finisher","Footwork+1","Crippling Poison","Blur","Deadly Poison","Dagger Throw+1","Crippling Poison+1","Footwork+1","Deadly Poison+1","Calculated Gamble+1","Acrobatics+1","Tools of the Trade","Terror+1","Noxious Fumes+1","Deflect+1","Catalyst+1","Deflect+1","Dodge and Roll+1","Escape Plan+1","Reflex+1","Prepared+1","PiercingWail+1"],"relics":["Ring of the Snake","Golden Idol","Bottled Lightning","The Specimen","Ginger","Bronze Scales","Question Card","Velvet Choker","GremlinMask","Art of War","Nunchaku","Toxic Egg 2","Tingsha","Tiny House","Oddly Smooth Stone","Bag of Marbles"],"acts_visited":["Exordium","TheCity","TheBeyond"],"potions_floor_usage":[45,50],"damage_taken":[{"damage":0.0,"enemies":"Cultist","floor":1.0,"turns":5.0},{"damage":0.0,"enemies":"2 Louse","floor":3.0,"turns":2.0},{"damage":0.0,"enemies":"Small Slimes","floor":5.0,"turns":5.0},{"damage":12.0,"enemies":"Gremlin Nob","floor":6.0,"turns":5.0},{"damage":22.0,"enemies":"Lagavulin","floor":8.0,"turns":8.0},{"damage":9.0,"enemies":"Exordium Thugs","floor":10.0,"turns":4.0},{"damage":5.0,"enemies":"3 Sentries","floor":13.0,"turns":4.0},{"damage":29.0,"enemies":"The Guardian","floor":16.0,"turns":17.0},{"damage":1.0,"enemies":"3 Byrds","floor":18.0,"turns":3.0},{"damage":0.0,"enemies":"Shell Parasite","floor":22.0,"turns":6.0},{"damage":5.0,"enemies":"Book of Stabbing","floor":24.0,"turns":7.0},{"damage":1.0,"enemies":"Centurion and Healer","floor":25.0,"turns":7.0},{"damage":17.0,"enemies":"Slavers","floor":27.0,"turns":5.0},{"damage":4.0,"enemies":"Book of Stabbing","floor":30.0,"turns":7.0},{"damage":1.0,"enemies":"Snake Plant","floor":31.0,"turns":4.0},{"damage":13.0,"enemies":"Automaton","floor":33.0,"turns":9.0},{"damage":0.0,"enemies":"Orb Walker","floor":35.0,"turns":4.0},{"damage":11.0,"enemies":"3 Darklings","floor":36.0,"turns":5.0},{"damage":12.0,"enemies":"Spire Growth","floor":38.0,"turns":6.0},{"damage":12.0,"enemies":"Giant Head","floor":41.0,"turns":8.0},{"damage":0,"enemies":"Maw","floor":44,"turns":8},{"damage":14,"enemies":"Jaw Worm Horde","floor":45,"turns":3},{"damage":1,"enemies":"Spire Growth","floor":46,"turns":5},{"damage":49,"enemies":"Reptomancer","floor":47,"turns":7},{"damage":34,"enemies":"Donu and Deca","floor":50,"turns":10}],"seed_played":"-5243060467803601607","potions_obtained":[{"floor":1.0,"key":"DistilledChaos"},{"floor":6.0,"key":"SkillPotion"},{"floor":10.0,"key":"EntropicBrew"},{"floor":18.0,"key":"GamblersBrew"},{"floor":30.0,"key":"GhostInAJar"},{"floor":31.0,"key":"FearPotion"},{"floor":33.0,"key":"GhostInAJar"},{"floor":34.0,"key":"FairyPotion"},{"floor":35.0,"key":"EssenceOfSteel"},{"floor":41.0,"key":"DuplicationPotion"}],"is_trial":false,"path_per_floor":["M","$","M","?","M","E","R","E","T","M","?","$","E","?","R","B",null,"M","?","$","$","M","R","E","M","T","E","$","R","E","M","R","B",null,"M","M","$","M","$","R","E","R","T","M","M","M","E","$","R","B"],"character_chosen":"THE_SILENT","items_purchased":["Wraith Form v2","Flying Knee","Footwork","Crippling Poison","Block Potion","Footwork","Deadly Poison+1","Catalyst+1","GamblersBrew","Deflect+1"],"campfire_rested":2,"item_purchase_floors":[2,2,20,20,20,28,28,37,37,37],"current_hp_per_floor":[70,70,70,65,65,53,53,31,31,22,10,10,5,21,40,11,65,64,64,64,64,64,64,59,58,58,41,41,41,37,36,36,23,70,70,59,59,47,47,47,35,35,35,35,21,20,7,7,28,0,0],"gold":43,"neow_bonus":"HUNDRED_GOLD","is_daily":false,"chose_seed":false,"campfire_upgraded":5,"win_rate":0.0,"timestamp":1613423689,"path_taken":["M","$","M","?","M","E","R","E","T","M","?","$","E","?","R","BOSS","M","?","?","$","?","R","E","?","T","E","$","R","E","M","R","BOSS","M","M","$","M","?","R","E","R","T","M","M","M","E","?","R","BOSS"],"items_purchased_type":["Card","Card","Card","Card","Potion","Card","Card","Card","Potion","Card"],"build_version":"2020-12-22","purchased_purges":4,"victory":false,"max_hp_per_floor":[70,70,70,65,65,65,65,65,65,65,65,65,65,65,65,65,65,65,65,65,65,65,65,65,65,65,65,65,65,65,65,65,65,70,70,70,70,70,70,70,70,70,70,70,70,70,70,70,70,70,70],"relic_stats":{"Nunchaku":[9],"counters":[25,154],"Golden Idol":176,"Bronze Scales":[465],"Tingsha":[282],"Art of War":[24],"Ginger":[27],"Question Card":18,"obtain_stats":[{"Tiny House":34,"The Specimen":8,"Golden Idol":4,"Velvet Choker":17,"Oddly Smooth Stone":41,"GremlinMask":19,"Tingsha":30,"Ginger":9,"Question Card":13,"Nunchaku":26,"Bronze Scales":11,"Art of War":24,"Bag of Marbles":47,"Bottled Lightning":6,"Toxic Egg 2":27,"Ring of the Snake":0},{"Tiny House":16,"The Specimen":5,"Golden Idol":2,"Velvet Choker":8,"Oddly Smooth Stone":20,"GremlinMask":9,"Tingsha":14,"Ginger":5,"Question Card":7,"Nunchaku":12,"Bronze Scales":6,"Art of War":11,"Bag of Marbles":24,"Bottled Lightning":4,"Toxic Egg 2":13,"Ring of the Snake":0},{"Tiny House":98,"The Specimen":25,"Golden Idol":7,"Velvet Choker":50,"Oddly Smooth Stone":121,"GremlinMask":53,"Tingsha":85,"Ginger":25,"Question Card":33,"Nunchaku":73,"Bronze Scales":29,"Art of War":66,"Bag of Marbles":144,"Bottled Lightning":17,"Toxic Egg 2":78,"Ring of the Snake":0}],"Ring of the Snake":[50]},"card_choices":[{"not_picked":["PiercingWail","Deflect"],"picked":"Dodge and Roll","floor":1.0},{"not_picked":["Deflect","Underhanded Strike"],"picked":"Slice","floor":3.0},{"not_picked":["Sucker Punch","Storm of Steel"],"picked":"Quick Slash","floor":5.0},{"not_picked":["Acrobatics","Prepared"],"picked":"Malaise","floor":6.0},{"not_picked":["Flying Knee","Riddle With Holes"],"picked":"All Out Attack","floor":8.0},{"not_picked":["Bane","Flying Knee"],"picked":"Calculated Gamble","floor":10.0},{"not_picked":["Deflect","Choke"],"picked":"Tactician","floor":13.0},{"not_picked":["Tools of the Trade","Venomology","Bullet Time"],"picked":"Glass Knife","floor":16.0},{"not_picked":["Deflect+1","Acrobatics","Cloak And Dagger"],"picked":"Finisher","floor":18.0},{"not_picked":["Outmaneuver","Leg Sweep","Cloak And Dagger"],"picked":"Blur","floor":22.0},{"not_picked":["Dash","Underhanded Strike","Crippling Poison"],"picked":"Deadly Poison","floor":24.0},{"not_picked":["Flying Knee","Slice","Outmaneuver"],"picked":"Dagger Throw+1","floor":25.0},{"not_picked":["Heel Hook","Bane","Noxious Fumes"],"picked":"Crippling Poison+1","floor":27.0},{"not_picked":["Quick Slash+1","Outmaneuver+1","Die Die Die"],"picked":"Calculated Gamble+1","floor":30.0},{"not_picked":["Outmaneuver+1","Flying Knee+1","Dash+1"],"picked":"Acrobatics+1","floor":31.0},{"not_picked":["Envenom","Glass Knife","Bullet Time+1"],"picked":"Tools of the Trade","floor":33.0},{"not_picked":["Skewer","Blur+1","Acrobatics+1"],"picked":"Terror+1","floor":34.0},{"not_picked":["Quick Slash+1","Dagger Spray+1","Deflect+1"],"picked":"Noxious Fumes","floor":35.0},{"not_picked":["Outmaneuver+1","Finisher","Blade Dance+1"],"picked":"Deflect+1","floor":36.0},{"not_picked":["Bane","Flechettes","Deadly Poison+1"],"picked":"Dodge and Roll+1","floor":38.0},{"not_picked":["Predator","Sucker Punch+1","Tactician+1"],"picked":"Escape Plan+1","floor":41.0},{"not_picked":["Slice+1","Tactician+1","Bane+1"],"picked":"Reflex+1","floor":44},{"not_picked":["Crippling Poison+1","Distraction+1","Setup+1"],"picked":"Prepared+1","floor":45},{"not_picked":["Deadly Poison+1","Riddle With Holes","A Thousand Cuts","Poisoned Stab"],"picked":"SKIP","floor":46},{"not_picked":["Heel Hook+1","Expertise+1","Reflex+1"],"picked":"PiercingWail+1","floor":47}],"player_experience":1365162,"relics_obtained":[{"floor":6.0,"key":"Bottled Lightning"},{"floor":8.0,"key":"The Specimen"},{"floor":9.0,"key":"Ginger"},{"floor":13.0,"key":"Question Card"},{"floor":24.0,"key":"Art of War"},{"floor":26.0,"key":"Nunchaku"},{"floor":27.0,"key":"Toxic Egg 2"},{"floor":30.0,"key":"Tingsha"},{"floor":41.0,"key":"Oddly Smooth Stone"},{"floor":47,"key":"Bag of Marbles"}],"event_choices":[{"damage_healed":0.0,"max_hp_gain":0.0,"max_hp_loss":5.0,"gold_gain":0.0,"event_name":"Golden Idol","player_choice":"Lose Max HP","floor":4.0,"gold_loss":0.0,"damage_taken":0.0,"relics_obtained":["Golden Idol"]},{"damage_healed":0.0,"max_hp_gain":0.0,"max_hp_loss":0.0,"gold_gain":0.0,"event_name":"Scrap Ooze","player_choice":"Success","floor":11.0,"gold_loss":0.0,"damage_taken":12.0,"relics_obtained":["Bronze Scales"]},{"damage_healed":16.0,"max_hp_gain":0.0,"max_hp_loss":0.0,"gold_gain":0.0,"event_name":"The Cleric","player_choice":"Healed","floor":14.0,"gold_loss":35.0,"damage_taken":0.0},{"damage_healed":0.0,"max_hp_gain":0.0,"max_hp_loss":0.0,"gold_gain":0.0,"event_name":"FaceTrader","player_choice":"Trade","floor":19.0,"gold_loss":0.0,"damage_taken":0.0,"relics_obtained":["GremlinMask"]}],"is_beta":false,"boss_relics":[{"not_picked":["Busted Crown","Snecko Eye"],"picked":"Velvet Choker"},{"not_picked":["Calling Bell","Fusion Hammer"],"picked":"Tiny House"}],"items_purged_floors":[2,12,37,48],"is_endless":false,"potions_floor_spawned":[1,6,10,18,30,31,33,35,41,44],"killed_by":"Donu and Deca","ascension_level":1}}