{"host":"Hutts","time":1613361975,"event":{"mods":["BaseMod","Downfall","Googly Eyes","Minty Spire (QoL Compilation)","StSLib","The Cursed","The IronCluck"],"gold_per_floor":[99,118,218,218,233,251,251,251,251,251,278,114,114,114,125,228,278,278,290,305,305,325,93,93,93,104,143,174,205,205,253,287,408,408,308,332,351,378,428,428,428,446,465,465,46,93,93,130,160,160],"floor_reached":51,"language":"ENG","playtime":9130,"items_purged":["hexamod:SixthSeal"],"score":799,"play_id":"a51dc89d-5dbc-4fb9-babb-9d3fe2592352","local_time":"20210214220615","is_ascension_mode":false,"campfire_choices":[{"data":"hexamod:Float","floor":1,"key":"SMITH"},{"data":"hexamod:InspiringFlames","floor":8,"key":"SMITH"},{"data":"hexamod:HauntingEcho","floor":10,"key":"SMITH"},{"data":"hexamod:SearingWound","floor":18,"key":"SMITH"},{"data":"hexamod:PhantomCloak","floor":25,"key":"SMITH"},{"data":"hexamod:Rewind","floor":30,"key":"SMITH"},{"data":"hexamod:TimeOfNeed","floor":35,"key":"SMITH"},{"floor":44,"key":"REST"},{"data":"expansioncontent:DashGenerateEvil","floor":47,"key":"SMITH"}],"circlet_count":0,"master_deck":["hexamod:Strike+1","hexamod:Strike+1","hexamod:Strike+1","hexamod:Defend+1","hexamod:Defend+1","hexamod:Defend+1","hexamod:Defend+1","hexamod:Sear+1","hexamod:Float+1","hexamod:StepThrough+1","hexamod:HauntingEcho+1","hexamod:InspiringFlames+1","hexamod:ExtraCrispy+1","hexamod:ThirdSeal","hexamod:SpectralAdrenaline+1","hexamod:GhostOfSpirePast+1","hexamod:WildfireWeapon+1","hexamod:SearingWound+1","hexamod:PhantomCloak+1","hexamod:BacktrackSmack+1","hexamod:BurningTouch+1","hexamod:FirstSeal","hexamod:EmpoweredFlame+1","hexamod:EmpoweredFlame+1","hexamod:SecondSeal","hexamod:HexaLevel+1","hexamod:Incineration+1","hexamod:ThermalTransfer+1","hexamod:FourthSeal","hexamod:GhostflameBarrier+1","hexamod:Rewind+1","hexamod:RadiantFlame+1","hexamod:SoulSteal+1","hexamod:FourthSeal","hexamod:TimeOfNeed+1","hexamod:UnlimitedPower+1","hexamod:ThermalTransfer+1","CurseOfTheBell","CurseOfTheBell","hexamod:Hexaguard+1","expansioncontent:DashGenerateEvil+1","hexamod:ThermalTransfer+1","hexamod:ThermalTransfer+1","hexamod:Hexaguard+1","hexamod:Rewind+1"],"relics":["hexamod:SpiritBrand","Eternal Feather","Mummified Hand","Orichalcum","Pantograph","Tiny House","Strawberry","CeramicFish","Mango","SacredBark","downfall:HeartBlessingGreen","Incense Burner","InkBottle","downfall:ExtraCursedBell","Akabeko","hexamod:InflammatoryLetter","Lizard Tail","Frozen Eye","Question Card","Letter Opener"],"acts_visited":["Exordium","TheCity","TheBeyond"],"potions_floor_usage":[3,12,19,20,28,29,31,32,33,36,37,37,37,38,39,39,43,45,48,50,50,50],"damage_taken":[{"damage":1,"enemies":"Jaw Worm","floor":2,"turns":3},{"damage":0,"enemies":"Small Slimes","floor":5,"turns":3},{"damage":0,"enemies":"Cultist","floor":6,"turns":3},{"damage":12,"enemies":"Lagavulin","floor":11,"turns":8},{"damage":0,"enemies":"downfall:FleeingMerchant","floor":12,"turns":4},{"damage":7,"enemies":"Blue Slaver","floor":15,"turns":3},{"damage":24,"enemies":"DF_ARCHETYPE_STREAMLINE","floor":16,"turns":11},{"damage":5,"enemies":"Shell Parasite","floor":19,"turns":4},{"damage":5,"enemies":"downfall:LooterAlt2","floor":20,"turns":4},{"damage":12,"enemies":"Shelled Parasite and Fungi","floor":22,"turns":4},{"damage":2,"enemies":"downfall:FleeingMerchant","floor":23,"turns":4},{"damage":7,"enemies":"downfall:FleeingMerchant","floor":26,"turns":4},{"damage":5,"enemies":"Centurion and Healer","floor":27,"turns":5},{"damage":0,"enemies":"Snake Plant","floor":28,"turns":3},{"damage":13,"enemies":"Snecko","floor":29,"turns":5},{"damage":51,"enemies":"Slavers","floor":31,"turns":5},{"damage":15,"enemies":"Centurion and Healer","floor":32,"turns":4},{"damage":24,"enemies":"SI_MIRROR_ARCHETYPE","floor":33,"turns":8},{"damage":0,"enemies":"Orb Walker","floor":36,"turns":2},{"damage":24,"enemies":"3 Darklings","floor":37,"turns":6},{"damage":27,"enemies":"Sphere and 2 Shapes","floor":38,"turns":6},{"damage":19,"enemies":"2 Orb Walkers","floor":39,"turns":3},{"damage":3,"enemies":"Transient","floor":43,"turns":5},{"damage":8,"enemies":"downfall:FleeingMerchant","floor":45,"turns":3},{"damage":32,"enemies":"Nemesis","floor":46,"turns":4},{"damage":37,"enemies":"Jaw Worm Horde","floor":48,"turns":4},{"damage":0,"enemies":"3 Darklings","floor":49,"turns":3},{"damage":13,"enemies":"IC_BLOCK_ARCHETYPE","floor":50,"turns":7}],"seed_played":"-3486949888017290882","potions_obtained":[{"floor":2,"key":"Fruit Juice"},{"floor":11,"key":"SkillPotion"},{"floor":15,"key":"Explosive Potion"},{"floor":17,"key":"bronze:BurnAndBuffPotion"},{"floor":19,"key":"SpeedPotion"},{"floor":27,"key":"Block Potion"},{"floor":28,"key":"SkillPotion"},{"floor":29,"key":"DuplicationPotion"},{"floor":29,"key":"Energy Potion"},{"floor":31,"key":"PowerPotion"},{"floor":31,"key":"PowerPotion"},{"floor":32,"key":"FearPotion"},{"floor":33,"key":"FearPotion"},{"floor":33,"key":"SkillPotion"},{"floor":33,"key":"SneckoOil"},{"floor":36,"key":"GamblersBrew"},{"floor":37,"key":"hexamod:SoulburnPotion"},{"floor":37,"key":"Fruit Juice"},{"floor":38,"key":"Explosive Potion"},{"floor":38,"key":"BlessingOfTheForge"},{"floor":38,"key":"ColorlessPotion"},{"floor":39,"key":"Strength Potion"},{"floor":39,"key":"CultistPotion"},{"floor":43,"key":"Strength Potion"},{"floor":45,"key":"champ:CounterPotion"},{"floor":48,"key":"hexamod:EctoCoolerPotion"},{"floor":49,"key":"Explosive Potion"}],"is_trial":false,"path_per_floor":["R","M","?","?","M","M","T","R","?","R","E","$","?","T","M","B",null,"R","M","M","?","M","$","T","R","$","M","M","M","R","E","M","B",null,"R","M","M","M","?","?","T","?","M","R","$","E","R","M","M","B",null],"character_chosen":"THE_SPIRIT","items_purchased":["hexamod:SixthSeal","hexamod:SpectralAdrenaline","hexamod:SecondSeal","Strawberry","Fruit Juice","champ:CounterPotion","expansioncontent:DashGenerateEvil","Frozen Eye","Question Card"],"campfire_rested":1,"item_purchase_floors":[12,12,23,23,45,45,45,45,45],"current_hp_per_floor":[77,76,81,81,81,81,81,82,82,82,70,70,52,52,45,46,87,87,82,77,77,65,70,70,85,85,87,87,81,94,64,49,50,108,108,108,101,81,62,62,62,62,59,118,127,102,126,96,96,115],"gold":160,"neow_bonus":"TEN_PERCENT_HP_BONUS","is_daily":false,"chose_seed":false,"campfire_upgraded":8,"win_rate":0.0,"timestamp":1613361975,"path_taken":["R","M","?","?","?","M","T","R","?","R","E","$","?","?","M","BOSS","R","M","?","?","M","$","T","R","$","M","M","M","R","E","M","BOSS","R","M","M","M","?","?","T","?","M","R","$","E","R","?","M","BOSS"],"items_purchased_type":["Card","Card","Card","Relic","Potion","Potion","Card","Relic","Relic"],"build_version":"2020-12-18","purchased_purges":1,"victory":true,"max_hp_per_floor":[77,77,82,82,82,82,82,82,82,82,82,82,82,82,82,82,87,87,87,87,87,87,94,94,94,94,94,94,94,94,108,108,108,108,108,108,118,118,118,118,118,118,118,118,128,128,128,128,128,128],"card_choices":[{"not_picked":["hexamod:NightmareGuise","hexamod:NightmareStrike"],"picked":"hexamod:StepThrough","floor":2},{"not_picked":["hexamod:SkipABeat","hexamod:FastForward"],"picked":"hexamod:HauntingEcho","floor":5},{"not_picked":["hexamod:ShieldOfDarkness","hexamod:NightmareGuise"],"picked":"hexamod:InspiringFlames","floor":6},{"not_picked":["hexamod:RecurringNightmare","hexamod:Again"],"picked":"hexamod:ExtraCrispy","floor":11},{"not_picked":["hexamod:NightmareStrike","hexamod:EtherealExpedition"],"picked":"hexamod:ThirdSeal","floor":12},{"not_picked":["hexamod:EmpoweredFlame","hexamod:Hexaguard"],"picked":"hexamod:GhostOfSpirePast","floor":15},{"not_picked":["hexamod:Firestarter","hexamod:ShieldOfDarkness","hexamod:Again"],"picked":"SKIP","floor":15},{"not_picked":["hexamod:SixthSeal","hexamod:TurnItUp"],"picked":"hexamod:WildfireWeapon","floor":16},{"not_picked":["hexamod:GhostflameInferno","hexamod:UnleashSpirits"],"picked":"hexamod:SearingWound","floor":16},{"not_picked":["hexamod:AdvancingGuard","hexamod:GhostflameBarrier"],"picked":"hexamod:PhantomCloak","floor":17},{"not_picked":["hexamod:RainOfEmbers+1","hexamod:CatchUp"],"picked":"hexamod:BacktrackSmack+1","floor":19},{"not_picked":["hexamod:CatchUp","hexamod:RetreatToShadows","hexamod:AdvancingGuard"],"picked":"SKIP","floor":19},{"not_picked":["hexamod:NightmareGuise","hexamod:ExtraCrispy"],"picked":"hexamod:BurningTouch+1","floor":20},{"not_picked":["hexamod:GhostLash","hexamod:NightmareStrike","hexamod:AdvancingGuard+1"],"picked":"SKIP","floor":20},{"not_picked":["hexamod:SpectersWail","hexamod:NecessarySacrifice"],"picked":"hexamod:FirstSeal","floor":22},{"not_picked":["hexamod:NightmareGuise","hexamod:InspiringFlames"],"picked":"hexamod:EmpoweredFlame","floor":22},{"not_picked":["hexamod:InspiringFlames","hexamod:ThirdSeal"],"picked":"hexamod:EmpoweredFlame","floor":23},{"not_picked":["hexamod:InspiringFlames+1","hexamod:PhantomFireball","hexamod:Hexaguard"],"picked":"SKIP","floor":23},{"not_picked":["hexamod:BacktrackSmack","hexamod:GhostShield"],"picked":"hexamod:HexaLevel","floor":26},{"not_picked":["hexamod:NightmareGuise","hexamod:Hexaguard"],"picked":"hexamod:Incineration","floor":26},{"not_picked":["hexamod:HeatMetal","hexamod:FastForward"],"picked":"hexamod:ThermalTransfer","floor":27},{"not_picked":["hexamod:GhostflameInferno","hexamod:SoulSteal"],"picked":"hexamod:FourthSeal","floor":27},{"not_picked":["hexamod:NightmareStrike+1","hexamod:RainOfEmbers"],"picked":"hexamod:GhostflameBarrier+1","floor":28},{"not_picked":["hexamod:FastForward+1","hexamod:Hexaguard+1"],"picked":"hexamod:Rewind","floor":28},{"not_picked":["hexamod:HauntingEcho","hexamod:RetreatToShadows+1"],"picked":"hexamod:RadiantFlame","floor":29},{"not_picked":["hexamod:AdvancingGuard","hexamod:DynamicBlow","hexamod:SpectersWail"],"picked":"SKIP","floor":29},{"not_picked":["hexamod:GhostOfSpirePast","hexamod:StepThrough"],"picked":"hexamod:SoulSteal+1","floor":31},{"not_picked":["hexamod:InspiringFlames","hexamod:TurnItUp","hexamod:GhostLash"],"picked":"SKIP","floor":31},{"not_picked":["hexamod:PhantomCloak","hexamod:ShieldOfDarkness+1"],"picked":"hexamod:FourthSeal","floor":32},{"not_picked":["hexamod:Haunt","hexamod:GhostShield","hexamod:CatchUp"],"picked":"SKIP","floor":32},{"not_picked":["hexamod:GhostflameInferno","hexamod:UnleashSpirits"],"picked":"hexamod:TimeOfNeed","floor":33},{"not_picked":["hexamod:TurnItUp","hexamod:GhostflameInferno"],"picked":"hexamod:UnlimitedPower","floor":33},{"not_picked":["hexamod:GhostOfSpirePast+1","hexamod:HauntingEcho+1"],"picked":"hexamod:ThermalTransfer+1","floor":36},{"not_picked":["hexamod:GhostLash+1","hexamod:HeatMetal","hexamod:Haunt+1"],"picked":"SKIP","floor":37},{"not_picked":["hexamod:NightmareGuise","hexamod:CatchUp+1","hexamod:SecondSeal"],"picked":"SKIP","floor":37},{"not_picked":["hexamod:GhostLash+1","hexamod:HeatMetal","hexamod:Haunt+1"],"picked":"SKIP","floor":37},{"not_picked":["hexamod:NightmareGuise","hexamod:CatchUp+1","hexamod:SecondSeal"],"picked":"SKIP","floor":37},{"not_picked":["hexamod:ShieldOfDarkness","hexamod:NecessarySacrifice","hexamod:HeatMetal+1"],"picked":"SKIP","floor":38},{"not_picked":["hexamod:NightmareStrike+1","hexamod:ThermalTransfer","hexamod:HeatMetal"],"picked":"SKIP","floor":43},{"not_picked":["hexamod:InspiringFlames+1","hexamod:RetreatToShadows+1","hexamod:FastForward"],"picked":"SKIP","floor":43},{"not_picked":["hexamod:FastForward+1","hexamod:HauntingEcho"],"picked":"hexamod:Hexaguard+1","floor":45},{"not_picked":["hexamod:Again+1","hexamod:UnleashSpirits","hexamod:AdvancingGuard"],"picked":"SKIP","floor":45},{"not_picked":["hexamod:Firestarter+1","hexamod:ThirdSeal","hexamod:WildfireWeapon"],"picked":"hexamod:ThermalTransfer+1","floor":46},{"not_picked":["hexamod:ChargedBarrage","hexamod:BacktrackSmack","hexamod:RainOfEmbers+1"],"picked":"hexamod:ThermalTransfer+1","floor":46},{"not_picked":["hexamod:BurningTouch","hexamod:HauntingEcho","hexamod:RainOfEmbers+1"],"picked":"hexamod:Hexaguard+1","floor":48},{"not_picked":["hexamod:HeatMetal+1","hexamod:FastForward+1","hexamod:NightmareGuise+1"],"picked":"hexamod:Rewind+1","floor":49},{"not_picked":["hexamod:ShieldOfDarkness+1","hexamod:Incineration+1","hexamod:UnleashSpirits","hexamod:GhostLash+1"],"picked":"SKIP","floor":49}],"player_experience":1043637,"relics_obtained":[{"floor":7,"key":"Eternal Feather"},{"floor":11,"key":"Mummified Hand"},{"floor":14,"key":"Pantograph"},{"floor":24,"key":"CeramicFish"},{"floor":31,"key":"Mango"},{"floor":39,"key":"Incense Burner"},{"floor":41,"key":"InkBottle"},{"floor":42,"key":"Akabeko"},{"floor":42,"key":"hexamod:InflammatoryLetter"},{"floor":42,"key":"Lizard Tail"},{"floor":46,"key":"Letter Opener"}],"event_choices":[{"damage_healed":0,"gold_gain":0,"player_choice":"Success","damage_taken":18,"relics_obtained":["Orichalcum"],"max_hp_gain":0,"max_hp_loss":0,"event_name":"Scrap Ooze","floor":13,"gold_loss":0},{"damage_healed":0,"gold_gain":0,"player_choice":"Fight","damage_taken":0,"max_hp_gain":0,"max_hp_loss":0,"event_name":"Mysterious Sphere","floor":39,"gold_loss":0}],"is_beta":true,"boss_relics":[{"not_picked":["Runic Pyramid","Velvet Choker"],"picked":"Tiny House"},{"not_picked":["Pandora\u0027s Box","bronze:MakeshiftBattery"],"picked":"SacredBark"}],"items_purged_floors":[45],"is_endless":false,"potions_floor_spawned":[2,11,15,19,27,29,31,33,38,39,48,49],"ascension_level":0}}