{"host":"bea4ap9eeevz4v19","time":1613349701,"event":{"mods":["BaseMod","Minty Spire (QoL Compilation)"],"gold_per_floor":[117,129,140,215,215,243,0,0,26,26,59,77,87,116,116,218,218,232,232,292,62,82,82,115,134,208,241,78,111,123,135,135,135,135],"floor_reached":33,"language":"ENG","playtime":1379,"items_purged":[],"score":415,"play_id":"8de6c2fa-e981-4774-b6b1-550c247ee018","local_time":"20210214194141","is_ascension_mode":true,"campfire_choices":[{"data":"Machine Learning","floor":8,"key":"SMITH"},{"data":"Beam Cell","floor":10,"key":"SMITH"},{"data":"Rip and Tear","floor":15,"key":"SMITH"},{"data":"Sadistic Nature","floor":23,"key":"SMITH"},{"floor":32,"key":"REST"}],"circlet_count":0,"master_deck":["Strike_B","Strike_B","Strike_B","Strike_B","Defend_B","Defend_B","Defend_B","Defend_B","Zap","Dualcast","Rip and Tear+1","Cold Snap","Beam Cell+1","Machine Learning+1","Dramatic Entrance+1","Iron Wave+1","Backflip","CutThroughFate+1","Flying Knee+1","Sadistic Nature+1","Twin Strike+1","Melter+1","Pommel Strike+1","WreathOfFlame+1","Whirlwind+1","Sword Boomerang+1","Capacitor","Dual Wield","Flex+1","Clothesline+1"],"relics":["FrozenCore","NeowsBlessing","Molten Egg 2","Happy Flower","PrismaticShard","Strawberry","PreservedInsect","Art of War","SsserpentHead","Lee\u0027s Waffle","Bottled Flame","Toy Ornithopter","Medical Kit","Dead Branch"],"acts_visited":["Exordium","TheCity"],"potions_floor_usage":[6,11,24,27,31,33],"damage_taken":[{"damage":0,"enemies":"Cultist","floor":1,"turns":1},{"damage":0,"enemies":"Small Slimes","floor":2,"turns":1},{"damage":0,"enemies":"Jaw Worm","floor":3,"turns":1},{"damage":16,"enemies":"Lagavulin","floor":6,"turns":4},{"damage":0,"enemies":"Gremlin Nob","floor":11,"turns":2},{"damage":13,"enemies":"Exordium Wildlife","floor":12,"turns":2},{"damage":2,"enemies":"Red Slaver","floor":13,"turns":3},{"damage":0,"enemies":"Lagavulin","floor":14,"turns":2},{"damage":23,"enemies":"The Guardian","floor":16,"turns":9},{"damage":28,"enemies":"2 Thieves","floor":18,"turns":3},{"damage":14,"enemies":"3 Byrds","floor":20,"turns":4},{"damage":7,"enemies":"Centurion and Healer","floor":22,"turns":5},{"damage":31,"enemies":"Slavers","floor":24,"turns":4},{"damage":4,"enemies":"Snecko","floor":25,"turns":3},{"damage":11,"enemies":"Book of Stabbing","floor":27,"turns":4},{"damage":12,"enemies":"Slavers","floor":29,"turns":3},{"damage":0,"enemies":"Sentry and Sphere","floor":30,"turns":3},{"damage":4,"enemies":"3 Cultists","floor":31,"turns":3},{"damage":66,"enemies":"Champ","floor":33,"turns":9}],"seed_played":"-4755796180105179715","potions_obtained":[{"floor":3,"key":"BlessingOfTheForge"},{"floor":6,"key":"Strength Potion"},{"floor":16,"key":"DuplicationPotion"},{"floor":18,"key":"EssenceOfSteel"},{"floor":24,"key":"SpeedPotion"},{"floor":27,"key":"SmokeBomb"},{"floor":29,"key":"SkillPotion"}],"is_trial":false,"path_per_floor":["M","M","M","?","T","E","$","R","T","R","E","M","M","E","R","B",null,"M","?","M","$","M","R","E","M","T","E","$","E","M","M","R","B"],"character_chosen":"DEFECT","items_purchased":["PrismaticShard","Dramatic Entrance+1","Lee\u0027s Waffle","Melter+1","Capacitor","Medical Kit"],"campfire_rested":1,"item_purchase_floors":[7,7,21,21,28,28],"current_hp_per_floor":[75,75,75,64,64,48,48,48,55,55,55,42,40,40,40,17,82,54,54,40,89,82,82,51,47,47,36,36,24,24,25,51,0,0],"gold":135,"neow_bonus":"THREE_ENEMY_KILL","is_daily":false,"chose_seed":false,"campfire_upgraded":4,"win_rate":0.0,"timestamp":1613349701,"path_taken":["M","M","?","?","?","E","?","R","T","R","E","M","?","E","R","BOSS","M","?","?","$","M","R","E","M","T","E","?","E","M","M","R","BOSS"],"items_purchased_type":["Relic","Card","Relic","Card","Card","Relic"],"build_version":"2020-12-22","purchased_purges":0,"victory":false,"max_hp_per_floor":[75,75,75,75,75,75,75,75,82,82,82,82,82,82,82,82,82,82,82,82,89,89,89,89,89,89,89,89,89,89,89,89,89,89],"card_choices":[{"not_picked":["Hologram","Redo"],"picked":"Rip and Tear","floor":1},{"not_picked":["Self Repair","Compile Driver"],"picked":"Cold Snap","floor":2},{"not_picked":["Conserve Battery","Ball Lightning"],"picked":"Beam Cell","floor":3},{"not_picked":["Heatsinks","Chill"],"picked":"Machine Learning","floor":6},{"not_picked":["ThirdEye","Compile Driver+1"],"picked":"Iron Wave+1","floor":11},{"not_picked":["Slice+1","Rupture"],"picked":"Backflip","floor":12},{"not_picked":["Hemokinesis+1","Heavy Blade+1"],"picked":"CutThroughFate+1","floor":13},{"not_picked":["Dagger Spray+1","ThirdEye"],"picked":"Flying Knee+1","floor":14},{"not_picked":["Corruption","MasterReality"],"picked":"Sadistic Nature","floor":16},{"not_picked":["Masterful Stab+1","Bane+1","Sentinel"],"picked":"SKIP","floor":18},{"not_picked":["Dramatic Entrance+1","Halt"],"picked":"Twin Strike+1","floor":20},{"not_picked":["Dramatic Entrance+1","FearNoEvil+1"],"picked":"Pommel Strike+1","floor":22},{"not_picked":["Meteor Strike+1","Prepared"],"picked":"WreathOfFlame+1","floor":24},{"not_picked":["Consecrate+1","True Grit+1"],"picked":"Whirlwind+1","floor":25},{"not_picked":["Reckless Charge+1","Ball Lightning+1"],"picked":"Sword Boomerang+1","floor":27},{"not_picked":["All For One+1","Scrape+1"],"picked":"Dual Wield","floor":29},{"not_picked":["Adaptation","Footwork"],"picked":"Flex+1","floor":30},{"not_picked":["Choke+1","Warcry+1"],"picked":"Clothesline+1","floor":31}],"player_experience":305098,"relics_obtained":[{"floor":5,"key":"Molten Egg 2"},{"floor":6,"key":"Happy Flower"},{"floor":9,"key":"Strawberry"},{"floor":11,"key":"PreservedInsect"},{"floor":14,"key":"Art of War"},{"floor":24,"key":"Bottled Flame"},{"floor":27,"key":"Toy Ornithopter"},{"floor":29,"key":"Dead Branch"}],"event_choices":[{"damage_healed":0,"gold_gain":75,"player_choice":"Gather Gold","damage_taken":11,"max_hp_gain":0,"max_hp_loss":0,"event_name":"World of Goop","floor":4,"gold_loss":0},{"damage_healed":0,"gold_gain":0,"player_choice":"Trade","damage_taken":0,"relics_obtained":["SsserpentHead"],"max_hp_gain":0,"max_hp_loss":0,"event_name":"FaceTrader","floor":19,"gold_loss":0}],"is_beta":false,"boss_relics":[{"not_picked":["Ectoplasm","Runic Pyramid"],"picked":"FrozenCore"}],"items_purged_floors":[],"is_endless":false,"potions_floor_spawned":[3,6,16,18,24,27,29],"killed_by":"Champ","ascension_level":2}}