{"host":"y76clbnovzmw9ubx","time":1613406741,"event":{"mods":["AchievementEnabler","BaseMod","Minty Spire (QoL Compilation)","Permanent Neow","Relic Stats"],"gold_per_floor":[368,378,378,41,53,81,81,91,91,106,141,156,168,193,193,267,267,284,284,12,30,48,48,48,48],"floor_reached":24,"language":"ENG","playtime":1695,"items_purged":["Strike_G"],"score":440,"play_id":"f9496470-140d-4a80-a626-7f86326f113d","local_time":"20210215113221","is_ascension_mode":true,"campfire_choices":[{"floor":7.0,"key":"REST"},{"floor":15.0,"key":"REST"},{"floor":23,"key":"REST"}],"circlet_count":0,"master_deck":["AscendersBane","Strike_G","Strike_G","Strike_G","Defend_G","Defend_G","Defend_G","Defend_G","Defend_G","Survivor","Neutralize","Dagger Throw","Masterful Stab","Terror","Envenom","Blur","Catalyst","Dagger Spray","Backflip","Die Die Die","Poisoned Stab","Dodge and Roll","Catalyst"],"relics":["Ring of the Snake","Toy Ornithopter","Potion Belt","Thread and Needle","InkBottle","Bag of Marbles","Black Star","Lantern","ClockworkSouvenir"],"acts_visited":["Exordium","TheCity"],"potions_floor_usage":[22,24],"damage_taken":[{"damage":0.0,"enemies":"Small Slimes","floor":1.0,"turns":4.0},{"damage":1.0,"enemies":"Cultist","floor":2.0,"turns":3.0},{"damage":0.0,"enemies":"2 Louse","floor":5.0,"turns":4.0},{"damage":31.0,"enemies":"Lagavulin","floor":6.0,"turns":9.0},{"damage":0.0,"enemies":"2 Fungi Beasts","floor":8.0,"turns":3.0},{"damage":3.0,"enemies":"Large Slime","floor":10.0,"turns":6.0},{"damage":19.0,"enemies":"3 Sentries","floor":11.0,"turns":15.0},{"damage":0.0,"enemies":"Blue Slaver","floor":12.0,"turns":5.0},{"damage":2.0,"enemies":"Lots of Slimes","floor":13.0,"turns":7.0},{"damage":6.0,"enemies":"Lagavulin","floor":14.0,"turns":7.0},{"damage":10.0,"enemies":"The Guardian","floor":16.0,"turns":14.0},{"damage":34.0,"enemies":"2 Thieves","floor":18.0,"turns":4.0},{"damage":23.0,"enemies":"Chosen","floor":21.0,"turns":6.0},{"damage":1,"enemies":"Snake Plant","floor":22,"turns":5},{"damage":35,"enemies":"Slavers","floor":24,"turns":4}],"seed_played":"7267040422106196677","potions_obtained":[{"floor":5.0,"key":"Block Potion"},{"floor":6.0,"key":"DistilledChaos"},{"floor":8.0,"key":"CultistPotion"},{"floor":12.0,"key":"Strength Potion"},{"floor":14.0,"key":"SteroidPotion"},{"floor":16.0,"key":"DistilledChaos"},{"floor":21.0,"key":"SpeedPotion"}],"is_trial":false,"path_per_floor":["M","M","?","$","M","E","R","M","T","M","E","M","M","E","R","B",null,"M","T","$","M","M","R","E"],"character_chosen":"THE_SILENT","items_purchased":["Toy Ornithopter","Potion Belt","ClockworkSouvenir","Dodge and Roll"],"campfire_rested":3,"item_purchase_floors":[4,4,20,20],"current_hp_per_floor":[44,43,43,43,43,17,36,36,36,33,19,19,17,16,35,30,57,23,23,23,5,9,28,0,0],"gold":48,"neow_bonus":"TWO_FIFTY_GOLD","is_daily":false,"chose_seed":false,"campfire_upgraded":0,"win_rate":0.0,"timestamp":1613406741,"path_taken":["M","M","?","$","M","E","R","?","T","M","E","M","M","E","R","BOSS","M","?","$","?","M","R","E"],"items_purchased_type":["Relic","Relic","Relic","Card"],"build_version":"2020-12-22","purchased_purges":1,"victory":false,"max_hp_per_floor":[66,66,66,66,66,66,66,66,66,66,66,66,66,66,66,66,66,66,66,66,66,66,66,66,66],"relic_stats":{"counters":[15,96],"Black Star":0,"obtain_stats":[{"Potion Belt":4,"Lantern":19,"Thread and Needle":6,"Bag of Marbles":14,"Black Star":17,"Toy Ornithopter":4,"InkBottle":11,"Ring of the Snake":0,"ClockworkSouvenir":20},{"Potion Belt":2,"Lantern":12,"Thread and Needle":4,"Bag of Marbles":10,"Black Star":11,"Toy Ornithopter":2,"InkBottle":7,"Ring of the Snake":0,"ClockworkSouvenir":12},{"Potion Belt":7,"Lantern":81,"Thread and Needle":20,"Bag of Marbles":63,"Black Star":77,"Toy Ornithopter":7,"InkBottle":44,"Ring of the Snake":0,"ClockworkSouvenir":81}],"Toy Ornithopter":35,"InkBottle":[15],"Ring of the Snake":[30]},"card_choices":[{"not_picked":["Cloak And Dagger","Tactician"],"picked":"Dagger Throw","floor":1.0},{"not_picked":["Deadly Poison","Flying Knee","Tactician"],"picked":"SKIP","floor":2.0},{"not_picked":["Calculated Gamble","Accuracy"],"picked":"Masterful Stab","floor":5.0},{"not_picked":["Expertise","Blade Dance"],"picked":"Terror","floor":6.0},{"not_picked":["Flying Knee","Tactician"],"picked":"Envenom","floor":8.0},{"not_picked":["Sucker Punch","Masterful Stab","Quick Slash"],"picked":"SKIP","floor":10.0},{"not_picked":["Underhanded Strike","Prepared"],"picked":"Blur","floor":11.0},{"not_picked":["Flying Knee","Underhanded Strike"],"picked":"Catalyst","floor":12.0},{"not_picked":["All Out Attack","Prepared"],"picked":"Dagger Spray","floor":13.0},{"not_picked":["Deflect","Reflex"],"picked":"Backflip","floor":14.0},{"not_picked":["Bullet Time","Tools of the Trade"],"picked":"Die Die Die","floor":16.0},{"not_picked":["Distraction","Deadly Poison"],"picked":"Poisoned Stab","floor":18.0},{"not_picked":["Acrobatics","Underhanded Strike+1","Prepared"],"picked":"SKIP","floor":21.0},{"not_picked":["Masterful Stab","Outmaneuver"],"picked":"Catalyst","floor":22}],"player_experience":3244877,"relics_obtained":[{"floor":6.0,"key":"Thread and Needle"},{"floor":11.0,"key":"InkBottle"},{"floor":14.0,"key":"Bag of Marbles"},{"floor":19.0,"key":"Lantern"}],"event_choices":[{"cards_removed":["Strike_G"],"damage_healed":0.0,"max_hp_gain":0.0,"max_hp_loss":0.0,"gold_gain":0.0,"event_name":"Bonfire Elementals","player_choice":"Offered Basic","floor":3.0,"gold_loss":0.0,"damage_taken":0.0}],"is_beta":false,"boss_relics":[{"not_picked":["Ectoplasm","Pandora\u0027s Box"],"picked":"Black Star"}],"items_purged_floors":[20],"is_endless":false,"potions_floor_spawned":[5,6,8,12,14,16,21],"killed_by":"Slavers","ascension_level":20}}