{"host":"irqpc5dtltfquxh7","time":1613385646,"event":{"mods":["2.2 Compatiblity","AchievementEnabler","Act Like it!","BaseMod","Better Third Choice","BetterRewards","CapriCore","Colored Map","Colored Powertips","Friendly Minions","Hallownest","Highlight Path","Minty Spire (QoL Compilation)","Permanent Neow","Shop Mod","Spicy Shops","StSLib","The Bug Knight","Unknown Chances","Waifu the Spire"],"gold_per_floor":[109,125,125,143,143,177,177,187,239,273,295,307,345,368,380,392,392],"floor_reached":16,"language":"ENG","playtime":1484,"items_purged":[],"score":122,"play_id":"04bdf134-2006-42f0-9b06-30a85268380a","local_time":"20210215164046","is_ascension_mode":false,"campfire_choices":[{"data":"HollowMod:HornetsHelp","floor":7,"key":"SMITH"},{"data":"HollowMod:DashSlash","floor":12,"key":"SMITH"},{"data":"HollowMod:FocusHealStart","floor":15,"key":"SMITH"}],"circlet_count":0,"master_deck":["HollowMod:NailStrikeStart","HollowMod:NailStrikeStart","HollowMod:NailStrikeStart","HollowMod:NailStrikeStart","HollowMod:QuickDashStart","HollowMod:QuickDashStart","HollowMod:QuickDashStart","HollowMod:QuickDashStart","HollowMod:FocusHealStart+1","HollowMod:PogoStrike","HollowMod:HornetsHelp+1","HollowMod:SoulStrike","HollowMod:HeavyBlow","HollowMod:DashSlash","HollowMod:ChannelNail","HollowMod:SoulShaman","HollowMod:MantisMark","HollowMod:DashSlash+1","HollowMod:HuntersJournal","HollowMod:SoulStrike"],"relics":["HollowMod:VesselMask","Hallownest:DreamNailRelic","Eternal Feather","Happy Flower","MawBank","Orichalcum"],"acts_visited":["Hallownest:Greenpath"],"potions_floor_usage":[6,6,16],"damage_taken":[{"damage":0,"enemies":"2_ Uuma","floor":1,"turns":4},{"damage":5,"enemies":"Hallownest:monsterHuskGuard","floor":2,"turns":5},{"damage":7,"enemies":"Hallownest:2_Baldur","floor":4,"turns":6},{"damage":16,"enemies":"Hallownest:eliteMossKnight","floor":6,"turns":17},{"damage":2,"enemies":"Hallownest:monsterFoolEater","floor":8,"turns":3},{"damage":6,"enemies":"Hallownest:eliteVengeflyKing","floor":10,"turns":10},{"damage":13,"enemies":"Hallownest:Guard_and_Warrior","floor":11,"turns":5},{"damage":1,"enemies":"Hallownest:eliteCrystalGuardian","floor":13,"turns":5},{"damage":0,"enemies":"Hallownest:monsterMossCharger","floor":14,"turns":4},{"damage":79,"enemies":"Hallownest:BossBrokenVessel","floor":16,"turns":19}],"seed_played":"-7896817625047430066","potions_obtained":[{"floor":1,"key":"LiquidBronze"},{"floor":4,"key":"Dexterity Potion"},{"floor":14,"key":"LiquidMemories"}],"is_trial":false,"path_per_floor":["M","M","?","M","$","E","R","M","T","E","M","R","?","M","R","B"],"character_chosen":"THE_BUGKNIGHT","items_purchased":[],"campfire_rested":0,"item_purchase_floors":[],"current_hp_per_floor":[75,70,70,63,63,59,68,66,66,60,47,56,55,55,67,0,0],"gold":392,"neow_bonus":"ONE_RANDOM_RARE_CARD","is_daily":false,"chose_seed":false,"campfire_upgraded":3,"win_rate":0.0,"timestamp":1613385646,"path_taken":["M","M","?","M","$","E","R","M","T","E","?","R","?","M","R","BOSS"],"items_purchased_type":[],"build_version":"2020-12-22","purchased_purges":0,"victory":false,"max_hp_per_floor":[75,75,75,75,75,75,75,75,75,75,75,75,75,75,75,75,75],"card_choices":[{"not_picked":["HollowMod:CrystalDash","HollowMod:InfectionAssault"],"picked":"HollowMod:SoulStrike","floor":1},{"not_picked":["HollowMod:BrokenVessel","HollowMod:GrimmsGift"],"picked":"HollowMod:HeavyBlow","floor":2},{"not_picked":["HollowMod:MothsMistake","HollowMod:MawleksShell"],"picked":"HollowMod:DashSlash","floor":4},{"not_picked":["HollowMod:VengefulVoid","HollowMod:ShapeofUnn"],"picked":"HollowMod:ChannelNail","floor":6},{"not_picked":["HollowMod:HeavyBlow","HollowMod:PureNailStrike"],"picked":"HollowMod:SoulShaman","floor":8},{"not_picked":["HollowMod:InfectedAttack","HollowMod:GoodIntentions"],"picked":"HollowMod:MantisMark","floor":10},{"not_picked":["HollowMod:PureNailStrike","HollowMod:SharpenedNail"],"picked":"HollowMod:DashSlash","floor":11},{"not_picked":["HollowMod:WraithStrike","HollowMod:HeavyBlow"],"picked":"HollowMod:HuntersJournal","floor":13},{"not_picked":["HollowMod:InfectedAttack","HollowMod:MawleksShell"],"picked":"HollowMod:SoulStrike","floor":14}],"player_experience":408759,"relics_obtained":[{"floor":6,"key":"Eternal Feather"},{"floor":9,"key":"Happy Flower"},{"floor":10,"key":"MawBank"},{"floor":13,"key":"Orichalcum"}],"event_choices":[],"is_beta":false,"boss_relics":[],"items_purged_floors":[],"is_endless":false,"potions_floor_spawned":[1,4,14],"killed_by":"Hallownest:BossBrokenVessel","ascension_level":0}}