{"host":"8czslf765hghnpcx","time":1613402622,"event":{"mods":["BaseMod","BetterRewards","Colored Map","Downfall","GifTheSpireLib","Minty Spire (QoL Compilation)","Quick Restart","StSLib","noobMod"],"gold_per_floor":[99,113,413,413,72,107,107,107,107,107,107],"floor_reached":9,"language":"ZHS","playtime":414,"items_purged":["bronze:Defend"],"score":60,"play_id":"4d52074b-7d20-4c4a-8535-86a4b065569b","local_time":"20210215232342","is_ascension_mode":true,"campfire_choices":[{"data":"bronze:Goto","floor":1,"key":"SMITH"}],"circlet_count":0,"master_deck":["bronze:Strike","bronze:Strike","bronze:Strike","bronze:Strike","bronze:Defend","bronze:Defend","bronze:Defend","bronze:Replicate","bronze:Goto+1","bronze:ThunderWave","bronze:Separator","bronze:DarkDash","bronze:ItsAFeature","expansioncontent:QuickStudy","bronze:Boost","bronze:Invalidate"],"relics":["bronze:BronzeCore","ice","Old Coin","StoneCalendar","Toy Ornithopter","Bird Faced Urn"],"acts_visited":["Exordium"],"potions_floor_usage":[9],"damage_taken":[{"damage":5,"enemies":"Small Slimes","floor":2,"turns":4},{"damage":10,"enemies":"downfall:FleeingMerchant","floor":5,"turns":4},{"damage":10,"enemies":"3 Sentries","floor":6,"turns":4},{"damage":0,"enemies":"Gremlin Nob","floor":9,"turns":3}],"seed_played":"-5344712306704148721","potions_obtained":[{"floor":6,"key":"Regen Potion"}],"is_trial":false,"path_per_floor":["R","M","?","?","$","E","T","?","E"],"character_chosen":"THE_AUTOMATON","items_purchased":["expansioncontent:QuickStudy","bronze:Boost"],"campfire_rested":0,"item_purchase_floors":[5,5],"current_hp_per_floor":[70,65,65,65,55,45,45,42,56,56,56],"gold":107,"neow_bonus":"ONE_RANDOM_RARE_CARD","is_daily":false,"chose_seed":false,"campfire_upgraded":1,"win_rate":0.0,"timestamp":1613402622,"path_taken":["R","M","?","?","$","E","T","?","E"],"items_purchased_type":["Card","Card"],"build_version":"2020-12-22","purchased_purges":1,"victory":false,"max_hp_per_floor":[70,70,70,70,70,70,70,70,70,70,70],"card_choices":[{"not_picked":["bronze:BitShift","bronze:Philosophize"],"picked":"bronze:Separator","floor":2},{"not_picked":["bronze:CutThrough","bronze:OilSpill"],"picked":"bronze:ItsAFeature","floor":5},{"not_picked":["bronze:Separator","bronze:Boost"],"picked":"bronze:Invalidate","floor":6}],"player_experience":146944,"relics_obtained":[{"floor":6,"key":"StoneCalendar"},{"floor":7,"key":"Toy Ornithopter"}],"event_choices":[{"damage_healed":0,"gold_gain":0,"player_choice":"Box","damage_taken":0,"relics_obtained":["Old Coin"],"max_hp_gain":0,"max_hp_loss":0,"event_name":"Big Fish","floor":3,"gold_loss":0,"cards_obtained":["Regret"]},{"damage_healed":0,"gold_gain":0,"player_choice":"Success","damage_taken":3,"relics_obtained":["Bird Faced Urn"],"max_hp_gain":0,"max_hp_loss":0,"event_name":"Scrap Ooze","floor":8,"gold_loss":0}],"is_beta":false,"boss_relics":[],"items_purged_floors":[5],"is_endless":false,"potions_floor_spawned":[6],"killed_by":"Gremlin Nob","ascension_level":1}}