{"host":"uc8wz0q199a7d901","time":1613419688,"event":{"mods":["2.2 Compatiblity","BaseMod","Colored Map","DeckTracker","Highlight Path","Minty Spire (QoL Compilation)","Permanent Neow","Quick Restart","SuperFastMode"],"gold_per_floor":[112,162,177,189,20,20,53,53,53,53,70,81,113,8,8,85,85,102,152,180,199,16,16,43,43,43,43,84,110,137,163,163,247,247,270,289,317,43,72,109,109,15,40,40,68,102,102,14,14,14,14,14,14,14,51,51,51],"floor_reached":56,"language":"KOR","playtime":2923,"items_purged":["Strike_G","Defend_G","Strike_G","Strike_G","Defend_G"],"score":2085,"play_id":"1c2e012a-4671-4159-89af-4a144c8f288c","local_time":"20210216050808","is_ascension_mode":true,"campfire_choices":[{"data":"After Image","floor":6.0,"key":"SMITH"},{"floor":8.0,"key":"REST"},{"data":"Accuracy","floor":15.0,"key":"SMITH"},{"floor":23.0,"key":"REST"},{"floor":27.0,"key":"REST"},{"floor":32.0,"key":"REST"},{"floor":41.0,"key":"RECALL"},{"floor":47.0,"key":"REST"},{"floor":49.0,"key":"REST"},{"floor":53,"key":"REST"}],"circlet_count":0,"master_deck":["AscendersBane","Strike_G","Strike_G","Defend_G","Defend_G","Defend_G","Survivor","Neutralize","After Image+1","Blade Dance","Slice","Skewer","Well Laid Plans","Burst+1","All Out Attack","Escape Plan","Choke","Prepared","Blade Dance","Accuracy+1","Venomology","PiercingWail+1","Footwork","Escape Plan+1","Blade Dance+1","Backflip+1","Terror+1","Acrobatics+1","Accuracy","Phantasmal Killer+1","Cloak And Dagger+1","Reflex+1","Corpse Explosion+1","Blur+1","Catalyst+1","Infinite Blades","Blur+1","Catalyst+1","Cloak And Dagger+1","Parasite","Deadly Poison+1","Crippling Poison+1"],"relics":["Ring of the Snake","Membership Card","Vajra","Pear","Matryoshka","Black Star","Red Mask","Toxic Egg 2","Singing Bowl","Ancient Tea Set","Blood Vial","Letter Opener","Art of War","CeramicFish","Fusion Hammer","Mummified Hand","Boot","Turnip","Nunchaku","PreservedInsect","Gremlin Horn","Pen Nib","Orichalcum"],"acts_visited":["Exordium","TheCity","TheBeyond","TheEnding"],"potions_floor_usage":[51,56,56],"damage_taken":[{"damage":0.0,"enemies":"2 Louse","floor":1.0,"turns":5.0},{"damage":2.0,"enemies":"Cultist","floor":3.0,"turns":4.0},{"damage":2.0,"enemies":"Small Slimes","floor":4.0,"turns":4.0},{"damage":33.0,"enemies":"Gremlin Nob","floor":7.0,"turns":4.0},{"damage":4.0,"enemies":"Red Slaver","floor":11.0,"turns":3.0},{"damage":0.0,"enemies":"2 Fungi Beasts","floor":12.0,"turns":4.0},{"damage":5.0,"enemies":"3 Sentries","floor":13.0,"turns":6.0},{"damage":18.0,"enemies":"Hexaghost","floor":16.0,"turns":6.0},{"damage":15.0,"enemies":"Shell Parasite","floor":18.0,"turns":5.0},{"damage":15.0,"enemies":"Masked Bandits","floor":20.0,"turns":5.0},{"damage":1.0,"enemies":"Spheric Guardian","floor":21.0,"turns":5.0},{"damage":21.0,"enemies":"Slavers","floor":24.0,"turns":7.0},{"damage":0.0,"enemies":"Gremlin Leader","floor":28.0,"turns":5.0},{"damage":10.0,"enemies":"Centurion and Healer","floor":29.0,"turns":7.0},{"damage":0.0,"enemies":"3 Cultists","floor":30.0,"turns":5.0},{"damage":21.0,"enemies":"Sentry and Sphere","floor":31.0,"turns":4.0},{"damage":32.0,"enemies":"Collector","floor":33.0,"turns":7.0},{"damage":0.0,"enemies":"Orb Walker","floor":35.0,"turns":3.0},{"damage":0.0,"enemies":"3 Shapes","floor":36.0,"turns":3.0},{"damage":21.0,"enemies":"Sphere and 2 Shapes","floor":37.0,"turns":6.0},{"damage":0.0,"enemies":"Transient","floor":39.0,"turns":6.0},{"damage":0.0,"enemies":"Nemesis","floor":40.0,"turns":5.0},{"damage":0.0,"enemies":"Writhing Mass","floor":45.0,"turns":3.0},{"damage":74.0,"enemies":"Reptomancer","floor":46.0,"turns":7.0},{"damage":15.0,"enemies":"Time Eater","floor":50.0,"turns":6.0},{"damage":37,"enemies":"Awakened One","floor":51,"turns":9},{"damage":96,"enemies":"Shield and Spear","floor":55,"turns":5},{"damage":49,"enemies":"The Heart","floor":56,"turns":5}],"seed_played":"5225505015856246606","potions_obtained":[{"floor":4.0,"key":"Strength Potion"},{"floor":7.0,"key":"LiquidMemories"},{"floor":11.0,"key":"EssenceOfSteel"},{"floor":13.0,"key":"LiquidMemories"},{"floor":24.0,"key":"SkillPotion"},{"floor":29.0,"key":"Energy Potion"},{"floor":36.0,"key":"Regen Potion"},{"floor":37.0,"key":"EntropicBrew"}],"is_trial":false,"path_per_floor":["M","?","M","M","$","R","E","R","T","?","M","M","E","$","R","B",null,"M","?","?","M","$","R","E","?","T","R","E","M","M","M","R","B",null,"M","M","M","$","M","E","R","$","T","?","M","E","R","$","R","B","B",null,"R","$","E","B"],"character_chosen":"THE_SILENT","items_purchased":["Membership Card","Blade Dance","Accuracy","Toxic Egg 2","Blur+1","Mummified Hand","Catalyst+1","Infinite Blades","Cloak And Dagger+1"],"campfire_rested":7,"item_purchase_floors":[5,14,14,22,38,38,38,38,42],"current_hp_per_floor":[59,59,57,55,55,55,22,41,51,51,47,47,42,42,42,24,63,48,48,33,32,32,54,35,35,35,58,60,52,54,35,58,28,66,68,70,65,65,67,69,69,69,69,69,73,1,25,25,49,36,1,60,80,80,24,0,0],"gold":51,"neow_bonus":"ONE_RANDOM_RARE_CARD","is_daily":false,"chose_seed":false,"campfire_upgraded":2,"win_rate":0.0,"timestamp":1613419688,"path_taken":["M","?","M","M","?","R","E","R","T","?","M","M","E","$","R","BOSS","M","?","?","M","$","R","E","?","T","R","E","M","?","M","R","BOSS","M","M","M","$","M","E","R","?","T","?","?","E","R","$","R","BOSS","BOSS","R","$","E","BOSS"],"items_purchased_type":["Relic","Card","Card","Relic","Card","Relic","Card","Card","Card"],"build_version":"2020-12-22","purchased_purges":5,"victory":false,"max_hp_per_floor":[66,66,66,66,66,66,66,66,76,76,76,76,76,76,76,76,76,76,76,76,76,76,76,78,78,78,78,78,78,78,78,78,78,78,78,78,78,78,78,78,78,78,78,78,80,80,80,80,80,80,80,80,80,80,80,80,80],"card_choices":[{"not_picked":["Bane","Dodge and Roll"],"picked":"Blade Dance","floor":1.0},{"not_picked":["Dash","Acrobatics"],"picked":"Slice","floor":3.0},{"not_picked":["Outmaneuver","Acrobatics"],"picked":"Skewer","floor":4.0},{"not_picked":["Caltrops","Expertise"],"picked":"Well Laid Plans","floor":7.0},{"not_picked":["Poisoned Stab","Underhanded Strike"],"picked":"Escape Plan","floor":11.0},{"not_picked":["Die Die Die","Dagger Throw"],"picked":"Choke","floor":12.0},{"not_picked":["Acrobatics","Masterful Stab"],"picked":"Prepared","floor":13.0},{"not_picked":["Tools of the Trade","Die Die Die"],"picked":"Venomology","floor":16.0},{"not_picked":["Deadly Poison","Bane"],"picked":"PiercingWail+1","floor":18.0},{"not_picked":["Backstab","Quick Slash"],"picked":"Footwork","floor":20.0},{"not_picked":["Riddle With Holes","Flying Knee"],"picked":"Escape Plan+1","floor":21.0},{"not_picked":["Dodge and Roll+1","Endless Agony","Underhanded Strike+1"],"picked":"Singing Bowl","floor":24.0},{"not_picked":["Deadly Poison+1","Prepared+1"],"picked":"Backflip+1","floor":28.0},{"not_picked":["Footwork","Glass Knife"],"picked":"Terror+1","floor":29.0},{"not_picked":["Catalyst+1","Dash"],"picked":"Acrobatics+1","floor":30.0},{"not_picked":["Deflect+1","Slice"],"picked":"Accuracy","floor":31.0},{"not_picked":["Doppelganger+1","Venomology+1"],"picked":"Phantasmal Killer+1","floor":33.0},{"not_picked":["Dagger Throw+1","Underhanded Strike"],"picked":"Cloak And Dagger+1","floor":35.0},{"not_picked":["Bane","Bouncing Flask+1"],"picked":"Reflex+1","floor":36.0},{"not_picked":["Backflip+1","Prepared+1"],"picked":"Corpse Explosion+1","floor":37.0},{"not_picked":["Underhanded Strike","Dagger Throw"],"picked":"Blur+1","floor":39.0},{"not_picked":["Riddle With Holes","Sucker Punch"],"picked":"Catalyst+1","floor":40.0},{"not_picked":["Footwork","Skewer","Outmaneuver+1"],"picked":"Singing Bowl","floor":45.0},{"not_picked":["Accuracy","Blade Dance+1"],"picked":"Deadly Poison+1","floor":46.0},{"not_picked":["Setup+1","Dagger Throw"],"picked":"Crippling Poison+1","floor":55}],"player_experience":745351,"relics_obtained":[{"floor":7.0,"key":"Vajra"},{"floor":9.0,"key":"Pear"},{"floor":13.0,"key":"Matryoshka"},{"floor":20.0,"key":"Red Mask"},{"floor":24.0,"key":"Singing Bowl"},{"floor":24.0,"key":"Ancient Tea Set"},{"floor":26.0,"key":"Blood Vial"},{"floor":26.0,"key":"Letter Opener"},{"floor":28.0,"key":"Art of War"},{"floor":28.0,"key":"CeramicFish"},{"floor":40.0,"key":"Boot"},{"floor":40.0,"key":"Turnip"},{"floor":43.0,"key":"Nunchaku"},{"floor":46.0,"key":"PreservedInsect"},{"floor":46.0,"key":"Gremlin Horn"},{"floor":55,"key":"Pen Nib"},{"floor":55,"key":"Orichalcum"}],"event_choices":[{"damage_healed":0.0,"max_hp_gain":0.0,"max_hp_loss":0.0,"gold_gain":50.0,"event_name":"Golden Shrine","player_choice":"Pray","floor":2.0,"gold_loss":0.0,"damage_taken":0.0},{"damage_healed":0.0,"max_hp_gain":0.0,"max_hp_loss":0.0,"gold_gain":0.0,"event_name":"Match and Keep!","player_choice":"2 cards matched","floor":10.0,"gold_loss":0.0,"damage_taken":0.0,"cards_obtained":["Burst","All Out Attack"]},{"damage_healed":0.0,"max_hp_gain":0.0,"max_hp_loss":0.0,"gold_gain":50.0,"event_name":"Nest","player_choice":"Stole From Cult","floor":19.0,"gold_loss":0.0,"damage_taken":0.0},{"damage_healed":0.0,"max_hp_gain":0.0,"max_hp_loss":0.0,"gold_gain":0.0,"event_name":"Masked Bandits","player_choice":"Fought Bandits","floor":20.0,"gold_loss":0.0,"damage_taken":0.0},{"damage_healed":0.0,"max_hp_gain":0.0,"max_hp_loss":0.0,"gold_gain":0.0,"event_name":"The Library","player_choice":"Read","floor":25.0,"gold_loss":0.0,"damage_taken":0.0,"cards_obtained":["Blade Dance"]},{"damage_healed":0.0,"max_hp_gain":0.0,"max_hp_loss":0.0,"gold_gain":0.0,"event_name":"Upgrade Shrine","player_choice":"Upgraded","floor":44.0,"gold_loss":0.0,"damage_taken":0.0,"cards_upgraded":["Burst"]}],"is_beta":false,"boss_relics":[{"not_picked":["Philosopher\u0027s Stone","Sozu"],"picked":"Black Star"},{"not_picked":["Tiny House","Pandora\u0027s Box"],"picked":"Fusion Hammer"}],"items_purged_floors":[14,22,38,42,48],"is_endless":false,"potions_floor_spawned":[4,7,11,13,24,29,30,36,37],"killed_by":"The Heart","ascension_level":20}}