{"host":"vbswmqvkphw5sjbx","time":1613410034,"event":{"mods":["BaseMod","BetterRewards","CatGirl Mod","Downfall","Hubris","Infinite Spire","Jorbs\u0027s Wanderer Trilogy","Koishi","Minty Spire (QoL Compilation)","Replay The Spire","SacredBarkPlus","Shade Mod","Spicy Shops","StSLib","The Clintock","The Jungle","The Marked","The Mystic","TheSwordswoman","everything is the same but u backflip on backflip"],"gold_per_floor":[114,125,140,70,80,91,91,103,149,149,165,59,74,88,88,188,188,199,199,199,216,66,66,66],"floor_reached":23,"language":"ENG","playtime":1934,"items_purged":[],"score":212,"play_id":"bc65dfdc-84b0-424e-b2b5-c38b75422ee0","local_time":"20210215092714","is_ascension_mode":false,"campfire_choices":[{"floor":7.0,"key":"REST"},{"data":"Shade:OpenGraves","floor":10.0,"key":"SMITH"},{"floor":15.0,"key":"REST"}],"circlet_count":0,"master_deck":["Shade:Strike_Shade","Shade:Strike_Shade","Shade:Strike_Shade","Shade:Strike_Shade","Shade:Defend_Shade","Shade:Defend_Shade","Shade:Defend_Shade","Shade:Defend_Shade","Shade:AnimateDead","Shade:CarefulCut","Shade:ExtraLimbs","Shade:OpenGraves","Shade:FreshBones","Shade:OpenGraves+1","Shade:PressTheAttack","Shade:Trample","Shade:CommandSoldier","Shade:CommandSoldier","Shade:SpectralStrikes","Shade:Brains","Shade:AuraOfUnlife+1","Shade:Coordination","Shade:Bite_Shade"],"relics":["Shade:YorickSkull","infinitespire:Satchel","SlaversCollar","theJungle:WildMango","Bronze Scales"],"acts_visited":["Exordium","theJungle:Jungle"],"potions_floor_usage":[23],"damage_taken":[{"damage":0.0,"enemies":"Cultist","floor":1.0,"turns":4.0},{"damage":2.0,"enemies":"Small Slimes","floor":2.0,"turns":5.0},{"damage":0.0,"enemies":"Jaw Worm","floor":3.0,"turns":5.0},{"damage":18.0,"enemies":"Exordium Thugs","floor":5.0,"turns":6.0},{"damage":0.0,"enemies":"2 Fungi Beasts","floor":6.0,"turns":3.0},{"damage":9.0,"enemies":"Red Slaver","floor":8.0,"turns":3.0},{"damage":0.0,"enemies":"Lots of Slimes","floor":11.0,"turns":3.0},{"damage":13.0,"enemies":"Exordium Wildlife","floor":13.0,"turns":5.0},{"damage":4.0,"enemies":"Blue Slaver","floor":14.0,"turns":3.0},{"damage":48.0,"enemies":"The Guardian","floor":16.0,"turns":6.0},{"damage":23.0,"enemies":"theJungle:5_Spyders","floor":18.0,"turns":7.0},{"damage":22,"enemies":"theJungle:MUSHROOMGANG","floor":21,"turns":5},{"damage":45,"enemies":"theJungle:2_Phrogs","floor":23,"turns":3}],"seed_played":"2251435005327119195","potions_obtained":[{"floor":2.0,"key":"PowerPotion"},{"floor":3.0,"key":"LiquidBronze"},{"floor":5.0,"key":"DistilledChaos"},{"floor":13.0,"key":"Block Potion"},{"floor":21,"key":"DistilledChaos"}],"is_trial":false,"path_per_floor":["M","M","M","$","M","M","R","M","T","R","M","$","M","M","R","B",null,"M","?","?","M","$","E"],"character_chosen":"SHADE","items_purchased":["Shade:OpenGraves","Shade:SpectralStrikes","Bronze Scales"],"campfire_rested":2,"item_purchase_floors":[4,12,22],"current_hp_per_floor":[71,69,69,69,51,51,71,62,62,62,62,62,49,45,66,18,71,48,62,62,40,40,0,0],"gold":66,"neow_bonus":"TEN_PERCENT_HP_BONUS","is_daily":false,"chose_seed":false,"campfire_upgraded":1,"win_rate":0.0,"timestamp":1613410034,"path_taken":["M","M","M","$","M","M","R","M","T","R","M","$","?","M","R","BOSS","M","?","?","M","$","E"],"items_purchased_type":["Card","Card","Relic"],"build_version":"2020-12-22","purchased_purges":0,"victory":false,"max_hp_per_floor":[71,71,71,71,71,71,71,71,71,71,71,71,71,71,71,71,71,71,85,85,85,85,85,85],"card_choices":[{"not_picked":["Shade:Doomsay","Shade:FeralStrike"],"picked":"Shade:ExtraLimbs","floor":1.0},{"not_picked":["Shade:Brains","Shade:Bonestorm"],"picked":"Shade:OpenGraves","floor":2.0},{"not_picked":["Shade:CoffinDance","Shade:CallOfTheGrave"],"picked":"Shade:FreshBones","floor":3.0},{"not_picked":["Shade:FreshBones","Shade:Brains"],"picked":"Shade:PressTheAttack","floor":5.0},{"not_picked":["Shade:FleshToFlesh","Shade:FeralStrike"],"picked":"Shade:Trample","floor":6.0},{"not_picked":["Shade:SoulToxin","Shade:GoDigging"],"picked":"Shade:CommandSoldier","floor":8.0},{"not_picked":["Shade:Asphyxiate","Shade:FuneraryJewels"],"picked":"Shade:CommandSoldier","floor":11.0},{"not_picked":["Shade:ScuttlingHand","Shade:FingerOfDeath"],"picked":"Shade:Brains","floor":13.0},{"not_picked":["Shade:AblativeArmor","Shade:CommandSoldier"],"picked":"Shade:AuraOfUnlife","floor":14.0},{"not_picked":["Shade:DarkOfNight","Shade:OfferingToTheBeyond"],"picked":"Shade:Coordination","floor":16.0},{"not_picked":["Shade:FingerOfDeath","Shade:ClawBack","Shade:CoffinDance"],"picked":"SKIP","floor":18.0},{"not_picked":["Shade:CloudOfShrapnel","Shade:FleshLikeOak+1"],"picked":"Shade:Bite_Shade","floor":21}],"player_experience":191035,"relics_obtained":[{"floor":9.0,"key":"infinitespire:Satchel"}],"event_choices":[],"is_beta":false,"boss_relics":[{"not_picked":["hubris:TerracottaHorce","hubris:Stopwatch"],"picked":"SlaversCollar"}],"items_purged_floors":[],"is_endless":false,"potions_floor_spawned":[2,3,5,13,21],"killed_by":"theJungle:2_Phrogs","ascension_level":0}}