{"host":"s0ikvqhe10eopvjn","time":1613402008,"event":{"mods":["Act Like it!","Bard","BaseMod","Better Third Choice","Block Reminder","Colored Map","Colored Powertips","Dark Map","DeckTracker","Downfall","GifTheSpireLib","Halation","Hallownest","Hermit","Highlight Path","Hubris","Infinite Spire","Mad Scientist","Minty Spire (QoL Compilation)","Permanent Neow","Random Character Button","Relic Stats","Reliquary","StSLib","The Blue Laboratory","The Bug Knight","The Construct","The Cursed","The Disciple","The Marked","The Necromancer","The Poker Player","The Runesmith","The Servant 0.9.4"],"gold_per_floor":[99,115,115,115,133,152,175,175,275,75,109,122,122,147,162,267,267,167,186,201,71,89,139,187,219,236,236,252,264,264,283,296,395,395,395,415,430,443,443,7,7,102,117,117,148,165,165,165,175,175,175,201,46,46,46,46,46],"floor_reached":55,"language":"ENG","playtime":4163,"items_purged":["downfall:Malfunctioning","Hallownest:curseDreamersLament","Slimebound:Strike_Slimebound"],"score":843,"play_id":"6375a8c0-6a57-4ca8-bc76-ea63616d48d9","local_time":"20210215151328","is_ascension_mode":true,"campfire_choices":[{"floor":1.0,"key":"RECALL"},{"floor":10.0,"key":"REST"},{"data":"Slimebound:LeadByExample","floor":13.0,"key":"SMITH"},{"data":"Slimebound:TagTeam","floor":18.0,"key":"SMITH"},{"data":"Slimebound:RallyTheTroops","floor":35.0,"key":"SMITH"},{"floor":44.0,"key":"REST"},{"data":"expansioncontent:QuickStudy","floor":54.0,"key":"SMITH"}],"circlet_count":0,"master_deck":["Slimebound:Strike_Slimebound","Slimebound:Strike_Slimebound+1","Slimebound:Tackle+1","Slimebound:Defend_Slimebound","Slimebound:Defend_Slimebound+1","Slimebound:Defend_Slimebound+1","Slimebound:Defend_Slimebound+1","Slimebound:Split+1","Slimebound:CorrosiveSpit","Slimebound:SlimeBrawl+1","Slimebound:Equalize","Slimebound:LeadByExample+1","Slimebound:Split+1","Slimebound:GoopSpray","Slimebound:AcidTongue","Slimebound:WasteNot","Purity","Slimebound:GoopSpray","Slimebound:RallyTheTroops+1","Slimebound:LevelUp","Slimebound:RollThrough","Slimebound:Schlurp","Slimebound:TagTeam+1","Slimebound:LeechingTouch","Slimebound:SlimeTap+1","Slimebound:MegaLick","Slimebound:Repurpose+1","Slimebound:SplitLeeching+1","Slimebound:HauntingLick+1","Writhe","Slimebound:PressTheAttack","Slimebound:GoopSpray+1","Slimebound:Prepare+1","Slimebound:Darklings+1","Slimebound:SlimeBarrage","Slimebound:PressTheAttack+1","Slimebound:PressTheAttack+1","expansioncontent:QuickStudy+1","Slimebound:OneTwoCombo+1","expansioncontent:QuickStudy+1","Slimebound:DivideAndConquer+1","hubris:InfiniteBlow+386","Doubt","Slimebound:RainOfGoop+1"],"relics":["Slimebound:AbsorbEndCombat","hubris:Towel","downfall:GremlinSack","downfall:HeartBlessingRed","downfall:HeartBlessingBlue","Runesmith:Nanobots","Centennial Puzzle","infinitespire:Cupcake","downfall:HeartBlessingGreen","Runesmith:AutoHammer","reliquary:TatteredRug","Smiling Mask","War Paint","infinitespire:CursedDice","halation:HeavySnake","Slimebound:TarBlob","Anchor","Vajra","reliquary:HotPoker","infinitespire:Satchel","Lee\u0027s Waffle"],"acts_visited":["Exordium","TheCity","TheBeyond","TheEnding"],"potions_floor_usage":[55,55,55,55],"damage_taken":[{"damage":10.0,"enemies":"Small Slimes","floor":2.0,"turns":4.0},{"damage":9.0,"enemies":"Jaw Worm","floor":5.0,"turns":2.0},{"damage":10.0,"enemies":"infinitespire:Voidling","floor":6.0,"turns":5.0},{"damage":52.0,"enemies":"infinitespire:Voidling","floor":9.0,"turns":5.0},{"damage":24.0,"enemies":"3 Sentries","floor":11.0,"turns":7.0},{"damage":14.0,"enemies":"Lots of Slimes","floor":12.0,"turns":4.0},{"damage":13.0,"enemies":"HollowMod:MossKnight","floor":14.0,"turns":9.0},{"damage":2.0,"enemies":"Blue Slaver","floor":15.0,"turns":3.0},{"damage":18.0,"enemies":"DF_ARCHETYPE_STREAMLINE","floor":16.0,"turns":8.0},{"damage":1.0,"enemies":"downfall:LooterAlt2","floor":19.0,"turns":3.0},{"damage":21.0,"enemies":"3 Byrds","floor":20.0,"turns":5.0},{"damage":0.0,"enemies":"downfall:FleeingMerchant","floor":21.0,"turns":4.0},{"damage":3.0,"enemies":"Centurion and Healer","floor":22.0,"turns":3.0},{"damage":15.0,"enemies":"HollowMod:Nosk","floor":25.0,"turns":9.0},{"damage":24.0,"enemies":"3 Cultists","floor":26.0,"turns":6.0},{"damage":27.0,"enemies":"Shelled Parasite and Fungi","floor":28.0,"turns":5.0},{"damage":5.0,"enemies":"Snecko","floor":29.0,"turns":3.0},{"damage":3.0,"enemies":"Snake Plant","floor":31.0,"turns":3.0},{"damage":24.0,"enemies":"Centurion and Healer","floor":32.0,"turns":6.0},{"damage":70.0,"enemies":"SI_MIRROR_ARCHETYPE","floor":33.0,"turns":11.0},{"damage":9.0,"enemies":"3 Shapes","floor":36.0,"turns":3.0},{"damage":29.0,"enemies":"3 Darklings","floor":37.0,"turns":4.0},{"damage":62.0,"enemies":"Sphere and 2 Shapes","floor":38.0,"turns":4.0},{"damage":1.0,"enemies":"downfall:FleeingMerchant","floor":40.0,"turns":4.0},{"damage":0.0,"enemies":"downfall:FleeingMerchant","floor":42.0,"turns":1.0},{"damage":33.0,"enemies":"Maw","floor":43.0,"turns":7.0},{"damage":62.0,"enemies":"Nemesis","floor":45.0,"turns":7.0},{"damage":6.0,"enemies":"Spire Growth","floor":46.0,"turns":3.0},{"damage":28.0,"enemies":"Jaw Worm Horde","floor":49.0,"turns":4.0},{"damage":15.0,"enemies":"IC_BLOCK_ARCHETYPE","floor":50.0,"turns":4.0},{"damage":66.0,"enemies":"downfall:CharBossMerchant","floor":52.0,"turns":6.0},{"damage":112,"enemies":"downfall:NeowBoss","floor":55,"turns":17}],"seed_played":"980457035710301699","potions_obtained":[{"floor":2.0,"key":"Swift Potion"},{"floor":5.0,"key":"blueLaboratory:Moonshine"},{"floor":11.0,"key":"BlessingOfTheForge"},{"floor":15.0,"key":"ColorlessPotion"},{"floor":22.0,"key":"Slimebound:SlimedPotion"},{"floor":26.0,"key":"blueLaboratory:EmptyBottle"},{"floor":28.0,"key":"blueLaboratory:BottleOfRum"},{"floor":29.0,"key":"Ancient Potion"},{"floor":39.0,"key":"Ancient Potion"},{"floor":39.0,"key":"champ:CounterPotion"},{"floor":43.0,"key":"Weak Potion"},{"floor":46.0,"key":"SteroidPotion"}],"is_trial":false,"path_per_floor":["R","M","?","?","M","M","T","?","?","R","E","M","R","E","M","B",null,"R","M","M","$","M","T","T","E","M","?","M","M","AVR","M","M","B",null,"R","M","M","M","?","$","T","$","M","R","E","M","AVR","?","M","B",null,"E","$","R","B"],"character_chosen":"SLIMEBOUND","items_purchased":["Slimebound:MegaLick","Anchor","expansioncontent:QuickStudy","blueLaboratory:FruitPunch","expansioncontent:QuickStudy","Lee\u0027s Waffle","Block Potion"],"campfire_rested":2,"item_purchase_floors":[21,40,40,40,42,53,53],"current_hp_per_floor":[71,67,67,67,60,62,62,67,27,62,50,42,42,41,51,45,86,86,86,75,86,85,85,85,86,72,72,61,56,56,57,49,31,86,86,86,65,13,13,24,24,28,13,39,22,20,20,88,72,71,88,28,95,95,0,0,0],"gold":46,"neow_bonus":"TEN_PERCENT_HP_BONUS","is_daily":false,"chose_seed":false,"campfire_upgraded":4,"win_rate":0.0,"timestamp":1613402008,"path_taken":["R","M","?","?","M","M","T","?","?","R","E","M","R","E","M","BOSS","R","M","M","$","?","?","T","E","M","?","M","M","AVR","M","M","BOSS","R","M","M","M","?","?","T","$","?","R","E","M","AVR","?","M","BOSS","E","$","R","BOSS"],"items_purchased_type":["Card","Relic","Card","Potion","Card","Relic","Potion"],"build_version":"2020-12-22","purchased_purges":3,"victory":false,"max_hp_per_floor":[71,71,71,71,71,71,71,76,76,86,86,86,86,86,86,86,86,86,86,86,86,86,86,86,86,86,86,86,86,86,86,86,86,86,86,86,86,86,86,86,86,86,88,88,88,88,88,88,88,88,88,88,95,95,95,95,95],"relic_stats":{"Centennial Puzzle":[69],"Lee\u0027s Waffle":67,"counters":[32,166],"War Paint":["Slimebound:Defend_Slimebound","Slimebound:Split"],"Smiling Mask":125,"obtain_stats":[{"Runesmith:Nanobots":11,"Lee\u0027s Waffle":53,"downfall:HeartBlessingRed":10,"infinitespire:CursedDice":30,"Vajra":41,"downfall:HeartBlessingGreen":18,"reliquary:TatteredRug":24,"hubris:Towel":4,"War Paint":27,"Smiling Mask":25,"halation:HeavySnake":30,"Slimebound:TarBlob":34,"Centennial Puzzle":14,"Anchor":40,"reliquary:HotPoker":45,"downfall:GremlinSack":9,"downfall:HeartBlessingBlue":10,"infinitespire:Satchel":52,"Slimebound:AbsorbEndCombat":0,"Runesmith:AutoHammer":23,"infinitespire:Cupcake":17},{"Runesmith:Nanobots":5,"Lee\u0027s Waffle":31,"downfall:HeartBlessingRed":4,"infinitespire:CursedDice":17,"Vajra":24,"downfall:HeartBlessingGreen":9,"reliquary:TatteredRug":13,"hubris:Towel":1,"War Paint":15,"Smiling Mask":14,"halation:HeavySnake":17,"Slimebound:TarBlob":20,"Centennial Puzzle":7,"Anchor":24,"reliquary:HotPoker":27,"downfall:GremlinSack":4,"downfall:HeartBlessingBlue":4,"infinitespire:Satchel":31,"Slimebound:AbsorbEndCombat":0,"Runesmith:AutoHammer":13,"infinitespire:Cupcake":9},{"Runesmith:Nanobots":23,"Lee\u0027s Waffle":149,"downfall:HeartBlessingRed":16,"infinitespire:CursedDice":82,"Vajra":117,"downfall:HeartBlessingGreen":46,"reliquary:TatteredRug":60,"hubris:Towel":4,"War Paint":75,"Smiling Mask":69,"halation:HeavySnake":82,"Slimebound:TarBlob":102,"Centennial Puzzle":35,"Anchor":117,"reliquary:HotPoker":132,"downfall:GremlinSack":16,"downfall:HeartBlessingBlue":16,"infinitespire:Satchel":149,"Slimebound:AbsorbEndCombat":0,"Runesmith:AutoHammer":60,"infinitespire:Cupcake":46}]},"card_choices":[{"not_picked":["Slimebound:FormOfPuddle","Slimebound:Gluttony"],"picked":"Slimebound:SlimeBrawl","floor":2.0},{"not_picked":["Slimebound:FlameTackle","Slimebound:SlimeSpikes"],"picked":"Slimebound:Equalize","floor":5.0},{"not_picked":["Slimebound:PressTheAttack","Slimebound:SlimeBrawl"],"picked":"Slimebound:LeadByExample","floor":6.0},{"not_picked":["Slimebound:ForwardTackle","Slimebound:GrowthPunch"],"picked":"Slimebound:GoopSpray","floor":9.0},{"not_picked":["Slimebound:Equalize","Slimebound:SplitMire"],"picked":"Slimebound:RallyTheTroops","floor":11.0},{"not_picked":["Slimebound:Gluttony","Slimebound:GoopSpray"],"picked":"Slimebound:LevelUp","floor":12.0},{"not_picked":["Slimebound:SlimeSlap","Slimebound:ComboTackle"],"picked":"Slimebound:RollThrough","floor":14.0},{"not_picked":["Slimebound:LeechingTouch","Slimebound:ComboTackle"],"picked":"Slimebound:Schlurp","floor":15.0},{"not_picked":["Slimebound:WasteNot","Slimebound:SelfFormingGoo"],"picked":"Slimebound:TagTeam","floor":16.0},{"not_picked":["Slimebound:ForwardTackle+1","Slimebound:FinishingTackle"],"picked":"Slimebound:LeechingTouch","floor":19.0},{"not_picked":["Slimebound:ComboTackle","Slimebound:SplitAcid","Slimebound:LeechingTouch+1"],"picked":"SKIP","floor":20.0},{"not_picked":["Slimebound:TagTeam","Slimebound:GoopSpray"],"picked":"Slimebound:SlimeTap+1","floor":21.0},{"not_picked":["Slimebound:RollThrough","Slimebound:SplitLeeching"],"picked":"Slimebound:Repurpose+1","floor":22.0},{"not_picked":["Slimebound:ComboTackle","Slimebound:Gluttony"],"picked":"Slimebound:SplitLeeching","floor":25.0},{"not_picked":["Slimebound:SplitLeeching","Slimebound:Prepare"],"picked":"Slimebound:HauntingLick+1","floor":26.0},{"not_picked":["Slimebound:WasteNot","Slimebound:ItLooksTasty"],"picked":"Slimebound:PressTheAttack","floor":28.0},{"not_picked":["Slimebound:RollThrough","Slimebound:Chomp"],"picked":"Slimebound:GoopSpray+1","floor":29.0},{"not_picked":["Slimebound:SlimeSpikes","Slimebound:RollThrough"],"picked":"Slimebound:Prepare+1","floor":31.0},{"not_picked":["Slimebound:LevelUp","Slimebound:LeechingTouch+1","Slimebound:ItLooksTasty+1"],"picked":"SKIP","floor":32.0},{"not_picked":["Slimebound:TagTeam","Slimebound:FirmFortitude"],"picked":"Slimebound:Darklings","floor":33.0},{"not_picked":["Slimebound:SlimeSpikes","Slimebound:LivingWall+1"],"picked":"Slimebound:SlimeBarrage","floor":36.0},{"not_picked":["Slimebound:TongueLash+1","Slimebound:HauntingLick"],"picked":"Slimebound:PressTheAttack+1","floor":37.0},{"not_picked":["Slimebound:SplitAcid","Slimebound:FinishingTackle"],"picked":"Slimebound:PressTheAttack+1","floor":38.0},{"not_picked":["Slimebound:DouseInSlime","Slimebound:GoopSpray+1","Slimebound:SplitBruiser"],"picked":"SKIP","floor":40.0},{"not_picked":["Slimebound:ViciousTackle+1","Slimebound:GoopTackle"],"picked":"Slimebound:OneTwoCombo","floor":42.0},{"not_picked":["Slimebound:GoopTackle+1","Slimebound:GoopSpray+1"],"picked":"Slimebound:DivideAndConquer+1","floor":43.0},{"not_picked":["Slimebound:SlimeSpikes+1","Slimebound:PressTheAttack","Slimebound:SlimeTap"],"picked":"SKIP","floor":45.0},{"not_picked":["Slimebound:ItLooksTasty+1","Slimebound:AcidTongue+1","Slimebound:LeechEnergy"],"picked":"SKIP","floor":46.0},{"not_picked":["Slimebound:ItLooksTasty+1","Slimebound:LeechEnergy+1","Slimebound:WasteNot"],"picked":"SKIP","floor":49.0},{"not_picked":["Slimebound:LeechLife","Slimebound:SplitMire+1"],"picked":"Slimebound:RainOfGoop+1","floor":52.0}],"player_experience":345733,"relics_obtained":[{"floor":9.0,"key":"downfall:GremlinSack"},{"floor":11.0,"key":"Runesmith:Nanobots"},{"floor":14.0,"key":"Centennial Puzzle"},{"floor":23.0,"key":"Runesmith:AutoHammer"},{"floor":24.0,"key":"reliquary:TatteredRug"},{"floor":25.0,"key":"Smiling Mask"},{"floor":41.0,"key":"Vajra"},{"floor":45.0,"key":"reliquary:HotPoker"},{"floor":52.0,"key":"infinitespire:Satchel"}],"event_choices":[{"damage_healed":0.0,"max_hp_gain":5.0,"max_hp_loss":0.0,"gold_gain":0.0,"event_name":"Big Fish","player_choice":"Donut","floor":8.0,"gold_loss":0.0,"damage_taken":0.0},{"damage_healed":0.0,"max_hp_gain":0.0,"max_hp_loss":0.0,"gold_gain":0.0,"event_name":"Lab","player_choice":"Got Potions","floor":39.0,"gold_loss":0.0,"damage_taken":0.0}],"is_beta":false,"boss_relics":[{"not_picked":["halation:PlatinumPhoenix","hubris:HollowSoul"],"picked":"infinitespire:Cupcake"},{"not_picked":["halation:LoveArrow","SacredBark"],"picked":"Slimebound:TarBlob"}],"items_purged_floors":[21,40,42],"is_endless":false,"potions_floor_spawned":[2,5,11,15,22,26,28,29,31,43,46,52],"killed_by":"downfall:NeowBoss","ascension_level":1}}