{"host":"ibckqdmmf9y74ymf","time":1613429408,"event":{"mods":["2.2 Compatiblity","BaseMod","Colored Map","Curses Come First","Highlight Path","Minty Spire (QoL Compilation)","Quick Restart","Rare Cards Sparkle","Relic Stats","StSLib"],"gold_per_floor":[118,118,130,145,163,163,194,194,245,261,96,96,128,148,148,225,225,242,255,275,190,225,250,250,293,317,73,73,90,133,151,151,237,237,279,114,4,33,59,97,97,133,133,133,161,207,207,254,254,254,254],"floor_reached":50,"language":"ENG","playtime":3734,"items_purged":["Defend_P","JustLucky"],"score":1446,"play_id":"204dd831-f407-4f3b-ac11-0a09bd71c75e","local_time":"20210215235008","is_ascension_mode":true,"campfire_choices":[{"data":"BowlingBash","floor":6.0,"key":"SMITH"},{"data":"Eruption","floor":8.0,"key":"SMITH"},{"data":"Wallop","floor":12.0,"key":"SMITH"},{"data":"FlurryOfBlows","floor":15.0,"key":"SMITH"},{"data":"Blasphemy","floor":24.0,"key":"SMITH"},{"floor":28.0,"key":"REST"},{"data":"Wish","floor":32.0,"key":"SMITH"},{"floor":41.0,"key":"REST"},{"floor":49.0,"key":"RECALL"}],"circlet_count":0,"master_deck":["AscendersBane","Strike_P","Defend_P","Eruption+1","Vigilance","BowlingBash+1","BattleHymn","FearNoEvil","SpiritShield+1","Wallop+1","Adaptation","ClearTheMind+1","FlurryOfBlows+1","Blasphemy+1","DevaForm","DeusExMachina","LessonLearned","TalkToTheHand","Wish+1","Devotion","CarveReality+1","Vault","EmptyMind+1","ThirdEye+1","MentalFortress"],"relics":["PureWater","PreservedInsect","StrikeDummy","Omamori","Centennial Puzzle","Snecko Eye","Tiny Chest","Red Mask","Orichalcum","CeramicFish","Oddly Smooth Stone","Ornamental Fan","Fusion Hammer","Bag of Marbles","Pen Nib","Smiling Mask","Gremlin Horn","Question Card"],"acts_visited":["Exordium","TheCity","TheBeyond"],"potions_floor_usage":[],"damage_taken":[{"damage":0.0,"enemies":"Jaw Worm","floor":1.0,"turns":3.0},{"damage":0.0,"enemies":"2 Louse","floor":3.0,"turns":3.0},{"damage":1.0,"enemies":"Small Slimes","floor":4.0,"turns":4.0},{"damage":0.0,"enemies":"2 Fungi Beasts","floor":5.0,"turns":2.0},{"damage":0.0,"enemies":"Gremlin Nob","floor":7.0,"turns":2.0},{"damage":1.0,"enemies":"Lots of Slimes","floor":10.0,"turns":4.0},{"damage":13.0,"enemies":"Lagavulin","floor":13.0,"turns":5.0},{"damage":9.0,"enemies":"3 Louse","floor":14.0,"turns":2.0},{"damage":0.0,"enemies":"Slime Boss","floor":16.0,"turns":4.0},{"damage":0.0,"enemies":"Spheric Guardian","floor":18.0,"turns":2.0},{"damage":0.0,"enemies":"Chosen","floor":19.0,"turns":3.0},{"damage":0.0,"enemies":"Snake Plant","floor":20.0,"turns":1.0},{"damage":12.0,"enemies":"Masked Bandits","floor":22.0,"turns":3.0},{"damage":11.0,"enemies":"Slavers","floor":23.0,"turns":3.0},{"damage":9.0,"enemies":"Book of Stabbing","floor":25.0,"turns":3.0},{"damage":0.0,"enemies":"Centurion and Healer","floor":29.0,"turns":4.0},{"damage":6.0,"enemies":"Slavers","floor":30.0,"turns":3.0},{"damage":5.0,"enemies":"Automaton","floor":33.0,"turns":6.0},{"damage":0.0,"enemies":"3 Shapes","floor":35.0,"turns":4.0},{"damage":0.0,"enemies":"Orb Walker","floor":38.0,"turns":1.0},{"damage":29.0,"enemies":"Reptomancer","floor":40.0,"turns":3.0},{"damage":0.0,"enemies":"Giant Head","floor":42.0,"turns":4.0},{"damage":0.0,"enemies":"Reptomancer","floor":45.0,"turns":3.0},{"damage":1.0,"enemies":"Transient","floor":46.0,"turns":7.0},{"damage":1.0,"enemies":"Maw","floor":48.0,"turns":7.0},{"damage":0,"enemies":"Time Eater","floor":50,"turns":1}],"seed_played":"8489969625487591396","potions_obtained":[{"floor":3.0,"key":"LiquidMemories"},{"floor":4.0,"key":"Explosive Potion"},{"floor":10.0,"key":"FearPotion"},{"floor":14.0,"key":"Dexterity Potion"},{"floor":22.0,"key":"Energy Potion"},{"floor":25.0,"key":"AttackPotion"},{"floor":29.0,"key":"FearPotion"},{"floor":30.0,"key":"SkillPotion"},{"floor":45.0,"key":"LiquidBronze"}],"is_trial":false,"path_per_floor":["M","?","M","M","M","R","E","R","T","M","$","R","E","M","R","B",null,"M","M","M","?","?","E","R","E","T","$","R","M","E","?","R","B",null,"M","$","?","M","T","E","R","E","T","?","E","M","?","M","R","B"],"character_chosen":"WATCHER","items_purchased":["Adaptation","LessonLearned","TalkToTheHand","Bag of Marbles"],"campfire_rested":2,"item_purchase_floors":[11,27,27,36],"current_hp_per_floor":[61,66,66,65,65,65,65,65,65,64,64,64,51,42,42,42,65,65,65,65,65,53,42,42,33,33,33,54,54,48,48,48,43,66,66,66,66,66,66,37,58,58,58,58,58,57,57,56,56,56,56],"gold":254,"neow_bonus":"RANDOM_COMMON_RELIC","is_daily":false,"chose_seed":false,"campfire_upgraded":6,"win_rate":0.0,"timestamp":1613429408,"path_taken":["M","?","M","M","M","R","E","R","T","M","$","R","E","M","R","BOSS","M","M","M","?","?","E","R","E","T","$","R","M","E","?","R","BOSS","M","$","?","M","?","E","R","E","T","?","E","M","?","M","R","BOSS"],"items_purchased_type":["Card","Card","Card","Relic"],"build_version":"2020-12-22","purchased_purges":2,"victory":false,"max_hp_per_floor":[68,73,73,73,73,73,73,73,73,73,73,73,73,73,73,73,73,73,73,73,73,73,73,73,73,73,73,73,73,73,73,73,73,73,73,73,73,73,73,73,73,73,73,73,73,73,73,73,73,73,73],"relic_stats":{"Gremlin Horn":[2,2],"counters":[26,86],"CeramicFish":90,"PreservedInsect":431,"Pen Nib":[6],"Orichalcum":[30],"Smiling Mask":0,"Question Card":2,"Centennial Puzzle":[27],"Ornamental Fan":[88],"Snecko Eye":[95,99,82,102],"Tiny Chest":1,"obtain_stats":[{"Gremlin Horn":43,"CeramicFish":25,"Oddly Smooth Stone":26,"PreservedInsect":0,"Pen Nib":40,"Omamori":9,"Orichalcum":23,"Smiling Mask":42,"Question Card":45,"Centennial Puzzle":13,"Ornamental Fan":30,"Snecko Eye":17,"Tiny Chest":21,"Fusion Hammer":34,"Red Mask":22,"Bag of Marbles":36,"PureWater":0,"StrikeDummy":7},{"Gremlin Horn":22,"CeramicFish":15,"Oddly Smooth Stone":15,"PreservedInsect":0,"Pen Nib":21,"Omamori":5,"Orichalcum":14,"Smiling Mask":22,"Question Card":23,"Centennial Puzzle":7,"Ornamental Fan":17,"Snecko Eye":9,"Tiny Chest":12,"Fusion Hammer":18,"Red Mask":13,"Bag of Marbles":19,"PureWater":0,"StrikeDummy":5},{"Gremlin Horn":69,"CeramicFish":44,"Oddly Smooth Stone":44,"PreservedInsect":0,"Pen Nib":65,"Omamori":14,"Orichalcum":41,"Smiling Mask":69,"Question Card":72,"Centennial Puzzle":23,"Ornamental Fan":51,"Snecko Eye":29,"Tiny Chest":35,"Fusion Hammer":57,"Red Mask":38,"Bag of Marbles":61,"PureWater":0,"StrikeDummy":14}]},"card_choices":[{"not_picked":["SashWhip","Protect"],"picked":"BowlingBash","floor":1.0},{"not_picked":["Evaluate","Indignation"],"picked":"JustLucky","floor":3.0},{"not_picked":["PathToVictory","Wireheading"],"picked":"BattleHymn","floor":4.0},{"not_picked":["ThirdEye","Sanctity"],"picked":"FearNoEvil","floor":5.0},{"not_picked":["Vengeance","FearNoEvil"],"picked":"SpiritShield","floor":7.0},{"not_picked":["FollowUp","Evaluate"],"picked":"Wallop","floor":10.0},{"not_picked":["FlyingSleeves","WreathOfFlame"],"picked":"ClearTheMind","floor":13.0},{"not_picked":["Study","FollowUp"],"picked":"FlurryOfBlows","floor":14.0},{"not_picked":["SpiritShield","Vault"],"picked":"Blasphemy","floor":16.0},{"not_picked":["EmptyBody","SignatureMove","Crescendo"],"picked":"SKIP","floor":18.0},{"not_picked":["Crescendo","WaveOfTheHand","FlurryOfBlows+1"],"picked":"SKIP","floor":19.0},{"not_picked":["ClearTheMind+1","SashWhip","WreathOfFlame"],"picked":"SKIP","floor":20.0},{"not_picked":["JustLucky","CutThroughFate"],"picked":"DevaForm","floor":23.0},{"not_picked":["Weave","CutThroughFate"],"picked":"DeusExMachina","floor":25.0},{"not_picked":["CrushJoints","JustLucky","EmptyFist"],"picked":"SKIP","floor":29.0},{"not_picked":["CutThroughFate","EmptyBody"],"picked":"Wish","floor":30.0},{"not_picked":["SpiritShield","Establishment"],"picked":"Vault","floor":33.0},{"not_picked":["JustLucky+1","FollowUp","ThirdEye"],"picked":"SKIP","floor":35.0},{"not_picked":["SignatureMove","Consecrate+1"],"picked":"EmptyMind+1","floor":38.0},{"not_picked":["EmptyFist","InnerPeace"],"picked":"ThirdEye+1","floor":40.0},{"not_picked":["CutThroughFate","Halt"],"picked":"MentalFortress","floor":42.0},{"not_picked":["DevaForm","ReachHeaven","Conclude+1"],"picked":"SKIP","floor":45.0},{"not_picked":["Halt","JustLucky+1","DeceiveReality","Weave"],"picked":"SKIP","floor":46.0},{"not_picked":["EmptyFist","Nirvana","SashWhip","FollowUp+1"],"picked":"SKIP","floor":48.0}],"player_experience":720989,"relics_obtained":[{"floor":7.0,"key":"StrikeDummy"},{"floor":9.0,"key":"Omamori"},{"floor":13.0,"key":"Centennial Puzzle"},{"floor":22.0,"key":"Red Mask"},{"floor":23.0,"key":"Orichalcum"},{"floor":25.0,"key":"CeramicFish"},{"floor":26.0,"key":"Oddly Smooth Stone"},{"floor":30.0,"key":"Ornamental Fan"},{"floor":40.0,"key":"Pen Nib"},{"floor":42.0,"key":"Smiling Mask"},{"floor":43.0,"key":"Gremlin Horn"},{"floor":45.0,"key":"Question Card"}],"event_choices":[{"damage_healed":0.0,"max_hp_gain":5.0,"max_hp_loss":0.0,"gold_gain":0.0,"event_name":"Big Fish","player_choice":"Donut","floor":2.0,"gold_loss":0.0,"damage_taken":0.0},{"damage_healed":0.0,"max_hp_gain":0.0,"max_hp_loss":0.0,"gold_gain":0.0,"event_name":"Addict","player_choice":"Obtained Relic","floor":21.0,"gold_loss":85.0,"damage_taken":0.0,"relics_obtained":["Tiny Chest"]},{"damage_healed":0.0,"max_hp_gain":0.0,"max_hp_loss":0.0,"gold_gain":0.0,"event_name":"Masked Bandits","player_choice":"Fought Bandits","floor":22.0,"gold_loss":0.0,"damage_taken":0.0},{"damage_healed":0.0,"max_hp_gain":0.0,"max_hp_loss":0.0,"gold_gain":0.0,"cards_transformed":["Strike_P","Defend_P"],"event_name":"Drug Dealer","player_choice":"Became Test Subject","floor":31.0,"gold_loss":0.0,"damage_taken":0.0,"cards_obtained":["Devotion","CarveReality"]},{"cards_removed":["Strike_P"],"damage_healed":0.0,"max_hp_gain":0.0,"max_hp_loss":0.0,"gold_gain":0.0,"event_name":"Designer","player_choice":"Upgrade and Remove","floor":37.0,"gold_loss":110.0,"damage_taken":0.0,"cards_upgraded":["CarveReality"]},{"cards_removed":["Strike_P"],"damage_healed":0.0,"max_hp_gain":0.0,"max_hp_loss":0.0,"gold_gain":0.0,"event_name":"Falling","player_choice":"Removed Attack","floor":44.0,"gold_loss":0.0,"damage_taken":0.0},{"cards_removed":["Defend_P"],"damage_healed":0.0,"max_hp_gain":0.0,"max_hp_loss":0.0,"gold_gain":0.0,"event_name":"Wheel of Change","player_choice":"Card Removal","floor":47.0,"gold_loss":0.0,"damage_taken":0.0}],"is_beta":false,"boss_relics":[{"not_picked":["Velvet Choker","HolyWater"],"picked":"Snecko Eye"},{"not_picked":["VioletLotus","Tiny House"],"picked":"Fusion Hammer"}],"items_purged_floors":[11,27],"is_endless":false,"potions_floor_spawned":[3,4,10,14,22,25,29,30,45,46],"killed_by":"Time Eater","ascension_level":20}}