{"host":"vumwfieg2b2mnrfl","time":1613360158,"event":{"mods":["AchievementEnabler","BaseMod","Minty Spire (QoL Compilation)","Rare Cards Sparkle","Relic Stats"],"gold_per_floor":[115,115,115,132,144,144,172,184,264,264,64,83,111,124,124,198,198,210,210,210,229,74,107,118,118,169,169,189,202,237,237,237,237,237],"floor_reached":33,"language":"ENG","playtime":995,"items_purged":["Strike_G"],"score":594,"play_id":"a74549f8-9648-4a6f-bacb-6ab538e3b787","local_time":"20210214213558","is_ascension_mode":true,"campfire_choices":[{"data":"Bouncing Flask","floor":6.0,"key":"SMITH"},{"floor":10.0,"key":"REST"},{"data":"Catalyst","floor":15.0,"key":"SMITH"},{"floor":25,"key":"REST"},{"data":"Footwork","floor":27,"key":"SMITH"},{"floor":32,"key":"REST"}],"circlet_count":0,"master_deck":["AscendersBane","Strike_G","Strike_G","Strike_G","Defend_G","Defend_G","Defend_G","Defend_G","Defend_G","Survivor","Neutralize","CurseOfTheBell","Bouncing Flask+1","Poisoned Stab","Poisoned Stab","Catalyst+1","Escape Plan","Bouncing Flask","Corpse Explosion","Deflect","Footwork+1","Prepared","Backflip","Reflex"],"relics":["Oddly Smooth Stone","Singing Bowl","Calipers","CaptainsWheel","Sundial","Anchor","Bronze Scales","Philosopher\u0027s Stone","Nloth\u0027s Gift","Lantern","Orichalcum","Tiny Chest","Turnip"],"acts_visited":["Exordium","TheCity"],"potions_floor_usage":[16,30],"damage_taken":[{"damage":0.0,"enemies":"Small Slimes","floor":1.0,"turns":5.0},{"damage":0.0,"enemies":"Jaw Worm","floor":4.0,"turns":4.0},{"damage":7.0,"enemies":"2 Louse","floor":5.0,"turns":3.0},{"damage":14.0,"enemies":"Lagavulin","floor":7.0,"turns":6.0},{"damage":10.0,"enemies":"Exordium Thugs","floor":8.0,"turns":4.0},{"damage":3.0,"enemies":"Blue Slaver","floor":12.0,"turns":3.0},{"damage":26.0,"enemies":"Gremlin Nob","floor":13.0,"turns":5.0},{"damage":0.0,"enemies":"3 Louse","floor":14.0,"turns":2.0},{"damage":1,"enemies":"The Guardian","floor":16,"turns":5},{"damage":0,"enemies":"Spheric Guardian","floor":18,"turns":2},{"damage":0,"enemies":"Chosen","floor":21,"turns":3},{"damage":34,"enemies":"Book of Stabbing","floor":23,"turns":5},{"damage":0,"enemies":"Centurion and Healer","floor":24,"turns":3},{"damage":0,"enemies":"3 Cultists","floor":28,"turns":3},{"damage":0,"enemies":"Chosen and Byrds","floor":29,"turns":4},{"damage":22,"enemies":"Gremlin Leader","floor":30,"turns":7},{"damage":72,"enemies":"Collector","floor":33,"turns":7}],"seed_played":"-2136337120002809820","potions_obtained":[{"floor":4.0,"key":"DistilledChaos"},{"floor":5.0,"key":"Strength Potion"},{"floor":13.0,"key":"Explosive Potion"},{"floor":18,"key":"Ancient Potion"},{"floor":21,"key":"Strength Potion"},{"floor":30,"key":"LiquidBronze"}],"is_trial":false,"path_per_floor":["M","?","?","M","M","R","E","M","T","R","$","M","E","M","R","B",null,"M","?","?","M","$","E","M","R","T","R","M","M","E","T","R","B"],"character_chosen":"THE_SILENT","items_purchased":["Catalyst","Anchor","Footwork"],"campfire_rested":3,"item_purchase_floors":[11,11,22],"current_hp_per_floor":[59,52,52,54,47,47,35,25,25,46,46,45,19,19,19,18,59,59,59,59,61,61,27,27,49,49,49,51,53,31,31,54,0,0],"gold":237,"neow_bonus":"BOSS_RELIC","is_daily":false,"chose_seed":false,"campfire_upgraded":3,"win_rate":0.0,"timestamp":1613360158,"path_taken":["M","?","?","M","M","R","E","M","T","R","$","M","E","M","R","BOSS","M","?","?","M","$","E","?","R","T","R","M","M","E","?","R","BOSS"],"items_purchased_type":["Card","Relic","Card"],"build_version":"2020-12-22","purchased_purges":1,"victory":false,"max_hp_per_floor":[66,66,66,68,68,68,70,70,70,70,70,72,72,72,72,72,72,72,72,72,74,74,74,74,74,74,74,76,78,78,78,78,78,78],"relic_stats":{"Singing Bowl":12,"counters":[17,71],"Sundial":[4],"Bronze Scales":[163],"Tiny Chest":0,"Turnip":[5],"Nloth\u0027s Gift":0,"Orichalcum":[18],"obtain_stats":[{"Lantern":23,"Calipers":0,"Singing Bowl":0,"Oddly Smooth Stone":0,"Orichalcum":26,"Calling Bell":0,"CaptainsWheel":7,"Anchor":11,"Sundial":9,"Bronze Scales":13,"Philosopher\u0027s Stone":17,"Tiny Chest":30,"Turnip":31,"Nloth\u0027s Gift":20,"Ring of the Snake":0},{"Lantern":12,"Calipers":0,"Singing Bowl":0,"Oddly Smooth Stone":0,"Orichalcum":13,"Calling Bell":0,"CaptainsWheel":4,"Anchor":5,"Sundial":5,"Bronze Scales":7,"Philosopher\u0027s Stone":9,"Tiny Chest":16,"Turnip":16,"Nloth\u0027s Gift":10,"Ring of the Snake":0},{"Lantern":47,"Calipers":0,"Singing Bowl":0,"Oddly Smooth Stone":0,"Orichalcum":50,"Calling Bell":0,"CaptainsWheel":18,"Anchor":22,"Sundial":22,"Bronze Scales":30,"Philosopher\u0027s Stone":37,"Tiny Chest":64,"Turnip":64,"Nloth\u0027s Gift":39,"Ring of the Snake":0}]},"card_choices":[{"not_picked":["Underhanded Strike","Poisoned Stab"],"picked":"Bouncing Flask","floor":1.0},{"not_picked":["Riddle With Holes","Acrobatics","Terror"],"picked":"Singing Bowl","floor":4.0},{"not_picked":["Finisher","Slice"],"picked":"Poisoned Stab","floor":5.0},{"not_picked":["Poisoned Stab","Wraith Form v2","Concentrate"],"picked":"Singing Bowl","floor":7.0},{"not_picked":["Expertise","Deflect"],"picked":"Poisoned Stab","floor":8.0},{"not_picked":["Slice","Flying Knee","Underhanded Strike"],"picked":"Singing Bowl","floor":12.0},{"not_picked":["Riddle With Holes","Flying Knee"],"picked":"Escape Plan","floor":13.0},{"not_picked":["Dagger Throw","PiercingWail"],"picked":"Bouncing Flask","floor":14.0},{"not_picked":["Unload","Glass Knife"],"picked":"Corpse Explosion","floor":16},{"not_picked":["Slice","Infinite Blades"],"picked":"Deflect","floor":18},{"not_picked":["Dagger Spray","Poisoned Stab","Cloak And Dagger"],"picked":"Singing Bowl","floor":21},{"not_picked":["Corpse Explosion","Tactician"],"picked":"Prepared","floor":23},{"not_picked":["Reflex","Calculated Gamble+1"],"picked":"Backflip","floor":24},{"not_picked":["PiercingWail","Flying Knee+1","Quick Slash"],"picked":"Singing Bowl","floor":28},{"not_picked":["Flechettes","All Out Attack","Glass Knife"],"picked":"Singing Bowl","floor":29},{"not_picked":["Dodge and Roll","Escape Plan"],"picked":"Reflex","floor":30}],"player_experience":562020,"relics_obtained":[{"floor":0.0,"key":"Oddly Smooth Stone"},{"floor":0.0,"key":"Singing Bowl"},{"floor":0.0,"key":"Calipers"},{"floor":7.0,"key":"CaptainsWheel"},{"floor":9.0,"key":"Sundial"},{"floor":13.0,"key":"Bronze Scales"},{"floor":23,"key":"Lantern"},{"floor":26,"key":"Orichalcum"},{"floor":30,"key":"Tiny Chest"},{"floor":31,"key":"Turnip"}],"event_choices":[{"cards_removed":["Strike_G"],"damage_healed":0.0,"max_hp_gain":0.0,"max_hp_loss":0.0,"gold_gain":0.0,"event_name":"Golden Wing","player_choice":"Card Removal","floor":2.0,"gold_loss":0.0,"damage_taken":7.0},{"damage_healed":0.0,"max_hp_gain":0.0,"max_hp_loss":0.0,"gold_gain":0.0,"event_name":"Shining Light","player_choice":"Ignored","floor":3.0,"gold_loss":0.0,"damage_taken":0.0},{"damage_healed":0,"gold_gain":0,"player_choice":"Ignored","damage_taken":0,"max_hp_gain":0,"max_hp_loss":0,"event_name":"Vampires","floor":19,"gold_loss":0},{"damage_healed":0,"gold_gain":0,"player_choice":"Traded Relic","damage_taken":0,"relics_obtained":["Nloth\u0027s Gift"],"max_hp_gain":0,"max_hp_loss":0,"event_name":"N\u0027loth","floor":20,"relics_lost":["Calling Bell"],"gold_loss":0}],"is_beta":false,"boss_relics":[{"not_picked":["SacredBark","Astrolabe"],"picked":"Philosopher\u0027s Stone"}],"items_purged_floors":[22],"is_endless":false,"potions_floor_spawned":[4,5,13,18,21,29,30],"killed_by":"Collector","ascension_level":20}}