{"host":"d6ni0fvdmr494qs7","time":1613392514,"event":{"mods":["ATMod(°¢èªMod)","BaseMod","Colored Powertips","Minty Spire (QoL Compilation)","Replay The Spire","Spicy Shops","StSLib","The Blue Laboratory","¡¾ÒÅÎï¿¨ÅÆ¡¿REMEMod"],"gold_per_floor":[217,233,308,323,323,378,393,393,393,393,425,435,452,487,487,592,592,603,620,530,540,540,540,565,565,565,600,600,632,683,623,623,723,723,736,736,747,763,154,179,179,209,209,280,308,364,50,84,84,84,84,84,34,65,65],"floor_reached":56,"language":"ZHS","playtime":3413,"items_purged":["Strike_G","ReplayTheSpireMod:Splinters"],"score":1884,"play_id":"f58a61ee-0dfd-4a0e-b207-6c0b8720cc12","local_time":"20210215203514","is_ascension_mode":true,"campfire_choices":[{"data":"A Thousand Cuts","floor":8.0,"key":"SMITH"},{"data":"Infinite Blades","floor":15.0,"key":"SMITH"},{"data":"Hidden Blade","floor":23.0,"key":"SMITH"},{"data":"Cloak And Dagger","floor":28.0,"key":"SMITH"},{"data":"REME_CopyPotion","floor":32.0,"key":"SMITH"},{"floor":49,"key":"RECALL"},{"data":"AT_Desolate","floor":52,"key":"SMITH"}],"circlet_count":0,"master_deck":["Strike_G+1","Strike_G+1","Defend_G+1","Defend_G","Defend_G","Defend_G","Defend_G","Neutralize","Scrawl","AT_FamilyPortrait","Cloak And Dagger+1","Blade Dance","Infinite Blades+1","m_Survivalism","A Thousand Cuts+1","AT_Desolate+1","Hidden Blade+1","REME_CopyPotion+1","Blade Dance+1","Accuracy+1","Clumsy","Accuracy"],"relics":["Ring of the Snake","AT_ATBox","REME_ComplimentaryCards","Garlic","Iron Hammer","REME_HourglassOfDeath","Prayer Wheel","Sundial","Replay:Bronze Core","AT_RedTearstoneRing","Singing Bowl","Strawberry","Lizard Tail","Coffee Dripper","AT_BellowingDragoncrestRing","PreservedInsect","TwistedFunnel","AT_BellDemon","ReplayTheSpireMod:Ring of Addiction","White Beast Statue","Toy Ornithopter","Akabeko","Replay:Bottled Steam","Mango","ReplayTheSpireMod:TigerMarble","Replay:Accelerometer","Basket Of Snakes","Snack Pack","AT_GuinsooRageblade","ReplayTheSpireMod:CursedCoin","HornCleat","Simple Rune","Nunchaku"],"acts_visited":["Exordium","TheCity","TheBeyond","TheEnding"],"potions_floor_usage":[48,50,54,55,55,55],"damage_taken":[{"damage":0.0,"enemies":"2 Louse","floor":1.0,"turns":7.0},{"damage":0.0,"enemies":"Cultist","floor":2.0,"turns":5.0},{"damage":0.0,"enemies":"Small Slimes","floor":4.0,"turns":3.0},{"damage":12.0,"enemies":"Lagavulin","floor":6.0,"turns":10.0},{"damage":0.0,"enemies":"2 Fungi Beasts","floor":7.0,"turns":3.0},{"damage":0.0,"enemies":"Replay:BlueRogue","floor":11.0,"turns":5.0},{"damage":0.0,"enemies":"Large Slime","floor":12.0,"turns":4.0},{"damage":0.0,"enemies":"Lots of Slimes","floor":13.0,"turns":3.0},{"damage":1.0,"enemies":"3 Sentries","floor":14.0,"turns":3.0},{"damage":0.0,"enemies":"Slime Boss","floor":16.0,"turns":4.0},{"damage":4.0,"enemies":"2 Thieves","floor":18.0,"turns":3.0},{"damage":0.0,"enemies":"3 Byrds","floor":19.0,"turns":4.0},{"damage":5.0,"enemies":"Snake Plant","floor":21.0,"turns":4.0},{"damage":12.0,"enemies":"REME_1_Revenger","floor":24.0,"turns":3.0},{"damage":0.0,"enemies":"Book of Stabbing","floor":27.0,"turns":3.0},{"damage":16.0,"enemies":"Slavers","floor":29.0,"turns":3.0},{"damage":21.0,"enemies":"Pondfish","floor":33.0,"turns":7.0},{"damage":0.0,"enemies":"Orb Walker","floor":35.0,"turns":2.0},{"damage":0.0,"enemies":"3 Darklings","floor":37.0,"turns":2.0},{"damage":9.0,"enemies":"Writhing Mass","floor":38.0,"turns":2.0},{"damage":7.0,"enemies":"Giant Head","floor":40.0,"turns":2.0},{"damage":0.0,"enemies":"Nemesis","floor":42.0,"turns":1.0},{"damage":0.0,"enemies":"Spire Growth","floor":44.0,"turns":2.0},{"damage":33.0,"enemies":"R_Hoarder","floor":45.0,"turns":3.0},{"damage":0,"enemies":"3 Darklings","floor":48,"turns":2},{"damage":29,"enemies":"Awakened One","floor":50,"turns":4},{"damage":12,"enemies":"Shield and Spear","floor":54,"turns":2},{"damage":37,"enemies":"The Heart","floor":55,"turns":4}],"seed_played":"3715691257605633039","potions_obtained":[{"floor":1.0,"key":"REME_GoldPotion"},{"floor":7.0,"key":"Fire Potion"},{"floor":12.0,"key":"blueLaboratory:ExaltedPotion"},{"floor":14.0,"key":"blueLaboratory:BlinkPotion"},{"floor":16.0,"key":"AttackPotion"},{"floor":18.0,"key":"blueLaboratory:StoneskinPotion"},{"floor":19.0,"key":"Adrenaline Potion"},{"floor":35.0,"key":"DistilledChaos"},{"floor":42.0,"key":"REME_GoldPotion"},{"floor":44.0,"key":"ColorlessPotion"},{"floor":48,"key":"blueLaboratory:NinjaPotion"},{"floor":54,"key":"blueLaboratory:EnragingPotion"}],"is_trial":false,"path_per_floor":["M","M","?","M","?","E","M","R","T","?","E","M","M","E","R","B",null,"M","M","?","M","?","R","E","?","T","E","R","E","T","?","R","B",null,"M","?","M","M","$","E","?","E","T","M","E","?","$","M","R","B",null,"R","$","E","B",null],"character_chosen":"THE_SILENT","items_purchased":["AT_BellowingDragoncrestRing","PreservedInsect","TwistedFunnel","AT_GuinsooRageblade","ReplayTheSpireMod:CursedCoin","HornCleat","Adrenaline Potion"],"campfire_rested":0,"item_purchase_floors":[39,39,39,47,47,47,53],"current_hp_per_floor":[70,70,63,63,63,51,51,51,51,56,56,56,56,59,59,59,75,71,71,71,66,66,66,54,54,54,63,63,49,49,49,49,30,88,92,92,96,91,91,86,86,93,107,114,83,85,85,107,107,106,128,128,128,123,111],"gold":65,"neow_bonus":"HUNDRED_GOLD","is_daily":false,"chose_seed":false,"campfire_upgraded":6,"win_rate":0.0,"timestamp":1613392514,"path_taken":["M","M","?","?","?","E","M","R","T","?","E","M","M","E","R","BOSS","M","M","?","?","?","R","E","?","T","E","R","E","?","?","R","BOSS","M","?","M","M","$","E","?","E","T","M","E","?","$","M","R","BOSS","R","$","E","BOSS"],"items_purchased_type":["Relic","Relic","Relic","Relic","Relic","Relic","Potion"],"build_version":"2020-12-22","purchased_purges":2,"victory":true,"max_hp_per_floor":[70,70,70,70,70,70,70,70,70,75,75,75,75,75,75,75,75,75,75,75,75,75,75,75,75,75,84,84,86,86,86,86,88,88,92,92,96,100,100,102,102,104,118,120,122,124,124,128,128,128,128,128,128,126,126],"card_choices":[{"not_picked":["Reflex","Flying Knee"],"picked":"Cloak And Dagger","floor":1.0},{"not_picked":["Dagger Spray","Prepared"],"picked":"Blade Dance","floor":2.0},{"not_picked":["Noxious Fumes","Cloak And Dagger"],"picked":"Infinite Blades","floor":4.0},{"not_picked":["Setup","Blade Dance"],"picked":"A Thousand Cuts","floor":6.0},{"not_picked":["Deflect","Underhanded Strike"],"picked":"AT_Desolate","floor":7.0},{"not_picked":["Dagger Spray","AT_Desolate","REME_ShadowStrike"],"picked":"SKIP","floor":11.0},{"not_picked":["Sucker Punch","AT_WindFlip","Slice"],"picked":"SKIP","floor":12.0},{"not_picked":["Dagger Throw","Replay:Poison Smokescreen","AT_WindFlip"],"picked":"SKIP","floor":12.0},{"not_picked":["Dagger Throw","Draining Mist"],"picked":"Hidden Blade","floor":13.0},{"not_picked":["Escape Plan","AT_Desolate","Concentrate"],"picked":"SKIP","floor":13.0},{"not_picked":["AT_WindFlip","Eviscerate","Dagger Spray"],"picked":"SKIP","floor":14.0},{"not_picked":["A Thousand Cuts","Envenom"],"picked":"REME_CopyPotion","floor":16.0},{"not_picked":["Dagger Spray","Dagger Throw"],"picked":"Blade Dance","floor":18.0},{"not_picked":["Poisoned Stab+1","Expertise","Dodge and Roll"],"picked":"SKIP","floor":18.0},{"not_picked":["Outmaneuver+1","Tactician+1","Hidden Blade"],"picked":"SKIP","floor":19.0},{"not_picked":["Prepared","Dagger Spray","Underhanded Strike+1"],"picked":"SKIP","floor":19.0},{"not_picked":["PiercingWail+1","Acrobatics","Envenom"],"picked":"SKIP","floor":21.0},{"not_picked":["Poisoned Stab","AT_WindFlip","PiercingWail+1"],"picked":"SKIP","floor":21.0},{"not_picked":["Leg Sweep","Dodge and Roll","Underhanded Strike"],"picked":"SKIP","floor":24.0},{"not_picked":["Flechettes+1","PiercingWail","Acrobatics"],"picked":"Singing Bowl","floor":27.0},{"not_picked":["PiercingWail","Terror","Dodge and Roll"],"picked":"Singing Bowl","floor":29.0},{"not_picked":["Phantasmal Killer","Venomology","AT_KingSlayer"],"picked":"Singing Bowl","floor":33.0},{"not_picked":["Deflect","Slice+1","AT_ShadowStep+1"],"picked":"Singing Bowl","floor":35.0},{"not_picked":["AT_TinkerSharpsword+1","Masterful Stab","Outmaneuver+1"],"picked":"Singing Bowl","floor":35.0},{"not_picked":["Dodge and Roll+1","Deadly Poison","Outmaneuver"],"picked":"Singing Bowl","floor":37.0},{"not_picked":["Prepared","Footwork","Dodge and Roll"],"picked":"Singing Bowl","floor":37.0},{"not_picked":["Quick Slash+1","Outmaneuver","Sucker Punch+1"],"picked":"Singing Bowl","floor":38.0},{"not_picked":["Outmaneuver+1","Die Die Die","AT_WindFlip+1"],"picked":"Singing Bowl","floor":38.0},{"not_picked":["Bouncing Flask+1","Dodge and Roll+1","ReplayTheSpireMod:Tripwire"],"picked":"Singing Bowl","floor":40.0},{"not_picked":["Underhanded Strike+1","Reflex","Slice+1"],"picked":"Singing Bowl","floor":42.0},{"not_picked":["Toxin Wave","Dagger Spray","Prepared"],"picked":"Singing Bowl","floor":44.0},{"not_picked":["Underhanded Strike+1","Hidden Blade"],"picked":"Accuracy+1","floor":44.0},{"not_picked":["AT_WindFlip","Backflip","Toxin Wave+1"],"picked":"Singing Bowl","floor":45.0},{"not_picked":["Masterful Stab","Bouncing Flask+1","Deadly Poison+1"],"picked":"Singing Bowl","floor":46},{"not_picked":["Dagger Throw","Bane","Die Die Die"],"picked":"Singing Bowl","floor":48},{"not_picked":["Heel Hook","Deadly Poison+1","Quick Slash+1"],"picked":"Singing Bowl","floor":48},{"not_picked":["Calculated Gamble+1","REME_GrazeFinale"],"picked":"Accuracy","floor":54}],"player_experience":210563,"relics_obtained":[{"floor":6.0,"key":"Garlic"},{"floor":9.0,"key":"Iron Hammer"},{"floor":11.0,"key":"REME_HourglassOfDeath"},{"floor":14.0,"key":"Sundial"},{"floor":24.0,"key":"AT_RedTearstoneRing"},{"floor":26.0,"key":"Singing Bowl"},{"floor":27.0,"key":"Strawberry"},{"floor":29.0,"key":"Lizard Tail"},{"floor":40.0,"key":"AT_BellDemon"},{"floor":41.0,"key":"ReplayTheSpireMod:Ring of Addiction"},{"floor":41.0,"key":"White Beast Statue"},{"floor":41.0,"key":"Toy Ornithopter"},{"floor":42.0,"key":"Akabeko"},{"floor":42.0,"key":"Replay:Bottled Steam"},{"floor":43.0,"key":"Mango"},{"floor":44.0,"key":"ReplayTheSpireMod:TigerMarble"},{"floor":45.0,"key":"Replay:Accelerometer"},{"floor":45.0,"key":"Basket Of Snakes"},{"floor":46,"key":"Snack Pack"},{"floor":48,"key":"Simple Rune"},{"floor":54,"key":"Nunchaku"}],"event_choices":[{"damage_healed":0.0,"max_hp_gain":0.0,"max_hp_loss":0.0,"gold_gain":75.0,"event_name":"FaceTrader","player_choice":"Touch","floor":3.0,"gold_loss":0.0,"damage_taken":7.0},{"damage_healed":0.0,"max_hp_gain":5.0,"max_hp_loss":0.0,"gold_gain":0.0,"event_name":"Big Fish","player_choice":"Donut","floor":10.0,"gold_loss":0.0,"damage_taken":0.0},{"cards_removed":["Strike_G"],"damage_healed":0.0,"max_hp_gain":0.0,"max_hp_loss":0.0,"gold_gain":0.0,"event_name":"Designer","player_choice":"Upgrade and Remove","floor":20.0,"gold_loss":90.0,"damage_taken":0.0,"cards_upgraded":["Blade Dance"]},{"damage_healed":0.0,"max_hp_gain":0.0,"max_hp_loss":0.0,"gold_gain":0.0,"event_name":"The Mausoleum","player_choice":"Ignored","floor":22.0,"gold_loss":0.0,"damage_taken":0.0},{"cards_removed":["Strike_G"],"damage_healed":0.0,"max_hp_gain":0.0,"max_hp_loss":0.0,"gold_gain":0.0,"event_name":"Back to Basics","player_choice":"Elegance","floor":25.0,"gold_loss":0.0,"damage_taken":0.0},{"damage_healed":0.0,"max_hp_gain":0.0,"max_hp_loss":0.0,"gold_gain":0.0,"event_name":"Tomb of Lord Red Mask","player_choice":"Ignored","floor":36.0,"gold_loss":0.0,"damage_taken":0.0}],"is_beta":false,"boss_relics":[{"not_picked":["Abe\u0027s Treasure","Pandora\u0027s Box"],"picked":"Replay:Bronze Core"},{"not_picked":["Replay:Drink Me","Astrolabe"],"picked":"Coffee Dripper"}],"items_purged_floors":[39,47],"is_endless":false,"potions_floor_spawned":[1,7,12,14,16,18,19,24,29,33,35,40,42,44,45,48,54],"ascension_level":1}}