{"host":"0cnf9zf1gia27zti","time":1613356843,"event":{"mods":["BaseMod","Better Third Choice","BetterRewards","Card Forge","ChefMod","Colored Map","Colored Powertips","Conspire","Downfall","Googly Eyes","Infinite Spire","Minty Spire (QoL Compilation)","Practice Mode","Quick Restart","Replay The Spire","Shade Mod","Spicy Shops","StSLib","The Marked"],"gold_per_floor":[112,129,145,145,145,178,178,178,178,209,174,187,212,131,131,131,131],"floor_reached":16,"language":"ENG","playtime":899,"items_purged":[],"score":142,"play_id":"70fee58b-7709-4b88-9f69-6782a43109b5","local_time":"20210215024043","is_ascension_mode":true,"campfire_choices":[{"floor":15,"key":"REST"}],"circlet_count":0,"master_deck":["Shade:Strike_Shade","Shade:Strike_Shade","Shade:Strike_Shade","Shade:Defend_Shade","Shade:Defend_Shade","Shade:Defend_Shade","Shade:Defend_Shade","Shade:AnimateDead","Shade:CarefulCut","Shade:RavenousHorde","Shade:GraveStillness+1","Shade:WallOfFlesh+1","Shade:OpenGraves+1","Shade:GraveStillness+1","Shade:Bite_Shade","Shade:AuraOfUnlife+1"],"relics":["Shade:YorickSkull","Hammer of Thor","Seething Fire","Anvil of the Gods","Frozen Egg 2","Quantum Egg","Toxic Egg 2","Golden Idol","Mummified Hand","Potion Belt","ReplayTheSpireMod:Ninjato","ReplayTheSpireMod:TigerMarble"],"acts_visited":["Exordium"],"potions_floor_usage":[6,16],"damage_taken":[{"damage":2,"enemies":"2 Louse","floor":1,"turns":4},{"damage":2,"enemies":"Jaw Worm","floor":2,"turns":4},{"damage":2,"enemies":"Small Slimes","floor":3,"turns":7},{"damage":15,"enemies":"Gremlin Nob","floor":6,"turns":4},{"damage":0,"enemies":"Lagavulin","floor":10,"turns":10},{"damage":12,"enemies":"Exordium Thugs","floor":12,"turns":5},{"damage":0,"enemies":"Large Slime","floor":13,"turns":6},{"damage":69,"enemies":"Fading Forest","floor":16,"turns":11}],"seed_played":"5207841133460050547","potions_obtained":[{"floor":1,"key":"Death Potion"},{"floor":12,"key":"Swift Potion"},{"floor":13,"key":"champ:CounterPotion"}],"is_trial":false,"path_per_floor":["M","M","M","?","$","E","$","?","T","E","?","M","M","$","R","B"],"character_chosen":"SHADE","items_purchased":["Frozen Egg 2","Shade:RavenousHorde","Quantum Egg","Toxic Egg 2","Shade:AuraOfUnlife+1"],"campfire_rested":1,"item_purchase_floors":[0,0,0,0,14],"current_hp_per_floor":[63,61,59,43,43,28,28,28,28,28,44,36,40,40,59,0,0],"gold":131,"neow_bonus":"","is_daily":false,"chose_seed":false,"campfire_upgraded":0,"win_rate":0.0,"timestamp":1613356843,"path_taken":["M","M","M","?","$","E","$","?","T","E","?","M","?","?","R","BOSS"],"items_purchased_type":["Relic","Card","Relic","Relic","Card"],"build_version":"2020-12-22","purchased_purges":0,"victory":false,"max_hp_per_floor":[65,65,65,65,65,65,65,65,65,65,65,65,65,65,65,65,65],"card_choices":[{"not_picked":["Shade:BoneShards","Shade:AncientSpear"],"picked":"Shade:GraveStillness+1","floor":1},{"not_picked":["Shade:ClawBack","Shade:SensePrey+1"],"picked":"Shade:WallOfFlesh+1","floor":2},{"not_picked":["Shade:SkeletonArmy+1","Shade:ClawBack"],"picked":"Shade:OpenGraves+1","floor":3},{"not_picked":["Shade:FleshOffering+1","Shade:CommandSoldier+1"],"picked":"Shade:GraveStillness+1","floor":6},{"not_picked":["Shade:FuneraryArmor+1","Shade:Consume"],"picked":"Shade:Bite_Shade","floor":10},{"not_picked":["Shade:GreyBargain+1","Shade:CoffinDance","Shade:CallOfTheGrave+1"],"picked":"SKIP","floor":12},{"not_picked":["Shade:GreyBargain+1","Shade:Asphyxiate","Shade:FuneraryArmor+1"],"picked":"SKIP","floor":13}],"player_experience":3824556,"relics_obtained":[{"floor":6,"key":"Mummified Hand"},{"floor":8,"key":"Potion Belt"},{"floor":9,"key":"ReplayTheSpireMod:Ninjato"},{"floor":10,"key":"ReplayTheSpireMod:TigerMarble"}],"event_choices":[{"damage_healed":0,"gold_gain":0,"player_choice":"Take Damage","damage_taken":16,"relics_obtained":["Golden Idol"],"max_hp_gain":0,"max_hp_loss":0,"event_name":"Golden Idol","floor":4,"gold_loss":0},{"damage_healed":16,"gold_gain":0,"player_choice":"Healed","damage_taken":0,"max_hp_gain":0,"max_hp_loss":0,"event_name":"The Cleric","floor":11,"gold_loss":35}],"is_beta":false,"boss_relics":[],"items_purged_floors":[],"is_endless":false,"potions_floor_spawned":[1,12,13],"killed_by":"Fading Forest","ascension_level":1}}