{"host":"q8mjpf3krl0t4p3x","time":1613426717,"event":{"mods":["BaseMod","Colored Map","Colored Powertips","Googly Eyes","Minty Spire (QoL Compilation)","Quick Restart","StSLib","everything is the same but u backflip on backflip","slay the spire mod where everything is the same but ironclad has a cowboy hat"],"gold_per_floor":[117,130,130,147,147,147,147,173,173,189,189,202,202,53,53,151,151,162,162,181,200,299,299,332,332,332,332,347,263,273,285,285,285,285],"floor_reached":33,"language":"ENG","playtime":2002,"items_purged":[],"score":280,"play_id":"9b7db9ea-2fd4-439f-9cd2-3bd52ae6ea9c","local_time":"20210215140517","is_ascension_mode":true,"campfire_choices":[{"data":"Quick Slash","floor":6,"key":"SMITH"},{"data":"Dagger Throw","floor":11,"key":"SMITH"},{"floor":15,"key":"REST"},{"data":"All Out Attack","floor":23,"key":"SMITH"},{"data":"Poisoned Stab","floor":27,"key":"SMITH"},{"floor":32,"key":"REST"}],"circlet_count":0,"master_deck":["Strike_G","Strike_G+1","Strike_G","Strike_G","Strike_G","Defend_G","Defend_G","Defend_G","Defend_G","Defend_G","Survivor","Neutralize+1","Sucker Punch+1","Dagger Throw+1","Quick Slash+1","Corpse Explosion","All Out Attack+1","Phantasmal Killer","Bane","Die Die Die","Poisoned Stab+1","Writhe"],"relics":["Ring of the Snake","Peace Pipe","Ginger","Orichalcum","Busted Crown","Tiny Chest","Pantograph","Meat on the Bone","Tough Bandages"],"acts_visited":["Exordium","TheCity"],"potions_floor_usage":[33,33],"damage_taken":[{"damage":1,"enemies":"Cultist","floor":1,"turns":5},{"damage":0,"enemies":"2 Louse","floor":2,"turns":2},{"damage":0,"enemies":"Small Slimes","floor":4,"turns":3},{"damage":26,"enemies":"Lagavulin","floor":8,"turns":7},{"damage":1,"enemies":"2 Fungi Beasts","floor":10,"turns":4},{"damage":3,"enemies":"Gremlin Gang","floor":12,"turns":4},{"damage":32,"enemies":"Hexaghost","floor":16,"turns":13},{"damage":5,"enemies":"Chosen","floor":18,"turns":5},{"damage":0,"enemies":"3 Byrds","floor":20,"turns":2},{"damage":0,"enemies":"Cultist and Chosen","floor":21,"turns":3},{"damage":34,"enemies":"Book of Stabbing","floor":24,"turns":6},{"damage":18,"enemies":"Shelled Parasite and Fungi","floor":28,"turns":4},{"damage":3,"enemies":"Snake Plant","floor":30,"turns":3},{"damage":9,"enemies":"Chosen and Byrds","floor":31,"turns":4},{"damage":86,"enemies":"Automaton","floor":33,"turns":10}],"seed_played":"-5403572116916107145","potions_obtained":[{"floor":8,"key":"Energy Potion"},{"floor":10,"key":"Ancient Potion"},{"floor":12,"key":"Swift Potion"},{"floor":24,"key":"Explosive Potion"}],"is_trial":false,"path_per_floor":["M","M","?","M","?","R","?","E","T","M","R","M","?","$","R","B",null,"M","?","M","M","?","R","E","?","T","R","M","?","M","M","R","B"],"character_chosen":"THE_SILENT","items_purchased":["Orichalcum"],"campfire_rested":2,"item_purchase_floors":[14],"current_hp_per_floor":[76,76,76,76,76,76,61,35,35,34,34,31,31,31,54,22,77,72,72,72,72,72,72,38,38,38,38,32,32,41,44,67,0,0],"gold":285,"neow_bonus":"TEN_PERCENT_HP_BONUS","is_daily":false,"chose_seed":false,"campfire_upgraded":4,"win_rate":0.0,"timestamp":1613426717,"path_taken":["M","?","?","M","?","R","?","E","T","M","R","M","?","$","R","BOSS","M","?","?","M","?","R","E","?","T","R","M","?","M","M","R","BOSS"],"items_purchased_type":["Relic"],"build_version":"2020-12-22","purchased_purges":0,"victory":false,"max_hp_per_floor":[77,77,77,77,77,77,77,77,77,77,77,77,77,77,77,77,77,77,77,77,77,77,77,77,77,77,77,77,77,77,77,77,77,77],"card_choices":[{"not_picked":["Blade Dance","Underhanded Strike"],"picked":"Sucker Punch","floor":1},{"not_picked":["Catalyst","Bane"],"picked":"Dagger Throw","floor":2},{"not_picked":["Dagger Throw","Bane"],"picked":"Quick Slash","floor":4},{"not_picked":["Backstab","Bouncing Flask"],"picked":"Corpse Explosion","floor":8},{"not_picked":["Endless Agony","Deadly Poison","Deflect"],"picked":"SKIP","floor":10},{"not_picked":["Footwork","Cloak And Dagger"],"picked":"All Out Attack","floor":12},{"not_picked":["Glass Knife","Grand Finale"],"picked":"Phantasmal Killer","floor":16},{"not_picked":["Sucker Punch+1"],"picked":"SKIP","floor":18},{"not_picked":["Dodge and Roll"],"picked":"SKIP","floor":20},{"not_picked":["Blade Dance"],"picked":"SKIP","floor":21},{"not_picked":[],"picked":"Poisoned Stab","floor":24},{"not_picked":["Well Laid Plans"],"picked":"SKIP","floor":28},{"not_picked":["Dagger Throw"],"picked":"SKIP","floor":30},{"not_picked":["Dagger Spray"],"picked":"SKIP","floor":31}],"player_experience":181588,"relics_obtained":[{"floor":8,"key":"Peace Pipe"},{"floor":9,"key":"Ginger"},{"floor":24,"key":"Tiny Chest"},{"floor":26,"key":"Meat on the Bone"}],"event_choices":[{"damage_healed":0,"gold_gain":0,"player_choice":"Ignored","damage_taken":0,"max_hp_gain":0,"max_hp_loss":0,"event_name":"Golden Idol","floor":3,"gold_loss":0},{"damage_healed":0,"gold_gain":0,"player_choice":"Ignored","damage_taken":0,"max_hp_gain":0,"max_hp_loss":0,"event_name":"Golden Wing","floor":5,"gold_loss":0},{"damage_healed":0,"gold_gain":0,"player_choice":"Entered Light","damage_taken":15,"max_hp_gain":0,"max_hp_loss":0,"event_name":"Shining Light","floor":7,"gold_loss":0,"cards_upgraded":["Neutralize","Strike_G"]},{"damage_healed":0,"gold_gain":0,"player_choice":"Grow","damage_taken":0,"max_hp_gain":0,"max_hp_loss":0,"event_name":"Living Wall","floor":13,"gold_loss":0,"cards_upgraded":["Sucker Punch"]},{"damage_healed":0,"gold_gain":0,"player_choice":"2 cards matched","damage_taken":0,"max_hp_gain":0,"max_hp_loss":0,"event_name":"Match and Keep!","floor":19,"gold_loss":0,"cards_obtained":["Bane","Die Die Die"]},{"damage_healed":0,"gold_gain":99,"player_choice":"Stole From Cult","damage_taken":0,"max_hp_gain":0,"max_hp_loss":0,"event_name":"Nest","floor":22,"gold_loss":0},{"damage_healed":0,"gold_gain":0,"player_choice":"Opened","damage_taken":0,"relics_obtained":["Pantograph"],"max_hp_gain":0,"max_hp_loss":0,"event_name":"The Mausoleum","floor":25,"gold_loss":0,"cards_obtained":["Writhe"]},{"damage_healed":0,"gold_gain":0,"player_choice":"Paid Gold","damage_taken":0,"relics_obtained":["Tough Bandages"],"max_hp_gain":0,"max_hp_loss":0,"event_name":"WeMeetAgain","floor":29,"gold_loss":84}],"is_beta":false,"boss_relics":[{"not_picked":["Empty Cage","Runic Dome"],"picked":"Busted Crown"}],"items_purged_floors":[],"is_endless":false,"potions_floor_spawned":[8,10,12,16,18,20,24,31],"killed_by":"Automaton","ascension_level":1}}