{"host":"ig8wumfz6i0kebkp","time":1613362082,"event":{"mods":["BaseMod","Minty Spire (QoL Compilation)","Relic Stats","StSLib","The Bug Knight"],"gold_per_floor":[109,109,184,2,2,2,2],"floor_reached":6,"language":"ENG","playtime":329,"items_purged":["Injury"],"score":35,"play_id":"908e8a8a-161e-4457-8490-c6708f908d17","local_time":"20210214220802","is_ascension_mode":true,"campfire_choices":[],"circlet_count":0,"master_deck":["HollowMod:NailStrikeStart","HollowMod:NailStrikeStart","HollowMod:NailStrikeStart","HollowMod:NailStrikeStart","HollowMod:QuickDashStart","HollowMod:QuickDashStart","HollowMod:QuickDashStart","HollowMod:QuickDashStart","HollowMod:FocusHealStart","HollowMod:PogoStrike","HollowMod:MidwifesHunger","HollowMod:GoodIntentions","HollowMod:CycloneSlash","HollowMod:CornifersMapStart"],"relics":["HollowMod:VesselMask","Golden Idol","Molten Egg 2"],"acts_visited":["Exordium"],"potions_floor_usage":[],"damage_taken":[{"damage":0,"enemies":"2 Louse","floor":1,"turns":2},{"damage":51,"enemies":"Gremlin Nob","floor":6,"turns":6}],"seed_played":"-6412583814787603146","potions_obtained":[],"is_trial":false,"path_per_floor":["M","?","?","$","?","E"],"character_chosen":"THE_BUGKNIGHT","items_purchased":["HollowMod:CycloneSlash","HollowMod:CornifersMapStart"],"campfire_rested":0,"item_purchase_floors":[4,4],"current_hp_per_floor":[75,75,64,64,52,1,1],"gold":2,"neow_bonus":"ONE_RANDOM_RARE_CARD","is_daily":false,"chose_seed":false,"campfire_upgraded":0,"win_rate":0.0,"timestamp":1613362082,"path_taken":["M","?","?","$","?","E"],"items_purchased_type":["Card","Card"],"build_version":"2020-12-22","purchased_purges":1,"victory":false,"max_hp_per_floor":[75,75,75,75,75,75,75],"relic_stats":{"counters":[2,8],"Golden Idol":0,"obtain_stats":[{"Golden Idol":2,"HollowMod:VesselMask":0,"Molten Egg 2":5},{"Golden Idol":1,"HollowMod:VesselMask":0,"Molten Egg 2":1},{"Golden Idol":2,"HollowMod:VesselMask":0,"Molten Egg 2":2}]},"card_choices":[{"not_picked":["HollowMod:NewJinnsSoul","HollowMod:Grubsong"],"picked":"HollowMod:GoodIntentions","floor":1}],"player_experience":268112,"relics_obtained":[],"event_choices":[{"damage_healed":0,"gold_gain":0,"player_choice":"Take Wound","damage_taken":0,"relics_obtained":["Golden Idol"],"max_hp_gain":0,"max_hp_loss":0,"event_name":"Golden Idol","floor":2,"gold_loss":0,"cards_obtained":["Injury"]},{"damage_healed":0,"gold_gain":75,"player_choice":"Gather Gold","damage_taken":11,"max_hp_gain":0,"max_hp_loss":0,"event_name":"World of Goop","floor":3,"gold_loss":0},{"damage_healed":0,"gold_gain":0,"player_choice":"Success","damage_taken":12,"relics_obtained":["Molten Egg 2"],"max_hp_gain":0,"max_hp_loss":0,"event_name":"Scrap Ooze","floor":5,"gold_loss":0}],"is_beta":false,"boss_relics":[],"items_purged_floors":[4],"is_endless":false,"potions_floor_spawned":[],"killed_by":"Gremlin Nob","ascension_level":2}}