{"host":"mb4j77vqrnqglrk8","time":1613357292,"event":{"mods":["BaseMod","Downfall","Minty Spire (QoL Compilation)","StSLib"],"gold_per_floor":[99,112,212,212,212,239,264,264,292,292,311,346,346,346,362,467,467,467,487,502,517,8,108,178,193,193,207,227,137,137,172,187,286,286,286,300,300,300,311,77,77,77,77,77,90,90,90,117,17,17],"floor_reached":51,"language":"ENG","playtime":3071,"items_purged":["bronze:Strike"],"score":836,"play_id":"a3174a50-b145-4394-ad0a-a3385cc2222e","local_time":"20210215134812","is_ascension_mode":false,"campfire_choices":[{"data":"bronze:Format","floor":1,"key":"SMITH"},{"data":"bronze:CloningBeam","floor":8,"key":"SMITH"},{"floor":10,"key":"REST"},{"data":"bronze:Explode","floor":18,"key":"SMITH"},{"data":"bronze:ItsAFeature","floor":26,"key":"SMITH"},{"data":"bronze:RecursiveStrike","floor":35,"key":"SMITH"},{"data":"bronze:Backtrace","floor":42,"key":"SMITH"},{"data":"bronze:SpaghettiCode","floor":49,"key":"SMITH"}],"circlet_count":0,"master_deck":["bronze:Strike","bronze:Strike","bronze:Defend","bronze:Defend","bronze:Defend","bronze:Defend","bronze:Replicate","bronze:Goto","bronze:Format+1","bronze:CloningBeam+1","bronze:DelayedSlice","bronze:Backtrace+1","bronze:DelayedGuard","bronze:SpaghettiCode+1","bronze:Spike","bronze:DazingPulse","bronze:Explode+1","bronze:FineTuning","bronze:FindAndReplace","bronze:Repair","bronze:ItsAFeature+1","bronze:FollowUp+1","bronze:Backtrace+1","bronze:ChildClass","bronze:Frontload","bronze:MaxOutput+1","bronze:FineTuning","bronze:Allocate+1","bronze:RecursiveStrike+1","bronze:BuggyMess+1","bronze:GetLatest+1","bronze:DarkDash+1"],"relics":["bronze:BronzeCore","MealTicket","Bronze Scales","Happy Flower","Oddly Smooth Stone","bronze:BottledCode","Busted Crown","Chemical X","Kunai","Mercury Hourglass","downfall:RedIOU","PreservedInsect","bronze:MakeshiftBattery","bronze:CableSpool","Toolbox","Blood Vial","Shuriken","Vajra","downfall:HeartBlessingGreen"],"acts_visited":["Exordium","TheCity","TheBeyond"],"potions_floor_usage":[13,22,31,32,33,33,40,47,48,50,50,50],"damage_taken":[{"damage":0,"enemies":"Small Slimes","floor":2,"turns":3},{"damage":9,"enemies":"Gremlin Nob","floor":6,"turns":5},{"damage":11,"enemies":"3 Sentries","floor":9,"turns":6},{"damage":0,"enemies":"Jaw Worm","floor":11,"turns":1},{"damage":0,"enemies":"Gremlin Nob","floor":12,"turns":3},{"damage":3,"enemies":"Gremlin Nob","floor":13,"turns":4},{"damage":0,"enemies":"Cultist","floor":15,"turns":2},{"damage":10,"enemies":"WA_ARCHETYPE_RETAIN","floor":16,"turns":7},{"damage":0,"enemies":"Spheric Guardian","floor":19,"turns":1},{"damage":0,"enemies":"3 Byrds","floor":20,"turns":2},{"damage":14,"enemies":"Cultist and Chosen","floor":21,"turns":5},{"damage":2,"enemies":"downfall:FleeingMerchant","floor":22,"turns":4},{"damage":0,"enemies":"Snake Plant","floor":25,"turns":2},{"damage":3,"enemies":"Snecko","floor":27,"turns":4},{"damage":0,"enemies":"Centurion and Healer","floor":28,"turns":3},{"damage":0,"enemies":"downfall:FleeingMerchant","floor":29,"turns":4},{"damage":38,"enemies":"Gremlin Leader","floor":31,"turns":5},{"damage":0,"enemies":"Sentry and Sphere","floor":32,"turns":1},{"damage":21,"enemies":"SI_MIRROR_ARCHETYPE","floor":33,"turns":9},{"damage":3,"enemies":"3 Shapes","floor":36,"turns":2},{"damage":0,"enemies":"3 Darklings","floor":39,"turns":6},{"damage":0,"enemies":"downfall:FleeingMerchant","floor":40,"turns":3},{"damage":6,"enemies":"Spire Growth","floor":45,"turns":4},{"damage":0,"enemies":"Nemesis","floor":48,"turns":5},{"damage":0,"enemies":"DF_ARCHETYPE_ORBS","floor":50,"turns":6}],"seed_played":"5287178835781713626","potions_obtained":[{"floor":2,"key":"Explosive Potion"},{"floor":9,"key":"Fire Potion"},{"floor":15,"key":"Swift Potion"},{"floor":16,"key":"Energy Potion"},{"floor":21,"key":"SpeedPotion"},{"floor":27,"key":"AttackPotion"},{"floor":28,"key":"FearPotion"},{"floor":31,"key":"DuplicationPotion"},{"floor":32,"key":"Fruit Juice"},{"floor":33,"key":"Fire Potion"},{"floor":36,"key":"DistilledChaos"},{"floor":45,"key":"BlessingOfTheForge"},{"floor":47,"key":"Fruit Juice"},{"floor":47,"key":"bronze:FreeFunctionsPotion"},{"floor":48,"key":"bronze:BurnAndBuffPotion"}],"is_trial":false,"path_per_floor":["R","M","?","?","?","E","T","R","E","R","M","E","?","?","M","B",null,"R","M","M","M","$","?","T","M","R","M","M","$","?","E","M","B",null,"R","M","?","?","M","$","T","R","$","?","M","?","?","E","R","B",null],"character_chosen":"THE_AUTOMATON","items_purchased":["Chemical X","Kunai","bronze:Backtrace","bronze:ChildClass","bronze:CableSpool","Toolbox","Blood Vial"],"campfire_rested":1,"item_purchase_floors":[22,22,22,22,40,40,40],"current_hp_per_floor":[70,70,70,63,63,54,54,54,43,64,64,64,61,60,60,50,60,60,60,60,60,58,58,58,60,60,57,60,60,60,29,34,20,65,65,65,65,57,64,65,65,65,65,65,59,59,64,70,70,70],"gold":17,"neow_bonus":"ONE_RANDOM_RARE_CARD","is_daily":false,"chose_seed":false,"campfire_upgraded":7,"win_rate":0.0,"timestamp":1613357292,"path_taken":["R","M","?","?","?","E","T","R","E","R","?","E","?","?","M","BOSS","R","M","M","M","$","?","T","?","R","M","M","$","?","E","M","BOSS","R","M","?","?","?","$","T","R","?","?","?","?","?","E","R","BOSS"],"items_purchased_type":["Relic","Relic","Card","Card","Relic","Relic","Relic"],"build_version":"2020-12-22","purchased_purges":1,"victory":true,"max_hp_per_floor":[70,70,70,70,70,70,70,70,70,70,70,70,70,60,60,60,60,60,60,60,60,60,60,60,60,60,60,60,60,60,60,65,65,65,65,65,65,65,65,65,65,65,65,65,65,65,70,70,70,70],"card_choices":[{"not_picked":["bronze:BronzeArmor","bronze:Optimize"],"picked":"bronze:CloningBeam","floor":2},{"not_picked":["bronze:Shell","bronze:Overload"],"picked":"bronze:DelayedSlice","floor":6},{"not_picked":["bronze:DarkDash","bronze:Deprecate"],"picked":"bronze:Backtrace","floor":9},{"not_picked":["bronze:Safeguard","bronze:Deprecate"],"picked":"bronze:DelayedGuard","floor":11},{"not_picked":["bronze:DigitalCarnage","bronze:CutThrough"],"picked":"bronze:SpaghettiCode","floor":12},{"not_picked":[],"picked":"bronze:Spike","floor":13},{"not_picked":[],"picked":"bronze:DazingPulse","floor":13},{"not_picked":[],"picked":"bronze:Explode","floor":13},{"not_picked":["bronze:DelayedSlice","bronze:WildBeam"],"picked":"bronze:FineTuning","floor":13},{"not_picked":["bronze:Iterate","bronze:FineTuning"],"picked":"bronze:ClassDefault","floor":15},{"not_picked":["bronze:BurnOut","bronze:ShipIt"],"picked":"bronze:FindAndReplace","floor":16},{"not_picked":[],"picked":"bronze:Repair","floor":19},{"not_picked":[],"picked":"bronze:ItsAFeature","floor":20},{"not_picked":["bronze:Shield+1"],"picked":"SKIP","floor":21},{"not_picked":[],"picked":"bronze:FollowUp+1","floor":22},{"not_picked":[],"picked":"bronze:Frontload","floor":25},{"not_picked":[],"picked":"bronze:MaxOutput+1","floor":27},{"not_picked":[],"picked":"bronze:FineTuning","floor":28},{"not_picked":[],"picked":"bronze:Allocate+1","floor":29},{"not_picked":["bronze:Branch"],"picked":"SKIP","floor":31},{"not_picked":["bronze:OilSpill"],"picked":"SKIP","floor":32},{"not_picked":[],"picked":"bronze:RecursiveStrike","floor":33},{"not_picked":[],"picked":"bronze:BuggyMess+1","floor":36},{"not_picked":[],"picked":"bronze:GetLatest+1","floor":39},{"not_picked":["bronze:CutThrough+1"],"picked":"SKIP","floor":40},{"not_picked":["bronze:DelayedGuard"],"picked":"SKIP","floor":45},{"not_picked":[],"picked":"bronze:DarkDash+1","floor":48}],"player_experience":26517,"relics_obtained":[{"floor":6,"key":"MealTicket"},{"floor":7,"key":"Bronze Scales"},{"floor":9,"key":"Happy Flower"},{"floor":12,"key":"Oddly Smooth Stone"},{"floor":24,"key":"Mercury Hourglass"},{"floor":31,"key":"PreservedInsect"},{"floor":41,"key":"Shuriken"},{"floor":48,"key":"Vajra"}],"event_choices":[{"damage_healed":0,"gold_gain":0,"player_choice":"Success","damage_taken":7,"relics_obtained":["Anchor"],"max_hp_gain":0,"max_hp_loss":0,"event_name":"Scrap Ooze","floor":4,"gold_loss":0},{"cards_removed":["bronze:ClassDefault"],"damage_healed":0,"gold_gain":0,"player_choice":"Removed Power","damage_taken":0,"max_hp_gain":0,"max_hp_loss":0,"event_name":"Falling","floor":46,"gold_loss":0},{"damage_healed":0,"gold_gain":0,"player_choice":"Got Potions","damage_taken":0,"max_hp_gain":0,"max_hp_loss":0,"event_name":"Lab","floor":47,"gold_loss":0}],"is_beta":false,"boss_relics":[{"not_picked":["Snecko Eye","Philosopher\u0027s Stone"],"picked":"Busted Crown"},{"not_picked":["Runic Pyramid","Velvet Choker"],"picked":"bronze:MakeshiftBattery"}],"items_purged_floors":[29],"is_endless":false,"potions_floor_spawned":[2,9,15,16,21,27,28,31,32,33,36,45,48],"ascension_level":0}}