{"host":"Cenci","time":1613397180,"event":{"mods":["BaseMod","Downfall","Highlight Path","Minty Spire (QoL Compilation)","StSLib"],"gold_per_floor":[199,199,219,219,73,83,106,135,35,46,78,90,90,90,102,199,199,199,209,228,247,257,282,308,323,337,137,156,156,156,175,191,295,295,295,309,322,25,25,43,43,43,62,97,97,116,116,116,126,126,126,157,5,5,5,5,5,5],"floor_reached":56,"language":"ENG","playtime":3518,"items_purged":["Decay"],"score":905,"play_id":"50536a0b-3025-49c1-b53a-27dad9c62308","local_time":"20210215145300","is_ascension_mode":true,"campfire_choices":[{"floor":1,"key":"RECALL"},{"data":"sneckomod:DiceBoulder","floor":9,"key":"SMITH"},{"data":"sneckomod:DiceBoulder+1","floor":13,"key":"SMITH"},{"data":"sneckomod:DiceBoulder+2","floor":18,"key":"SMITH"},{"data":"sneckomod:DiceBoulder+3","floor":27,"key":"SMITH"},{"data":"sneckomod:DiceBoulder+4","floor":29,"key":"SMITH"},{"data":"sneckomod:SerpentMind","floor":35,"key":"SMITH"},{"data":"sneckomod:SerpentMind","floor":45,"key":"SMITH"},{"data":"sneckomod:DiceBoulder+5","floor":47,"key":"SMITH"},{"data":"sneckomod:DiceBoulder+6","floor":54,"key":"SMITH"}],"circlet_count":0,"master_deck":["sneckomod:Strike","sneckomod:Strike","sneckomod:Strike","sneckomod:Defend","sneckomod:Defend","sneckomod:Defend","sneckomod:TailWhip","sneckomod:SnekBite","sneckomod:Unknown","sneckomod:RainOfDice","sneckomod:DiceBoulder+7","sneckomod:QuickBite","sneckomod:RainOfDice","sneckomod:IronFang","sneckomod:QuickMove","sneckomod:SerpentMind+1","sneckomod:SoulCleanse","sneckomod:UnknownBlock","sneckomod:IronFang","sneckomod:UnknownBlock","sneckomod:IronFang+1","sneckomod:RainOfDice+1","sneckomod:SerpentMind+1","sneckomod:UnknownCommonSkill","sneckomod:SoulDraw","sneckomod:TrashToTreasure+1","sneckomod:ImprovisedAttack+1","sneckomod:IronFang","sneckomod:SoulDraw","sneckomod:SnakeSap","sneckomod:UnknownStrength"],"relics":["sneckomod:SneckoSoul","downfall:ShatteredFragment","Boot","White Beast Statue","downfall:HeartBlessingRed","Sundial","Cursed Key","FossilizedHelix","downfall:HeartBlessingGreen","downfall:HeartBlessingBlue","MutagenicStrength","Coffee Dripper","sneckomod:LoadedDie","Girya","Toy Ornithopter"],"acts_visited":["Exordium","TheCity","TheBeyond","TheEnding"],"potions_floor_usage":[3,11,12,16,16,16,16,20,21,22,23,25,28,33,33,33,38,44,44,44,49,49,50,55],"damage_taken":[{"damage":7,"enemies":"Small Slimes","floor":3,"turns":2},{"damage":10,"enemies":"downfall:FleeingMerchant","floor":5,"turns":4},{"damage":0,"enemies":"Cultist","floor":6,"turns":2},{"damage":20,"enemies":"3 Sentries","floor":8,"turns":4},{"damage":0,"enemies":"2 Louse","floor":10,"turns":1},{"damage":8,"enemies":"Gremlin Nob","floor":11,"turns":3},{"damage":8,"enemies":"Blue Slaver","floor":12,"turns":2},{"damage":11,"enemies":"Lots of Slimes","floor":15,"turns":3},{"damage":4,"enemies":"SI_SHIV_ARCHETYPE","floor":16,"turns":4},{"damage":0,"enemies":"Shell Parasite","floor":19,"turns":2},{"damage":5,"enemies":"3 Byrds","floor":20,"turns":5},{"damage":23,"enemies":"Centurion and Healer","floor":21,"turns":4},{"damage":0,"enemies":"Snake Plant","floor":22,"turns":2},{"damage":22,"enemies":"Gremlin Leader","floor":23,"turns":5},{"damage":6,"enemies":"Chosen and Byrds","floor":25,"turns":4},{"damage":0,"enemies":"Centurion and Healer","floor":26,"turns":4},{"damage":17,"enemies":"Snake Plant","floor":28,"turns":4},{"damage":0,"enemies":"Cultist and Chosen","floor":31,"turns":5},{"damage":6,"enemies":"Shelled Parasite and Fungi","floor":32,"turns":2},{"damage":20,"enemies":"IC_MUSHROOM_ARCHETYPE","floor":33,"turns":5},{"damage":23,"enemies":"3 Darklings","floor":36,"turns":4},{"damage":1,"enemies":"3 Shapes","floor":37,"turns":4},{"damage":0,"enemies":"downfall:FleeingMerchant","floor":38,"turns":4},{"damage":8,"enemies":"Maw","floor":40,"turns":5},{"damage":21,"enemies":"3 Darklings","floor":43,"turns":4},{"damage":36,"enemies":"Reptomancer","floor":44,"turns":5},{"damage":0,"enemies":"Transient","floor":46,"turns":5},{"damage":0,"enemies":"Jaw Worm Horde","floor":49,"turns":2},{"damage":0,"enemies":"DF_ARCHETYPE_ORBS","floor":50,"turns":3},{"damage":33,"enemies":"downfall:CharBossMerchant","floor":52,"turns":8},{"damage":26,"enemies":"downfall:NeowBoss","floor":55,"turns":8},{"damage":53,"enemies":"downfall:NeowBossFinal","floor":56,"turns":5}],"seed_played":"-8631128797357809563","potions_obtained":[{"floor":2,"key":"CultistPotion"},{"floor":2,"key":"GamblersBrew"},{"floor":2,"key":"bronze:BurnAndBuffPotion"},{"floor":3,"key":"EntropicBrew"},{"floor":11,"key":"sneckomod:OffclassReductionPotion"},{"floor":12,"key":"sneckomod:MuddlingPotion"},{"floor":15,"key":"SkillPotion"},{"floor":16,"key":"DistilledChaos"},{"floor":20,"key":"sneckomod:CheatPotion"},{"floor":21,"key":"Strength Potion"},{"floor":22,"key":"Guardian:BlockOnCardUsePotion"},{"floor":23,"key":"Explosive Potion"},{"floor":25,"key":"sneckomod:MuddlingPotion"},{"floor":28,"key":"Guardian:BlockOnCardUsePotion"},{"floor":32,"key":"ColorlessPotion"},{"floor":33,"key":"sneckomod:MuddlingPotion"},{"floor":36,"key":"Weak Potion"},{"floor":37,"key":"SkillPotion"},{"floor":38,"key":"Dexterity Potion"},{"floor":44,"key":"SteroidPotion"},{"floor":46,"key":"SneckoOil"},{"floor":49,"key":"FearPotion"},{"floor":52,"key":"GamblersBrew"}],"is_trial":false,"path_per_floor":["R","?","M","?","$","M","T","E","R","M","E","M","R","?","M","B",null,"R","M","M","M","M","E","T","M","M","R","M","R","?","M","M","B",null,"R","M","M","$","?","M","T","?","M","E","R","M","R","?","M","B",null,"E","$","R","B","B"],"character_chosen":"THE_SNECKO","items_purchased":["sneckomod:DiceBoulder","sneckomod:QuickBite","sneckomod:LoadedDie","sneckomod:SoulDraw","sneckomod:SnakeSap","sneckomod:UnknownStrength"],"campfire_rested":0,"item_purchase_floors":[5,5,38,38,53,53],"current_hp_per_floor":[90,90,83,62,52,52,52,32,32,32,24,16,16,21,10,6,90,90,90,85,62,62,40,40,34,34,44,27,27,27,27,21,1,100,100,77,76,76,76,68,68,68,47,11,11,11,11,11,11,11,100,67,67,67,46,0,0,0],"gold":5,"neow_bonus":"HUNDRED_GOLD","is_daily":false,"chose_seed":false,"campfire_upgraded":9,"win_rate":0.0,"timestamp":1613397180,"path_taken":["R","?","?","?","$","M","T","E","R","M","E","M","R","?","M","BOSS","R","M","?","M","M","E","T","M","M","R","M","R","?","M","M","BOSS","R","M","M","$","?","M","T","?","M","E","R","?","R","?","M","BOSS","E","$","R","BOSS","BOSS"],"items_purchased_type":["Card","Card","Relic","Card","Card","Card"],"build_version":"2020-11-17","purchased_purges":1,"victory":false,"max_hp_per_floor":[90,90,90,90,90,90,90,90,90,90,90,90,90,90,90,90,90,90,90,90,90,90,90,90,90,90,100,100,100,100,100,100,100,100,100,100,100,100,100,100,100,100,100,100,100,100,100,100,100,100,100,100,100,100,100,100,100,100],"card_choices":[{"not_picked":["sneckomod:UnknownCommonSkill","sneckomod:UnknownDraw"],"picked":"sneckomod:WideSting","floor":3},{"not_picked":["sneckomod:SoulDraw","sneckomod:Rotation"],"picked":"sneckomod:RainOfDice","floor":5},{"not_picked":["sneckomod:Unknown1Cost","sneckomod:UnknownCommonSkill"],"picked":"sneckomod:RainOfDice","floor":6},{"not_picked":["sneckomod:Unknown0Cost","sneckomod:DangerNoodle","sneckomod:UnknownRarePower"],"picked":"SKIP","floor":8},{"not_picked":["sneckomod:UnknownCommonSkill","sneckomod:SoulRoll","sneckomod:DiceBlock"],"picked":"SKIP","floor":10},{"not_picked":["sneckomod:WideSting","sneckomod:UnknownCommonAttack","sneckomod:DiceBoulder"],"picked":"SKIP","floor":11},{"not_picked":["sneckomod:SerpentIdol","sneckomod:UnknownCommonSkill"],"picked":"sneckomod:IronFang","floor":12},{"not_picked":["sneckomod:Unknown2Cost","sneckomod:UnknownColorless"],"picked":"sneckomod:QuickMove","floor":15},{"not_picked":["sneckomod:Unknown3Cost","sneckomod:UnknownBoss"],"picked":"sneckomod:SerpentMind","floor":16},{"not_picked":["sneckomod:SoulRoll","sneckomod:DiceCrush+1"],"picked":"sneckomod:SoulCleanse","floor":19},{"not_picked":["sneckomod:CheapStock","sneckomod:UnknownDexterity","sneckomod:UnknownStrength"],"picked":"SKIP","floor":20},{"not_picked":["sneckomod:SlitherStrike+1","sneckomod:WideSting","sneckomod:SoulDraw"],"picked":"SKIP","floor":21},{"not_picked":["sneckomod:UnknownClassGUARDIAN","sneckomod:SlitherStrike"],"picked":"sneckomod:UnknownBlock","floor":22},{"not_picked":["sneckomod:UnknownClassGUARDIAN","sneckomod:Memorize+1","sneckomod:SoulRoll"],"picked":"SKIP","floor":23},{"not_picked":["sneckomod:SoulCleanse","sneckomod:UnknownExhaust+1"],"picked":"sneckomod:IronFang","floor":25},{"not_picked":["sneckomod:UnknownColorless","sneckomod:UnknownClassGUARDIAN"],"picked":"sneckomod:UnknownBlock","floor":26},{"not_picked":["sneckomod:UnknownVulnerable","sneckomod:UnknownClassPURPLE"],"picked":"sneckomod:IronFang+1","floor":28},{"not_picked":["sneckomod:ImprovisedAttack","sneckomod:SoulRoll"],"picked":"sneckomod:RainOfDice+1","floor":31},{"not_picked":["sneckomod:SoulRoll","sneckomod:PureSnecko+1","sneckomod:UnknownStrength"],"picked":"SKIP","floor":32},{"not_picked":["sneckomod:DangerNoodle","sneckomod:UnknownRareSkill"],"picked":"sneckomod:SerpentMind","floor":33},{"not_picked":["sneckomod:DiceCrush","sneckomod:UnknownClassPURPLE+1","sneckomod:SoulRoll+1"],"picked":"SKIP","floor":36},{"not_picked":["sneckomod:UnknownX","sneckomod:SlitherStrike+1"],"picked":"sneckomod:UnknownCommonSkill","floor":37},{"not_picked":["sneckomod:TrashToTreasure+1","sneckomod:UnknownClassPURPLE","sneckomod:CheapStock+1"],"picked":"SKIP","floor":38},{"not_picked":["sneckomod:UnknownClassHEXA_GHOST_PURPLE","sneckomod:UnendingSupply"],"picked":"sneckomod:TrashToTreasure+1","floor":40},{"not_picked":["sneckomod:SoulCleanse","sneckomod:UnknownCommonSkill+1"],"picked":"sneckomod:ImprovisedAttack+1","floor":43},{"not_picked":["sneckomod:Unknown3Cost","sneckomod:UnknownClassGUARDIAN+1"],"picked":"sneckomod:IronFang","floor":44},{"not_picked":["sneckomod:UnknownClassPURPLE","sneckomod:QuickBite"],"picked":"sneckomod:SoulDraw","floor":46},{"not_picked":["sneckomod:SoulRoll","sneckomod:QuickBite","sneckomod:CheapStock"],"picked":"SKIP","floor":49},{"not_picked":["sneckomod:DangerNoodle","sneckomod:UnknownClassGUARDIAN+1","sneckomod:MixItUp+1"],"picked":"SKIP","floor":52}],"player_experience":323027,"relics_obtained":[{"floor":7,"key":"Boot"},{"floor":8,"key":"White Beast Statue"},{"floor":11,"key":"Sundial"},{"floor":23,"key":"FossilizedHelix"},{"floor":44,"key":"Girya"},{"floor":52,"key":"Toy Ornithopter"}],"event_choices":[{"damage_healed":0,"gold_gain":0,"player_choice":"Got Potions","damage_taken":0,"max_hp_gain":0,"max_hp_loss":0,"event_name":"Lab","floor":2,"gold_loss":0},{"cards_removed":["sneckomod:WideSting"],"damage_healed":5,"gold_gain":0,"player_choice":"Offered Common","damage_taken":0,"max_hp_gain":0,"max_hp_loss":0,"event_name":"Bonfire Elementals","floor":14,"gold_loss":0},{"cards_removed":["sneckomod:WideSting"],"damage_healed":5,"gold_gain":0,"player_choice":"Offered Special","damage_taken":0,"max_hp_gain":0,"max_hp_loss":0,"event_name":"Bonfire Elementals","floor":14,"gold_loss":0},{"damage_healed":0,"gold_gain":0,"player_choice":"Inject Mutagens","damage_taken":0,"relics_obtained":["MutagenicStrength"],"max_hp_gain":0,"max_hp_loss":0,"event_name":"Drug Dealer","floor":30,"gold_loss":0},{"cards_removed":["sneckomod:Unknown"],"damage_healed":0,"gold_gain":0,"player_choice":"Removed Skill","damage_taken":0,"max_hp_gain":0,"max_hp_loss":0,"event_name":"Falling","floor":39,"gold_loss":0}],"is_beta":true,"boss_relics":[{"not_picked":["Velvet Choker","sneckomod:SneckoBoss"],"picked":"Cursed Key"},{"not_picked":["Calling Bell","Tiny House"],"picked":"Coffee Dripper"}],"items_purged_floors":[38],"is_endless":false,"potions_floor_spawned":[3,6,10,11,12,15,16,19,20,21,22,23,25,26,28,31,32,33,36,37,38,40,43,44,46,49,52],"killed_by":"downfall:NeowBossFinal","ascension_level":3}}