{"host":"1ooxfz79hmpvpehx","time":1613431035,"event":{"mods":["BaseMod","Better Altar","Better Match","Better Note","Better Sensory Stone","Better Skull","Better Third Choice","Infinite Spire","Marked Mod","Minty Spire (QoL Compilation)","Quick Restart","RNG Fix","Replay The Spire","StSLib","SuperFastMode"],"gold_per_floor":[119,119,133,113,113,113,147,147,147,147,178,103,134,34,34,229,229,276,276,276,379,454,571,571,695,695,781,874,992,305,220,220,497,497,513,513,669,669,864,942,942,942,942,942,972,1272,1327,1415,1415,1567,1567,1584,1584,1174,1174,497,606,606,642,695,715,715,715,782,847,847,1063,1063,1091,1091,1098,1169,583,657,655,152,152,152,153,199,199,207,207,356,356,389,457,459,459,504,559,72,165,165,214,283,314,314,314,314,499,499,499],"floor_reached":102,"language":"ENG","playtime":3221,"items_purged":["Defend_B","Strike_B","Dualcast","Gash","ReplayTheSpireMod:??????????????????????","Gash","Meteor Strike","Hologram+1","Zap+1","Creative AI+1","Shame"],"score":2606,"play_id":"898f866d-6e07-4264-bc68-ec5f09d8541c","local_time":"20210215201715","is_ascension_mode":true,"campfire_choices":[{"data":"Streamline","floor":6.0,"key":"SMITH"},{"data":"Hologram","floor":8.0,"key":"SMITH"},{"data":"Zap","floor":10.0,"key":"SMITH"},{"floor":15.0,"key":"DIG"},{"data":"ReplayTheSpireMod:Omega Cannon","floor":24.0,"key":"SMITH"},{"floor":32.0,"key":"RECALL"},{"data":"Hologram","floor":41.0,"key":"SMITH"},{"data":"Seek","floor":42.0,"key":"SMITH"},{"data":"Seek","floor":44.0,"key":"SMITH"},{"data":"1","floor":58.0,"key":"LIFT"},{"data":"Flash of Steel","floor":63.0,"key":"SMITH"},{"data":"Streamline+1","floor":66.0,"key":"PURGE"},{"data":"2","floor":81.0,"key":"LIFT"},{"data":"3","floor":83.0,"key":"LIFT"},{"data":"Reboot","floor":98,"key":"SMITH"},{"floor":100,"key":"DIG"}],"circlet_count":0,"master_deck":["BootSequence","ReplayTheSpireMod:Omega Cannon+1","Hologram+1","Seek+1","Storm+1","Capacitor+1","Heatsinks+1","Mayhem+1","Static Discharge+1","Seek+1","Specialist+1","Static Discharge+1","Skim+1","infinitespire:Starlight+1","Reboot+1","Amplify","CurseOfTheBell","Flash of Steel+1","Heatsinks+1","infinitespire:UltimateForm+1","Echo Form+1","Machine Learning+1","Crystallizer+1","ReplayUltimateDefense+1","Specialist+1","Electrodynamics+1","Biased Cognition+1","Buffer+1"],"relics":["Cracked Core","Incense Burner","Pen Nib","Pet Ghost","Question Card","Toy Ornithopter","Frozen Egg 2","Replay:Bandana","Replay:Grab Bag","Runic Dome","ReplayTheSpireMod:Onyx Gauntlets","Empty Cage","Replay:Drink Me","PreservedInsect","Blue Doll","infinitespire:Satchel","Replay:Accelerometer","ClockworkSouvenir","infinitespire:Eraser","Black Star","Ancient Tea Set","WingedGreaves","Pantograph","Turnip","Happy Flower","Old Coin","Replay:Rubber Ducky","infinitespire:Beetle Shell","Calling Bell","Boot","infinitespire:BottledMercury","Girya","infinitespire:Freezer","infinitespire:Midas Blood","Cables","Bronze Scales","Bag of Marbles","Replay:Baseball","Gremlin Food","infinitespire:SolderingIron","Philosopher\u0027s Stone","Omamori","Potion Belt","Replay:Bottled Eggs","infinitespire:CheckeredPen","Solar Panel","Quantum Egg","Letter Opener","Anchor","Lantern","infinitespire:EvilPickle","Replay:Ancient Bell","Vajra","Mummified Hand","infinitespire:Joker Card","Replay:Frozen Program","Snack Pack","FossilizedHelix","ReplayTheSpireMod:Ninjato","Symbiotic Virus","Tiny Chest","infinitespire:ShieldingShard","Calipers","infinitespire:EmpoweringShard","Ring of Chaos"],"acts_visited":["Exordium","TheCity","TheBeyond","Exordium","TheCity","TheBeyond","Exordium"],"potions_floor_usage":[101,101,101,101],"damage_taken":[{"damage":3.0,"enemies":"2 Louse","floor":1.0,"turns":2.0},{"damage":4.0,"enemies":"Small Slimes","floor":3.0,"turns":3.0},{"damage":14.0,"enemies":"Gremlin Nob","floor":7.0,"turns":3.0},{"damage":10.0,"enemies":"Lagavulin","floor":11.0,"turns":5.0},{"damage":0.0,"enemies":"3 Sentries","floor":13.0,"turns":2.0},{"damage":17.0,"enemies":"Hexaghost","floor":16.0,"turns":8.0},{"damage":0.0,"enemies":"Spheric Guardian","floor":18.0,"turns":2.0},{"damage":0.0,"enemies":"3 Byrds","floor":21.0,"turns":1.0},{"damage":0.0,"enemies":"Snecko","floor":22.0,"turns":2.0},{"damage":0.0,"enemies":"3 Cultists","floor":23.0,"turns":1.0},{"damage":0.0,"enemies":"Replay:Snechameleon","floor":25.0,"turns":2.0},{"damage":6.0,"enemies":"Nightmare","floor":27.0,"turns":3.0},{"damage":0.0,"enemies":"Shelled Parasite and Fungi","floor":28.0,"turns":2.0},{"damage":0.0,"enemies":"Replay:Snechameleon","floor":29.0,"turns":4.0},{"damage":0.0,"enemies":"Automaton","floor":33.0,"turns":4.0},{"damage":10.0,"enemies":"Orb Walker","floor":35.0,"turns":2.0},{"damage":0.0,"enemies":"3 Darklings","floor":37.0,"turns":2.0},{"damage":0.0,"enemies":"Transient","floor":39.0,"turns":5.0},{"damage":6.0,"enemies":"R_Hoarder","floor":40.0,"turns":2.0},{"damage":4.0,"enemies":"Nemesis","floor":45.0,"turns":1.0},{"damage":22.0,"enemies":"Writhing Mass","floor":47.0,"turns":3.0},{"damage":13.0,"enemies":"Nightmare","floor":48.0,"turns":2.0},{"damage":9.0,"enemies":"Time Eater","floor":50.0,"turns":4.0},{"damage":0.0,"enemies":"Jaw Worm","floor":52.0,"turns":2.0},{"damage":0.0,"enemies":"3 Sentries","floor":57.0,"turns":1.0},{"damage":0.0,"enemies":"Small Slimes","floor":59.0,"turns":1.0},{"damage":0.0,"enemies":"Cultist","floor":61.0,"turns":1.0},{"damage":0.0,"enemies":"Lagavulin","floor":64.0,"turns":2.0},{"damage":0.0,"enemies":"Large Slime","floor":65.0,"turns":1.0},{"damage":0.0,"enemies":"Fading Forest","floor":67.0,"turns":4.0},{"damage":0.0,"enemies":"Shell Parasite","floor":69.0,"turns":1.0},{"damage":0.0,"enemies":"Chosen","floor":71.0,"turns":2.0},{"damage":0.0,"enemies":"3 Cultists","floor":72.0,"turns":2.0},{"damage":17.0,"enemies":"Slavers","floor":74.0,"turns":2.0},{"damage":0.0,"enemies":"Centurion and Healer","floor":75.0,"turns":1.0},{"damage":0.0,"enemies":"Snake Plant","floor":79.0,"turns":1.0},{"damage":0.0,"enemies":"Gremlin Leader","floor":80.0,"turns":2.0},{"damage":0.0,"enemies":"Snecko","floor":82.0,"turns":2.0},{"damage":0.0,"enemies":"Pondfish","floor":84.0,"turns":2.0},{"damage":0.0,"enemies":"Orb Walker","floor":86.0,"turns":2.0},{"damage":0.0,"enemies":"3 Darklings","floor":87.0,"turns":2.0},{"damage":0,"enemies":"Transient","floor":90,"turns":1},{"damage":0,"enemies":"Nemesis","floor":91,"turns":1},{"damage":0,"enemies":"Jaw Worm Horde","floor":93,"turns":1},{"damage":0,"enemies":"R_Hoarder","floor":95,"turns":2},{"damage":0,"enemies":"Spire Growth","floor":96,"turns":2},{"damage":0,"enemies":"4 Shapes","floor":97,"turns":2},{"damage":0,"enemies":"Time Eater","floor":101,"turns":3}],"seed_played":"-4634741078509116091","potions_obtained":[{"floor":3.0,"key":"FearPotion"},{"floor":4.0,"key":"Explosive Potion"},{"floor":13.0,"key":"Dexterity Potion"},{"floor":18.0,"key":"SpeedPotion"},{"floor":22.0,"key":"infinitespire:BlackPotion"},{"floor":25.0,"key":"Fire Potion"},{"floor":37.0,"key":"SteroidPotion"},{"floor":38.0,"key":"FocusPotion"},{"floor":38.0,"key":"FocusPotion"},{"floor":40.0,"key":"PowerPotion"},{"floor":48.0,"key":"PowerPotion"},{"floor":52.0,"key":"FearPotion"},{"floor":55.0,"key":"LifebloodPotion"},{"floor":55.0,"key":"Fruit Juice"},{"floor":55.0,"key":"Languid Potion"},{"floor":59.0,"key":"Strength Potion"},{"floor":69.0,"key":"Block Potion"},{"floor":71.0,"key":"Explosive Potion"},{"floor":75.0,"key":"FearPotion"},{"floor":84.0,"key":"LiquidMemories"},{"floor":86.0,"key":"Explosive Potion"},{"floor":93,"key":"FearPotion"},{"floor":96,"key":"Energy Potion"},{"floor":97,"key":"Energy Potion"},{"floor":101,"key":"LiquidBronze"}],"is_trial":false,"path_per_floor":["M","?","M","?","?","R","E","R","T","R","E","$","E","$","R","B",null,"M","?","AVR","M","M","M","R","E","T","NM","M","E","$","?","R","B",null,"M","?","M","?","M","E","R","R","T","R","E","AVR","M","NM","R","B",null,"M","?","$","?","$","E","R","M","T","M","AVR","R","E","M","R","B",null,"M","?","M","M","$","E","M","$","T","?","M","E","R","M","R","B",null,"M","M","?","AVR","M","E","$","M","T","E","M","M","R","T","R","B",null],"character_chosen":"DEFECT","items_purchased":["Mayhem+1","Static Discharge+1","ClockworkSouvenir","Seek","Specialist+1","Flash of Steel","infinitespire:Freezer","Heatsinks+1","infinitespire:Midas Blood","Cables","Omamori","ReplayUltimateDefense+1","Specialist+1","infinitespire:CheckeredPen","Solar Panel","ReplayTheSpireMod:Ninjato"],"campfire_rested":0,"item_purchase_floors":[30,30,30,30,30,54,54,54,56,56,73,73,73,76,76,92],"current_hp_per_floor":[65,65,61,61,54,54,40,40,40,40,30,30,35,35,35,23,51,51,51,51,51,51,51,51,51,51,45,45,45,45,45,45,45,51,41,41,41,41,41,40,40,40,40,40,36,36,14,6,21,42,51,51,51,51,56,56,56,56,56,56,56,56,56,56,56,56,56,56,56,56,56,56,56,39,39,39,39,39,55,56,56,56,56,56,56,56,56,42,42,44,56,56,56,56,56,56,56,56,56,56,56,56,56],"gold":499,"neow_bonus":"ONE_RARE_RELIC","is_daily":false,"chose_seed":false,"campfire_upgraded":9,"win_rate":0.0,"timestamp":1613431035,"path_taken":["M","?","M","?","?","R","E","R","T","R","E","$","E","$","R","BOSS","M","?","AVR","M","M","?","R","E","T","NM","M","E","$","?","R","BOSS","M","?","?","?","M","E","R","R","T","R","E","AVR","M","NM","R","BOSS","M","?","$","?","?","E","R","?","T","M","AVR","R","E","M","R","BOSS","M","?","M","M","$","E","M","$","T","?","M","E","R","M","R","BOSS","M","M","?","AVR","?","E","$","M","T","E","M","M","R","?","R","BOSS"],"items_purchased_type":["Card","Card","Relic","Card","Card","Card","Relic","Card","Relic","Relic","Relic","Card","Card","Relic","Relic","Relic"],"build_version":"2020-12-22","purchased_purges":11,"victory":false,"max_hp_per_floor":[68,68,68,68,68,68,68,68,68,68,68,68,68,68,68,68,51,51,51,51,51,51,51,51,51,51,51,51,51,51,51,51,51,51,51,51,51,51,51,51,51,51,51,51,51,51,51,51,51,51,51,51,51,51,56,56,56,56,56,56,56,56,56,56,56,56,56,56,56,56,56,56,56,56,56,56,56,56,56,56,56,56,56,56,56,56,56,56,56,56,56,56,56,56,56,56,56,56,56,56,56,56,56],"card_choices":[{"not_picked":["ReplaySort","Conserve Battery"],"picked":"Hologram","floor":1.0},{"not_picked":["Genetic Algorithm","Chill"],"picked":"Streamline","floor":3.0},{"not_picked":["Fission","Double Energy"],"picked":"BootSequence","floor":7.0},{"not_picked":["Leap","Skim","Coolheaded"],"picked":"ReplayTheSpireMod:Omega Cannon","floor":11.0},{"not_picked":["Cold Snap","Reinforced Body","Go for the Eyes"],"picked":"Hologram","floor":13.0},{"not_picked":["Mirror Shield","Amplify","Rainbow"],"picked":"Seek","floor":16.0},{"not_picked":["Streamline","Go for the Eyes","White Noise"],"picked":"Storm+1","floor":18.0},{"not_picked":["Redo","Panic Button","Hologram","Stack+1"],"picked":"SKIP","floor":21.0},{"not_picked":["ReplayTheSpireMod:Repulse+1","Glacier","Go for the Eyes+1"],"picked":"Gash","floor":22.0},{"not_picked":["Thunder Strike","Recycle","Streamline"],"picked":"Gash","floor":23.0},{"not_picked":["Conserve Battery","Compile Driver+1","Steam Power"],"picked":"Meteor Strike","floor":25.0},{"not_picked":["BasicCrystalCard","Thunder Strike","Conserve Battery"],"picked":"Capacitor+1","floor":27.0},{"not_picked":["Ball Lightning","Conserve Battery","Steam","Panic Button"],"picked":"SKIP","floor":28.0},{"not_picked":["Core Surge","Redo","Melter"],"picked":"Heatsinks+1","floor":29.0},{"not_picked":["Mirror Shield","Rainbow","Fission"],"picked":"Creative AI+1","floor":33.0},{"not_picked":["Turbo+1","Compile Driver","Tempest+1"],"picked":"Static Discharge+1","floor":35.0},{"not_picked":["Coolheaded","Time Bomb","ReplayGash","Multi-Cast"],"picked":"SKIP","floor":37.0},{"not_picked":["Leap","Hello World+1","Chaos+1","Compile Driver+1"],"picked":"SKIP","floor":39.0},{"not_picked":["ReplayGash+1","ReplayTheSpireMod:Repulse","Rebound+1","Compile Driver+1"],"picked":"SKIP","floor":40.0},{"not_picked":["Steam+1","Static Discharge+1","Turbo+1"],"picked":"Skim+1","floor":45.0},{"not_picked":["Hologram+1","Sweeping Beam+1","Gash+1","Tempest"],"picked":"SKIP","floor":47.0},{"not_picked":["ReplayTheSpireMod:Black Plague","infinitespire:Oblivion"],"picked":"infinitespire:Starlight","floor":48.0},{"not_picked":["Conserve Battery","Leap","Streamline"],"picked":"Reboot","floor":48.0},{"not_picked":["ReplayTheSpireMod:Omega Cannon","Machine Learning+1","Creative AI+1"],"picked":"Amplify","floor":50.0},{"not_picked":["ReplayGash","Doom and Gloom","Leap","ReplayTheSpireMod:System Scan"],"picked":"SKIP","floor":52.0},{"not_picked":["ReplayTheSpireMod:GoodbyeWorld+1","Rebound","Genetic Algorithm","Auto Shields"],"picked":"SKIP","floor":57.0},{"not_picked":["Melter","Go for the Eyes","ReplaySort","White Noise"],"picked":"SKIP","floor":59.0},{"not_picked":["BasicCrystalCard","Reprogram","Hologram","ReplayTheSpireMod:GoodbyeWorld+1"],"picked":"SKIP","floor":61.0},{"not_picked":["Cold Snap","Force Field","Rip and Tear"],"picked":"Echo Form+1","floor":64.0},{"not_picked":["Barrage","Rebound","Cold Snap","Steam"],"picked":"SKIP","floor":65.0},{"not_picked":["Fission","Seek","Rainbow"],"picked":"Machine Learning+1","floor":67.0},{"not_picked":["Scrape","Hologram","Genetic Algorithm","Stack+1"],"picked":"SKIP","floor":69.0},{"not_picked":["Go for the Eyes","Capacitor+1","Scrape"],"picked":"Crystallizer+1","floor":71.0},{"not_picked":["Leap","Tempest","Beam Cell","Barrage"],"picked":"SKIP","floor":72.0},{"not_picked":["BasicCrystalCard","Compile Driver","ReplaySolidLightProjector"],"picked":"Electrodynamics+1","floor":74.0},{"not_picked":["Barrage+1","Ball Lightning","Sweeping Beam+1","ReplayTheSpireMod:System Scan"],"picked":"SKIP","floor":75.0},{"not_picked":["Streamline","Aggregate","BasicCrystalCard","Turbo"],"picked":"SKIP","floor":79.0},{"not_picked":["Streamline","Coolheaded","Static Discharge+1","Panic Button+1"],"picked":"SKIP","floor":80.0},{"not_picked":["Skim","Auto Shields","Leap","Barrage"],"picked":"SKIP","floor":82.0},{"not_picked":["All For One","Mirror Shield","Rainbow"],"picked":"Biased Cognition+1","floor":84.0},{"not_picked":["AbeCurse","Shame","Parasite"],"picked":"CurseOfTheBell","floor":85.0},{"not_picked":["infinitespire:Pacifist","Pain","Writhe"],"picked":"betterMatch:CurseCard","floor":85.0},{"not_picked":["Pain","AbeCurse","infinitespire:Pacifist"],"picked":"Shame","floor":85.0},{"not_picked":["ReplayTheSpireMod:Repulse+1","Rebound","Stack+1","Conserve Battery"],"picked":"SKIP","floor":86.0},{"not_picked":["Stack+1","Conserve Battery+1","Gash","Leap"],"picked":"SKIP","floor":87.0},{"not_picked":["infinitespire:FutureSight","infinitespire:Starlight"],"picked":"infinitespire:SealOfDarkness+","floor":88.0},{"not_picked":["Barrage","Rainbow","Hello World+1","Gash+1"],"picked":"SKIP","floor":90},{"not_picked":["Steam+1","Force Field","Sweeping Beam","Tempest+1"],"picked":"SKIP","floor":91},{"not_picked":["Self Repair+1","Cold Snap","Static Discharge+1","Reinforced Body+1"],"picked":"SKIP","floor":93},{"not_picked":["Compile Driver+1","FIFO Queue+1","Beam Cell+1","Sunder"],"picked":"SKIP","floor":95},{"not_picked":["Chaos+1","Conserve Battery+1","Fission","Cold Snap+1"],"picked":"SKIP","floor":96},{"not_picked":["Hello World+1","Fusion+1","Go for the Eyes+1","Conserve Battery+1"],"picked":"SKIP","floor":97},{"not_picked":["All For One","Seek","ReplayRNGCard"],"picked":"Buffer+1","floor":101}],"player_experience":34575,"relics_obtained":[{"floor":2.0,"key":"Pen Nib"},{"floor":7.0,"key":"Pet Ghost"},{"floor":9.0,"key":"Question Card"},{"floor":11.0,"key":"Toy Ornithopter"},{"floor":13.0,"key":"Frozen Egg 2"},{"floor":15.0,"key":"Replay:Bandana"},{"floor":25.0,"key":"Blue Doll"},{"floor":27.0,"key":"infinitespire:Satchel"},{"floor":29.0,"key":"Replay:Accelerometer"},{"floor":40.0,"key":"Ancient Tea Set"},{"floor":40.0,"key":"WingedGreaves"},{"floor":43.0,"key":"Pantograph"},{"floor":45.0,"key":"Turnip"},{"floor":45.0,"key":"Happy Flower"},{"floor":48.0,"key":"Replay:Rubber Ducky"},{"floor":48.0,"key":"infinitespire:Beetle Shell"},{"floor":51.0,"key":"Boot"},{"floor":51.0,"key":"infinitespire:BottledMercury"},{"floor":51.0,"key":"Girya"},{"floor":57.0,"key":"Bronze Scales"},{"floor":57.0,"key":"Bag of Marbles"},{"floor":60.0,"key":"Replay:Baseball"},{"floor":64.0,"key":"Gremlin Food"},{"floor":64.0,"key":"infinitespire:SolderingIron"},{"floor":74.0,"key":"Potion Belt"},{"floor":74.0,"key":"Replay:Bottled Eggs"},{"floor":77.0,"key":"Quantum Egg"},{"floor":80.0,"key":"Anchor"},{"floor":80.0,"key":"Lantern"},{"floor":91,"key":"Snack Pack"},{"floor":91,"key":"FossilizedHelix"},{"floor":94,"key":"Symbiotic Virus"},{"floor":95,"key":"Tiny Chest"},{"floor":95,"key":"infinitespire:ShieldingShard"},{"floor":99,"key":"Calipers"},{"floor":100,"key":"infinitespire:EmpoweringShard"}],"event_choices":[{"damage_healed":0.0,"max_hp_gain":0.0,"max_hp_loss":0.0,"gold_gain":0.0,"event_name":"The Woman in Blue","player_choice":"Bought 1 Potion","floor":4.0,"gold_loss":0.0,"damage_taken":0.0},{"cards_removed":["Defend_B"],"damage_healed":0.0,"max_hp_gain":0.0,"max_hp_loss":0.0,"gold_gain":0.0,"event_name":"Golden Wing","player_choice":"Card Removal","floor":5.0,"gold_loss":0.0,"damage_taken":7.0},{"cards_removed":["Dualcast"],"damage_healed":0.0,"max_hp_gain":0.0,"max_hp_loss":0.0,"gold_gain":0.0,"event_name":"betterNote:BetterNote","player_choice":"Give","floor":19.0,"gold_loss":0.0,"damage_taken":0.0,"cards_obtained":["None"]},{"damage_healed":0.0,"max_hp_gain":0.0,"max_hp_loss":0.0,"gold_gain":0.0,"event_name":"Addict","player_choice":"Obtained Relic","floor":31.0,"gold_loss":85.0,"damage_taken":0.0,"relics_obtained":["infinitespire:Eraser"]},{"damage_healed":0.0,"max_hp_gain":0.0,"max_hp_loss":0.0,"gold_gain":0.0,"event_name":"Tomb of Lord Red Mask","player_choice":"Ignored","floor":36.0,"gold_loss":0.0,"damage_taken":0.0},{"damage_healed":0.0,"max_hp_gain":0.0,"max_hp_loss":0.0,"gold_gain":0.0,"event_name":"Lab","player_choice":"Got Potions","floor":38.0,"gold_loss":0.0,"damage_taken":0.0},{"damage_healed":0.0,"max_hp_gain":0.0,"max_hp_loss":0.0,"gold_gain":4.0,"event_name":"betterStone:BetterStone","player_choice":"1","floor":53.0,"gold_loss":0.0,"damage_taken":0.0},{"damage_healed":0.0,"max_hp_gain":0.0,"max_hp_loss":0.0,"gold_gain":0.0,"event_name":"Lab","player_choice":"Got Potions","floor":55.0,"gold_loss":0.0,"damage_taken":0.0},{"damage_healed":0.0,"max_hp_gain":0.0,"max_hp_loss":0.0,"gold_gain":0.0,"event_name":"The Mausoleum","player_choice":"Opened","floor":78.0,"gold_loss":0.0,"damage_taken":0.0,"relics_obtained":["Letter Opener"]}],"is_beta":false,"boss_relics":[{"not_picked":["Abe\u0027s Treasure","Ring of Chaos"],"picked":"Replay:Grab Bag"},{"not_picked":["ReplayTheSpireMod:DimensionalGlitch","Ectoplasm"],"picked":"Runic Dome"},{"not_picked":["Replay:Wanted Poster","Philosopher\u0027s Stone"],"picked":"ReplayTheSpireMod:Onyx Gauntlets"},{"not_picked":["FrozenCore","Snecko Eye"],"picked":"Empty Cage"},{"not_picked":["Kintsugi","Inserter"],"picked":"Replay:Drink Me"},{"not_picked":["Sozu","Nuclear Battery"],"picked":"Black Star"},{"not_picked":["ChewingGum","Astrolabe"],"picked":"Calling Bell"},{"not_picked":["ReplayTheSpireMod:SealedPack","FrozenCore"],"picked":"Philosopher\u0027s Stone"},{"not_picked":["Fusion Hammer","SlaversCollar"],"picked":"Replay:Ancient Bell"},{"not_picked":["infinitespire:PuzzleCube","Regal Pillow"],"picked":"Vajra"},{"not_picked":["Eternal Feather","Replay:Bottled Steam"],"picked":"Mummified Hand"},{"not_picked":["Ice Cream","Gambling Chip"],"picked":"infinitespire:Joker Card"},{"not_picked":["Runic Pyramid","infinitespire:Cupcake"],"picked":"Ring of Chaos"}],"items_purged_floors":[12,14,20,30,46,54,56,62,73,89,92],"is_endless":true,"potions_floor_spawned":[3,13,18,22,25,37,40,48,52,59,61,69,71,75,84,86,93,96,97,101],"ascension_level":1}}