{"host":"raai0vtvcfkt8csp","time":1613421219,"event":{"mods":["2.2 Compatiblity","BaseMod","Beaked The Cultist","Block Reminder","Booster Modes","Clockwork Mod","Custom Start","DeckTracker","Defective Defect","Defuse TimeMaze Blight","Dio Mod","GifTheSpireLib","Infinite Spire","Minty Spire (QoL Compilation)","Quick Restart","Random Character Button","Rare Cards Sparkle","StSLib","The Marked","Unceasing Turn Reminder"],"gold_per_floor":[111,111,111,122,147,180,180,211,211,226,252,271,271,285,285,388,388,401,401,415,437,437,474,474,488,488,506,47,91,101,131,143,257,269,294,321,353,382,413,425,454,484,575,621,633,645,685,710,722,740,752,764,631,664,806],"floor_reached":56,"language":"ENG","playtime":7671,"items_purged":[],"score":1473,"play_id":"58f40fcc-df7b-4379-a20f-6010b211f66d","local_time":"20210215213339","is_ascension_mode":true,"campfire_choices":[{"data":"Buffer","floor":7,"key":"SMITH"},{"data":"Consume","floor":15,"key":"SMITH"},{"floor":32,"key":"RECALL"},{"data":"infinitespire:UltimateForm","floor":40,"key":"SMITH"},{"data":"Amplify","floor":45,"key":"SMITH"},{"data":"infinitespire:Collect","floor":49,"key":"SMITH"},{"data":"Creative AI","floor":52,"key":"SMITH"}],"circlet_count":0,"master_deck":["Strike_B","Defend_B","Defend_B","Defend_B","Defend_B","Zap","Dualcast","Sweeping Beam+1","Fission+1","Scrape+1","Darkness","Cold Snap","Buffer+1","Consume+1","Go for the Eyes","Conserve Battery","BootSequence","Conserve Battery","Electrodynamics","White Noise","Self Repair","Doom and Gloom","Leap","BootSequence","infinitespire:UltimateForm+1","infinitespire:Collect+1","Loop","Gash","Heatsinks","Go for the Eyes","Beam Cell","Self Repair","Loop+1","Creative AI+1","Amplify+1","Gash","Lockon+1","Aggregate+1","Chill","Conserve Battery","Stack+1","Fission","Stack+1","Buffer"],"relics":["Astrolabe","infinitespire:Cubic Diamond","Question Card","infinitespire:EmpoweringShard","infinitespire:Midas Blood","Pocketwatch","Philosopher\u0027s Stone","InkBottle","Anchor","infinitespire:Cupcake","infinitespire:CheckeredPen","infinitespire:Satchel","OrangePellets","Strawberry","MawBank","Nuclear Battery","infinitespire:ShieldingShard","infinitespire:Joker Card","Bag of Marbles","Bottled Flame","ClockworkSouvenir","infinitespire:Lucky Rock"],"acts_visited":["Exordium","TheCity","TheBeyond","TheEnding"],"potions_floor_usage":[23,31,31,36,39,48,50,55,55],"damage_taken":[{"damage":0,"enemies":"2 Louse","floor":1,"turns":5},{"damage":6,"enemies":"Jaw Worm","floor":4,"turns":4},{"damage":11,"enemies":"Lagavulin","floor":6,"turns":7},{"damage":14,"enemies":"Gremlin Nob","floor":8,"turns":5},{"damage":0,"enemies":"Small Slimes","floor":10,"turns":3},{"damage":0,"enemies":"Lagavulin","floor":11,"turns":7},{"damage":0,"enemies":"Looter","floor":12,"turns":3},{"damage":0,"enemies":"3 Louse","floor":14,"turns":3},{"damage":20,"enemies":"The Guardian","floor":16,"turns":10},{"damage":0,"enemies":"Shell Parasite","floor":18,"turns":6},{"damage":0,"enemies":"2 Thieves","floor":20,"turns":2},{"damage":2,"enemies":"3 Cultists","floor":21,"turns":3},{"damage":3,"enemies":"Gremlin Leader","floor":23,"turns":6},{"damage":2,"enemies":"Centurion and Healer","floor":25,"turns":6},{"damage":1,"enemies":"Shelled Parasite and Fungi","floor":27,"turns":6},{"damage":29,"enemies":"Slavers","floor":29,"turns":5},{"damage":0,"enemies":"Cultist and Chosen","floor":30,"turns":6},{"damage":0,"enemies":"Gremlin Leader","floor":31,"turns":6},{"damage":5,"enemies":"Champ","floor":33,"turns":9},{"damage":0,"enemies":"3 Shapes","floor":35,"turns":4},{"damage":0,"enemies":"Orb Walker","floor":36,"turns":3},{"damage":0,"enemies":"Maw","floor":37,"turns":6},{"damage":13,"enemies":"Sphere and 2 Shapes","floor":38,"turns":5},{"damage":15,"enemies":"Writhing Mass","floor":39,"turns":4},{"damage":0,"enemies":"3 Darklings","floor":41,"turns":2},{"damage":0,"enemies":"Spire Growth","floor":42,"turns":4},{"damage":10,"enemies":"Nemesis","floor":44,"turns":9},{"damage":0,"enemies":"Nightmare","floor":47,"turns":10},{"damage":17,"enemies":"Writhing Mass","floor":48,"turns":5},{"damage":39,"enemies":"Awakened One","floor":50,"turns":9},{"damage":0,"enemies":"Shield and Spear","floor":54,"turns":5},{"damage":82,"enemies":"The Heart","floor":55,"turns":9}],"seed_played":"-6467294324846321110","potions_obtained":[{"floor":1,"key":"BlessingOfTheForge"},{"floor":11,"key":"SteroidPotion"},{"floor":12,"key":"FairyPotion"},{"floor":14,"key":"EssenceOfDarkness"},{"floor":25,"key":"SteroidPotion"},{"floor":29,"key":"Block Potion"},{"floor":30,"key":"EssenceOfDarkness"},{"floor":35,"key":"PowerPotion"},{"floor":36,"key":"Fruit Juice"},{"floor":41,"key":"SpeedPotion"},{"floor":44,"key":"GamblersBrew"},{"floor":48,"key":"Dexterity Potion"},{"floor":54,"key":"CultistPotion"}],"is_trial":false,"path_per_floor":["M","?","?","M","T","E","R","E","T","M","E","M","?","M","R","B",null,"M","?","M","M","?","E","AVR","M","T","M","$","E","M","E","R","B",null,"M","M","M","M","M","R","M","M","T","E","R","T","NM","M","R","B",null,"R","$","E","B",null],"character_chosen":"DEFECT","items_purchased":["Heatsinks","infinitespire:Satchel","OrangePellets","Go for the Eyes","Beam Cell","ClockworkSouvenir"],"campfire_rested":0,"item_purchase_floors":[28,28,28,28,28,53],"current_hp_per_floor":[75,75,75,69,69,58,58,44,44,44,44,44,49,49,49,29,80,80,80,80,80,80,80,80,80,80,80,80,65,79,87,87,87,87,87,92,92,86,71,71,85,92,92,92,92,92,92,92,92,60,92,92,92,92,17],"gold":806,"neow_bonus":"BOSS_RELIC","is_daily":false,"chose_seed":false,"campfire_upgraded":6,"win_rate":0.0,"timestamp":1613421219,"path_taken":["M","?","?","M","?","E","R","E","T","M","E","M","?","M","R","BOSS","M","?","M","M","?","E","AVR","?","T","M","$","E","M","E","R","BOSS","M","?","?","?","M","R","M","?","T","E","R","?","NM","M","R","BOSS","R","$","E","BOSS"],"items_purchased_type":["Card","Relic","Relic","Card","Card","Relic"],"build_version":"2020-12-22","purchased_purges":0,"victory":true,"max_hp_per_floor":[75,75,75,75,75,75,75,75,75,75,75,75,80,80,80,80,80,80,80,80,80,80,80,80,80,80,80,80,87,87,87,87,87,87,87,92,92,92,92,92,92,92,92,92,92,92,92,92,92,92,92,92,92,92,92],"card_choices":[{"not_picked":["Hello World","Steam"],"picked":"Darkness","floor":1},{"not_picked":["Rebound","Scrape"],"picked":"Cold Snap","floor":4},{"not_picked":["Turbo","Compile Driver"],"picked":"Buffer","floor":6},{"not_picked":["Beam Cell","Rebound","Redo"],"picked":"Consume","floor":8},{"not_picked":["Stack","Streamline","Lockon"],"picked":"Go for the Eyes","floor":10},{"not_picked":["Sweeping Beam","Tempest","Reinforced Body"],"picked":"Conserve Battery","floor":11},{"not_picked":["Conserve Battery","Melter","Barrage"],"picked":"BootSequence","floor":12},{"not_picked":["Recycle","Darkness","Scrape"],"picked":"Conserve Battery","floor":14},{"not_picked":["Core Surge","Rainbow","Seek"],"picked":"Electrodynamics","floor":16},{"not_picked":["Sweeping Beam","Beam Cell","Scrape"],"picked":"White Noise","floor":18},{"not_picked":["Chaos+1","Ball Lightning+1","Force Field"],"picked":"Doom and Gloom","floor":20},{"not_picked":["Electrodynamics","Hologram","Compile Driver+1"],"picked":"Leap","floor":21},{"not_picked":["Hologram","Sweeping Beam","Coolheaded"],"picked":"BootSequence","floor":23},{"not_picked":["BootSequence","Beam Cell","Gash"],"picked":"Loop","floor":25},{"not_picked":["Beam Cell+1","Reinforced Body","Compile Driver"],"picked":"Gash","floor":27},{"not_picked":["Reprogram","Leap+1","Darkness+1"],"picked":"Self Repair","floor":29},{"not_picked":["Undo+1","Gash","Redo"],"picked":"Loop+1","floor":30},{"not_picked":["Redo","Stack","Amplify"],"picked":"Creative AI","floor":31},{"not_picked":["Core Surge","Rainbow","Multi-Cast"],"picked":"Amplify","floor":33},{"not_picked":["Scrape+1","Tempest","Chaos"],"picked":"Gash","floor":35},{"not_picked":["Hologram","Turbo+1","Sweeping Beam+1"],"picked":"Lockon+1","floor":36},{"not_picked":["Leap","Recycle+1","Chaos+1"],"picked":"Aggregate+1","floor":37},{"not_picked":["Biased Cognition","Hello World+1","Sweeping Beam","Barrage+1"],"picked":"SKIP","floor":38},{"not_picked":["Ball Lightning+1","Steam+1","Fusion"],"picked":"Chill","floor":39},{"not_picked":["Ball Lightning","Leap+1","Hologram+1"],"picked":"Conserve Battery","floor":41},{"not_picked":["Conserve Battery+1","Doom and Gloom","Go for the Eyes"],"picked":"Stack+1","floor":42},{"not_picked":["Turbo+1","Reprogram","Ball Lightning+1"],"picked":"Fission","floor":44},{"not_picked":["Ball Lightning","Coolheaded","Auto Shields","Redo+1"],"picked":"SKIP","floor":47},{"not_picked":["Steam Power+1","Cold Snap","Sweeping Beam"],"picked":"Stack+1","floor":48},{"not_picked":["Compile Driver+1","Reprogram+1","Genetic Algorithm+1","Double Energy"],"picked":"SKIP","floor":54},{"not_picked":["Thunder Strike","Machine Learning","Biased Cognition"],"picked":"Buffer","floor":55}],"player_experience":963493,"relics_obtained":[{"floor":6,"key":"Question Card"},{"floor":8,"key":"infinitespire:EmpoweringShard"},{"floor":9,"key":"infinitespire:Midas Blood"},{"floor":11,"key":"Pocketwatch"},{"floor":23,"key":"InkBottle"},{"floor":26,"key":"infinitespire:CheckeredPen"},{"floor":29,"key":"Strawberry"},{"floor":31,"key":"MawBank"},{"floor":43,"key":"infinitespire:ShieldingShard"},{"floor":44,"key":"infinitespire:Joker Card"},{"floor":46,"key":"Bag of Marbles"},{"floor":47,"key":"Bottled Flame"},{"floor":54,"key":"infinitespire:Lucky Rock"}],"event_choices":[{"damage_healed":0,"gold_gain":0,"player_choice":"Leave","damage_taken":0,"max_hp_gain":0,"max_hp_loss":0,"event_name":"The Cleric","floor":3,"gold_loss":0},{"damage_healed":0,"gold_gain":0,"player_choice":"Donut","damage_taken":0,"max_hp_gain":5,"max_hp_loss":0,"event_name":"Big Fish","floor":13,"gold_loss":0},{"damage_healed":0,"gold_gain":0,"player_choice":"Read","damage_taken":0,"max_hp_gain":0,"max_hp_loss":0,"event_name":"The Library","floor":19,"gold_loss":0,"cards_obtained":["Self Repair"]},{"damage_healed":0,"gold_gain":0,"player_choice":"Ignored","damage_taken":0,"max_hp_gain":0,"max_hp_loss":0,"event_name":"Transmorgrifier","floor":22,"gold_loss":0}],"is_beta":false,"boss_relics":[{"not_picked":["Empty Cage","Sozu"],"picked":"Philosopher\u0027s Stone"},{"not_picked":["Pandora\u0027s Box","SacredBark"],"picked":"Nuclear Battery"}],"items_purged_floors":[],"is_endless":true,"potions_floor_spawned":[1,11,12,14,16,20,25,29,30,35,36,41,44,48,54],"ascension_level":1}}