{"host":"xb2tau8pgi8aflss","time":1613388093,"event":{"mods":["AchievementEnabler","BaseMod","Hermit","Minty Spire (QoL Compilation)","StSLib","SuperFastMode"],"gold_per_floor":[112,132,63,63,74,74,84,115,163,205,275,315,315,336,336,441,500,497,512,530,309,318,318,318],"floor_reached":23,"language":"KOR","playtime":1022,"items_purged":[],"score":251,"play_id":"6ebbbada-1614-448b-90b2-13a185f55969","local_time":"20210215202133","is_ascension_mode":true,"campfire_choices":[{"data":"hermit:TakeAim","floor":6,"key":"SMITH"},{"floor":13,"key":"REST"},{"data":"hermit:Gestalt","floor":15,"key":"SMITH"}],"circlet_count":0,"master_deck":["hermit:Strike_Hermit+1","hermit:Strike_Hermit","hermit:Strike_Hermit","hermit:Defend_Hermit","hermit:Defend_Hermit","hermit:Defend_Hermit","hermit:Snapshot","hermit:Covet+1","Decay","hermit:TakeAim+1","hermit:Vantage","hermit:GhostlyPresence+1","hermit:Coalescence","hermit:Gestalt+1","hermit:Dive","hermit:Determination","hermit:FlashPowder","hermit:LowProfile","hermit:EternalForm","hermit:GoldenBullet+1","hermit:BigShot","hermit:FullyLoaded","hermit:BodyArmor","Finesse","Shame"],"relics":["hermit:Momento","CaptainsWheel","Darkstone Periapt","Vajra","CeramicFish","Matryoshka","Kunai","Tiny House","Whetstone","Peace Pipe"],"acts_visited":["Exordium","TheCity"],"potions_floor_usage":[12,16,18,19,23],"damage_taken":[{"damage":0,"enemies":"Small Slimes","floor":1,"turns":3},{"damage":7,"enemies":"Jaw Worm","floor":2,"turns":4},{"damage":3,"enemies":"Cultist","floor":5,"turns":5},{"damage":12,"enemies":"3 Louse","floor":7,"turns":4},{"damage":32,"enemies":"3 Sentries","floor":8,"turns":17},{"damage":15,"enemies":"Lagavulin","floor":10,"turns":11},{"damage":18,"enemies":"3 Sentries","floor":12,"turns":15},{"damage":20,"enemies":"Exordium Wildlife","floor":14,"turns":8},{"damage":8,"enemies":"Slime Boss","floor":16,"turns":16},{"damage":11,"enemies":"2 Thieves","floor":18,"turns":5},{"damage":28,"enemies":"Chosen","floor":19,"turns":10},{"damage":55,"enemies":"Gremlin Leader","floor":23,"turns":6}],"seed_played":"-5816114472387096233","potions_obtained":[{"floor":5,"key":"FairyPotion"},{"floor":10,"key":"LiquidMemories"},{"floor":14,"key":"AttackPotion"},{"floor":16,"key":"Block Potion"},{"floor":17,"key":"CultistPotion"},{"floor":19,"key":"hermit:Eclipse"}],"is_trial":false,"path_per_floor":["M","M","$","?","M","R","M","E","T","E","T","E","R","M","R","B",null,"M","M","?","$","?","E"],"character_chosen":"HERMIT","items_purchased":["hermit:GhostlyPresence","Whetstone","Finesse"],"campfire_rested":1,"item_purchase_floors":[3,21,21],"current_hp_per_floor":[75,68,68,68,65,65,53,21,21,6,6,18,40,20,20,12,80,69,41,41,41,47,0,0],"gold":318,"neow_bonus":"ONE_RARE_RELIC","is_daily":false,"chose_seed":false,"campfire_upgraded":2,"win_rate":0.0,"timestamp":1613388093,"path_taken":["M","M","$","?","M","R","M","E","T","E","?","E","R","?","R","BOSS","M","M","?","$","?","E"],"items_purchased_type":["Card","Relic","Card"],"build_version":"2020-12-22","purchased_purges":0,"victory":false,"max_hp_per_floor":[75,75,75,75,75,75,75,75,75,75,75,75,75,75,75,75,80,80,80,80,80,86,86,86],"card_choices":[{"not_picked":["hermit:Roulette","hermit:Manifest"],"picked":"hermit:TakeAim","floor":1},{"not_picked":["hermit:LuckOfTheDraw","hermit:BodyArmor"],"picked":"hermit:Vantage","floor":2},{"not_picked":["hermit:Spite","hermit:TrackingShot"],"picked":"hermit:Coalescence","floor":5},{"not_picked":["hermit:Cheat","hermit:Brawl"],"picked":"hermit:Gestalt","floor":7},{"not_picked":["hermit:BodyArmor","hermit:Headshot"],"picked":"hermit:Dive","floor":8},{"not_picked":["hermit:WideOpen","hermit:LowProfile"],"picked":"hermit:Determination","floor":10},{"not_picked":["hermit:Quickdraw","hermit:FatalDesire"],"picked":"hermit:FlashPowder","floor":12},{"not_picked":["hermit:Shortfuse","hermit:Feint"],"picked":"hermit:LowProfile","floor":14},{"not_picked":["hermit:Gambit","hermit:FinalCanter"],"picked":"hermit:EternalForm","floor":16},{"not_picked":["hermit:Misfire","hermit:Ricochet"],"picked":"hermit:GoldenBullet","floor":17},{"not_picked":["hermit:Malice","hermit:HighCaliber"],"picked":"hermit:BigShot","floor":18},{"not_picked":["hermit:HoleUp","hermit:LoneWolf","hermit:TrackingShot"],"picked":"SKIP","floor":19}],"player_experience":839484,"relics_obtained":[{"floor":8,"key":"Darkstone Periapt"},{"floor":9,"key":"Vajra"},{"floor":10,"key":"CeramicFish"},{"floor":11,"key":"Matryoshka"},{"floor":12,"key":"Kunai"}],"event_choices":[{"damage_healed":0,"gold_gain":0,"player_choice":"Grow","damage_taken":0,"max_hp_gain":0,"max_hp_loss":0,"event_name":"Living Wall","floor":4,"gold_loss":0,"cards_upgraded":["hermit:GhostlyPresence"]},{"damage_healed":0,"gold_gain":0,"cards_transformed":["hermit:Strike_Hermit","hermit:Defend_Hermit"],"player_choice":"Became Test Subject","damage_taken":0,"max_hp_gain":0,"max_hp_loss":0,"event_name":"Drug Dealer","floor":20,"gold_loss":0,"cards_obtained":["hermit:FullyLoaded","hermit:BodyArmor"]},{"damage_healed":0,"gold_gain":0,"player_choice":"Stole Relic","damage_taken":0,"relics_obtained":["Peace Pipe"],"max_hp_gain":0,"max_hp_loss":0,"event_name":"Addict","floor":22,"gold_loss":0,"cards_obtained":["Shame"]}],"is_beta":false,"boss_relics":[{"not_picked":["Runic Pyramid","Fusion Hammer"],"picked":"Tiny House"}],"items_purged_floors":[],"is_endless":false,"potions_floor_spawned":[5,10,14,16,19],"killed_by":"Gremlin Leader","ascension_level":4}}