{"host":"a3gu5zu37ht99mpa","time":1613361379,"event":{"mods":["100% Spire Juice","Act Like it!","Arknights","BaseMod","Better Silent Start","BetterRewards","Conspire","Downfall","Energized Spire","GifTheSpireLib","Gold Saver","Halation","Minty Spire (QoL Compilation)","Prisma Mod","Robot Space Explorer","Shop Mod","StSLib","Stuff the Spire","The Animator","The Servant 0.9.4","Virulent Crown","Wandering Minibosses","yUi"],"gold_per_floor":[455,455,455,481,327,353,353,353,402,428,451,476,476,144,144,144,144],"floor_reached":16,"language":"ENG","playtime":515,"items_purged":[],"score":138,"play_id":"a57bb17b-dcff-4d79-a971-0414ca64c3ba","local_time":"20210214225619","is_ascension_mode":true,"campfire_choices":[{"data":"animator:YunYun","floor":7,"key":"SMITH"},{"data":"animator:Aqua","floor":13,"key":"SMITH"},{"floor":15,"key":"RECALL"}],"circlet_count":0,"master_deck":["animator:Strike_Konosuba","animator:Defend_Konosuba","animator:Strike+1","animator:Strike","animator:Strike","animator:Defend","animator:Defend","animator:Defend","animator:Kazuma+1","animator:Aqua+1","animator:YunYun+1","animator:PandorasActor","animator:KrulTepes","animator:Megumin+3","animator:Albedo","animator:Mitsurugi","animator:Guren","animator:Mikaela+1","animator:Mitsuba+1"],"relics":["animator:LivingPicture","animator:TheMissingPiece","animator:PurgingStone","NeowsBlessing","StuffTheSpire:Mouthbags","conspire:BottledYoYo","Orichalcum","Molten Egg 2"],"acts_visited":["Exordium"],"potions_floor_usage":[],"damage_taken":[{"damage":0,"enemies":"2 Louse","floor":1,"turns":1},{"damage":0,"enemies":"Small Slimes","floor":4,"turns":1},{"damage":0,"enemies":"3 Sentries","floor":6,"turns":1},{"damage":48,"enemies":"Lagavulin","floor":10,"turns":7},{"damage":2,"enemies":"Jaw Worm","floor":11,"turns":2},{"damage":13,"enemies":"Hexaghost","floor":16,"turns":9}],"seed_played":"-8221184222103611278","potions_obtained":[{"floor":11,"key":"FearPotion"}],"is_trial":false,"path_per_floor":["M","?","?","M","$","E","R","?","T","E","M","T","R","$","R","B"],"character_chosen":"THE_ANIMATOR","items_purchased":["animator:Megumin","animator:KrulTepes","Molten Egg 2","animator:Mikaela+1","animator:Mitsuba+1"],"campfire_rested":0,"item_purchase_floors":[5,5,14,14,14],"current_hp_per_floor":[66,53,53,53,53,54,54,54,54,9,9,9,9,9,9,0,0],"gold":144,"neow_bonus":"THREE_ENEMY_KILL","is_daily":false,"chose_seed":false,"campfire_upgraded":2,"win_rate":0.0,"timestamp":1613361379,"path_taken":["M","?","?","M","$","E","R","?","T","E","M","?","R","?","R","BOSS"],"items_purchased_type":["Card","Card","Relic","Card","Card"],"build_version":"2020-12-22","purchased_purges":0,"victory":false,"max_hp_per_floor":[66,66,66,66,66,67,67,67,67,68,68,68,68,68,68,68,68],"card_choices":[{"not_picked":["animator:KyokoSakura","animator:Arpeggio"],"picked":"animator:YunYun","floor":1},{"not_picked":["animator:Cocytus","animator:AcuraAkari"],"picked":"animator:PandorasActor","floor":4},{"not_picked":["animator:Tyuule","animator:Demiurge"],"picked":"animator:Albedo","floor":6},{"not_picked":["animator:Kazuma","animator:YunYun"],"picked":"animator:Mitsurugi","floor":10},{"not_picked":["animator:Priestess","animator:UneriGinkaku"],"picked":"animator:Guren","floor":11}],"player_experience":87401,"relics_obtained":[{"floor":6,"key":"StuffTheSpire:Mouthbags"},{"floor":10,"key":"conspire:BottledYoYo"},{"floor":12,"key":"Orichalcum"}],"event_choices":[{"damage_healed":0,"gold_gain":0,"player_choice":"Entered Light","damage_taken":13,"max_hp_gain":0,"max_hp_loss":0,"event_name":"Shining Light","floor":2,"gold_loss":0,"cards_upgraded":["animator:Kazuma","animator:Strike"]},{"damage_healed":0,"gold_gain":0,"player_choice":"Leave","damage_taken":0,"max_hp_gain":0,"max_hp_loss":0,"event_name":"The Cleric","floor":3,"gold_loss":0},{"damage_healed":0,"gold_gain":0,"player_choice":"Disagree","damage_taken":0,"max_hp_gain":0,"max_hp_loss":0,"event_name":"conspire:LoneGhost","floor":8,"gold_loss":0}],"is_beta":false,"boss_relics":[],"items_purged_floors":[],"is_endless":false,"potions_floor_spawned":[11],"killed_by":"Hexaghost","ascension_level":1}}