{"host":"ln8zowmpyx5bxamj","time":1613377437,"event":{"mods":["Act Like it!","BaseMod","CapriCore","Colored Map","Conspire","Gensokyo","GifTheSpireLib","Hallownest","Hubris","Koishi","KomeijiMod","Marisa????????","Minty Spire (QoL Compilation)","Permanent Neow","Prisma Mod","Replay The Spire","StSLib","The Immortal","Uncapped","Yuyuko"],"gold_per_floor":[116,116,28,44,9,9,9,41,41,74,105,105,130,144,144,240,240,251,263,17,17,36,36,36,69,81,127,139,162,225,267,279,393,405,437,449,484,31,31,31],"floor_reached":39,"language":"ENG","playtime":4088,"items_purged":["ReplayTheSpireMod:Restless Dread"],"score":524,"play_id":"2c132b33-6de1-4dab-ab90-a3db2ddce480","local_time":"20210215022357","is_ascension_mode":true,"campfire_choices":[{"data":"White Noise","floor":6,"key":"SMITH"},{"floor":12,"key":"REST"},{"floor":15,"key":"REST"},{"floor":24,"key":"REST"},{"floor":28,"key":"REST"},{"floor":32,"key":"REST"}],"circlet_count":0,"master_deck":["Gensokyo:ManorOfTheDishes+1","Strike_B","Strike_B+1","Defend_B","Defend_B","Defend_B","Defend_B+1","Zap+1","Dualcast","Capacitor+1","Doom and Gloom","Crystallizer","White Noise+1","Ball Lightning","Panic Button","Gash","Outmaneuver","All For One+1","Electrodynamics","ReplayTheSpireMod:Repulse+1","Leap+1","Multi-Cast","Loop","hubris:SlightOfHand","Chill","Gash+1","Creative AI","Chaos","Heatsinks"],"relics":["Empty Cage","ReplayTheSpireMod:CursedCoin","Centennial Puzzle","Carrot","hubris:DisguiseKit","Gremlin Food","HoshigumaDish","Nuclear Battery","Replay:Wax Seal","MawBank","HornCleat","Omamori","Smiling Mask","Calling Bell","Orichalcum","hubris:BottledRain","Replay:Kaleidoscope","Juzu Bracelet","Lizard Tail"],"acts_visited":["Exordium","Hallownest:Greenpath","Hallownest:CityofTears"],"potions_floor_usage":[8,11,16,18,22,27,29,39],"damage_taken":[{"damage":2,"enemies":"Hallownest:monsterHuskWarrior","floor":1,"turns":7},{"damage":3,"enemies":"Hallownest:monsterHuskGuard","floor":4,"turns":5},{"damage":14,"enemies":"Hallownest:eliteMossKnight","floor":8,"turns":7},{"damage":19,"enemies":"conspire:MimicChest","floor":10,"turns":7},{"damage":13,"enemies":"Hallownest:eliteVengeflyKing","floor":11,"turns":5},{"damage":14,"enemies":"Hallownest:eliteMossKnight","floor":13,"turns":11},{"damage":1,"enemies":"Hallownest:2_MossCreeps","floor":14,"turns":3},{"damage":33,"enemies":"Hallownest:BossFalseKnight","floor":16,"turns":8},{"damage":10,"enemies":"Hallownest:2_Mistakes","floor":18,"turns":3},{"damage":8,"enemies":"Hallownest:Guard_and_Sentry","floor":19,"turns":5},{"damage":4,"enemies":"Hallownest:Master_and_Novice","floor":22,"turns":3},{"damage":33,"enemies":"Hallownest:eliteSoulWarrior","floor":25,"turns":9},{"damage":0,"enemies":"Hallownest:Nosk","floor":27,"turns":8},{"damage":0,"enemies":"Hallownest:2_Flukemon","floor":29,"turns":4},{"damage":4,"enemies":"Hallownest:Glutton_and_Coward","floor":30,"turns":4},{"damage":0,"enemies":"Hallownest:eliteSoulWarrior","floor":31,"turns":8},{"damage":21,"enemies":"Hallownest:BossMantisLord","floor":33,"turns":7},{"damage":7,"enemies":"Hallownest:2_Littles","floor":35,"turns":3},{"damage":12,"enemies":"Hallownest:2_Littles","floor":39,"turns":4},{"damage":19,"enemies":"Hallownest:2_Littles","floor":39,"turns":9},{"damage":96,"enemies":"Hallownest:2_Littles","floor":39,"turns":10}],"seed_played":"-181375664848516000","potions_obtained":[{"floor":1,"key":"FocusPotion"},{"floor":10,"key":"PowerPotion"},{"floor":14,"key":"PotionOfCapacity"},{"floor":16,"key":"SpeedPotion"},{"floor":19,"key":"AttackPotion"},{"floor":25,"key":"LifebloodPotion"},{"floor":27,"key":"SkillPotion"},{"floor":35,"key":"Energy Potion"}],"is_trial":false,"path_per_floor":["M","?","$","M","?","R","$","E","T","?","E","R","E","M","R","B",null,"M","M","$","?","M","?","R","E","T","E","R","M","M","E","R","B",null,"M","?","T","$","?"],"character_chosen":"DEFECT","items_purchased":["ReplayTheSpireMod:CursedCoin","Crystallizer","White Noise","Ball Lightning","Replay:Wax Seal","Multi-Cast","Lizard Tail","Chaos","Heatsinks"],"campfire_rested":5,"item_purchase_floors":[3,3,3,3,20,20,38,38,38],"current_hp_per_floor":[73,73,73,70,75,75,75,61,61,42,29,53,39,38,62,29,80,70,62,62,62,58,58,80,47,47,47,71,71,67,67,80,59,80,73,73,73,73,0,0],"gold":31,"neow_bonus":"BOSS_RELIC","is_daily":false,"chose_seed":false,"campfire_upgraded":1,"win_rate":0.0,"timestamp":1613377437,"path_taken":["M","?","$","M","?","R","?","E","T","?","E","R","E","?","R","BOSS","M","M","$","?","M","?","R","E","T","E","R","?","M","E","R","BOSS","M","?","?","$","?"],"items_purchased_type":["Relic","Card","Card","Card","Relic","Card","Relic","Card","Card"],"build_version":"2020-12-22","purchased_purges":1,"victory":false,"max_hp_per_floor":[75,75,75,75,80,80,80,80,80,80,80,80,80,80,80,80,80,80,80,80,80,80,80,80,80,80,80,80,80,80,80,80,80,80,80,80,80,80,80,80],"card_choices":[{"not_picked":["ReplayTheSpireMod:GoodbyeWorld","Streamline"],"picked":"Capacitor","floor":1},{"not_picked":["Redo","Undo"],"picked":"Panic Button","floor":4},{"not_picked":["Turbo","Rebound","Blizzard"],"picked":"SKIP","floor":8},{"not_picked":["Coolheaded","Hologram"],"picked":"Gash","floor":10},{"not_picked":["Leap","Reinforced Body","Aggregate"],"picked":"Outmaneuver","floor":11},{"not_picked":["Chill","ReplayTheSpireMod:Omega Cannon","Backflip"],"picked":"All For One","floor":13},{"not_picked":["Ball Lightning","Coolheaded","Barrage","Dagger Spray"],"picked":"SKIP","floor":14},{"not_picked":["Echo Form","Seek","Adrenaline"],"picked":"Electrodynamics","floor":16},{"not_picked":["Barrage","BasicCrystalCard","Bane"],"picked":"ReplayTheSpireMod:Repulse+1","floor":18},{"not_picked":["Barrage","Ball Lightning","Dagger Throw"],"picked":"Leap+1","floor":19},{"not_picked":["ReplayTheSpireMod:Repulse","Beam Cell+1","hubris:Sniper"],"picked":"Loop","floor":22},{"not_picked":["Streamline","ReplayTheSpireMod:System Scan","FIFO Queue"],"picked":"hubris:SlightOfHand","floor":25},{"not_picked":["Sweeping Beam","ReplayTheSpireMod:GoodbyeWorld","Sucker Punch"],"picked":"Chill","floor":27},{"not_picked":["Steam Power","ReplayTheSpireMod:Repulse","Dagger Spray"],"picked":"Gash+1","floor":29},{"not_picked":["Hyperbeam","Stack","ReplayTheSpireMod:GoodbyeWorld","Tactician"],"picked":"SKIP","floor":30},{"not_picked":["Ball Lightning","ReplayTheSpireMod:Omega Cannon","Undo","Slice"],"picked":"SKIP","floor":31},{"not_picked":["Hyperbeam","hubris:SpecializedCircuitry","Doppelganger"],"picked":"Creative AI","floor":33},{"not_picked":["Aggregate+1","Beam Cell","White Noise","Cloak And Dagger"],"picked":"SKIP","floor":35}],"player_experience":749389,"relics_obtained":[{"floor":8,"key":"Centennial Puzzle"},{"floor":9,"key":"Carrot"},{"floor":10,"key":"hubris:DisguiseKit"},{"floor":11,"key":"Gremlin Food"},{"floor":13,"key":"HoshigumaDish"},{"floor":25,"key":"MawBank"},{"floor":26,"key":"HornCleat"},{"floor":27,"key":"Omamori"},{"floor":31,"key":"Smiling Mask"},{"floor":34,"key":"Orichalcum"},{"floor":34,"key":"hubris:BottledRain"},{"floor":34,"key":"Replay:Kaleidoscope"},{"floor":37,"key":"Juzu Bracelet"}],"event_choices":[],"is_beta":false,"boss_relics":[{"not_picked":["conspire:SpecialSausage","Fusion Hammer"],"picked":"Nuclear Battery"},{"not_picked":["Busted Crown","Runic Dome"],"picked":"Calling Bell"}],"items_purged_floors":[3],"is_endless":false,"potions_floor_spawned":[1,10,14,16,18,19,25,27,35,39],"killed_by":"Hallownest:2_Littles","ascension_level":1}}