{"host":"xc18ixkpjvqrt8st","time":1613360946,"event":{"mods":["Act Like it!","BaseMod","Better Match","Better Third Choice","Conspire","Downfall","Hallownest","Hermit","Minty Spire (QoL Compilation)","Reliquary","Robot Space Explorer","Shop Mod","Spicy Shops","Spire Arcade","StSLib","The Animator","The Edgeheg","The Jungle","The Sage"],"gold_per_floor":[123,123,141,161,35,35,67,67,93,18,88,88,99,117,117,225,225,245,245,245,24,51,86,86,86],"floor_reached":24,"language":"ENG","playtime":1161,"items_purged":["Pain","downfall:Bewildered"],"score":235,"play_id":"133bc242-d78c-41d9-8d2e-9c16777f4c77","local_time":"20210214214906","is_ascension_mode":true,"campfire_choices":[{"floor":6,"key":"REST"},{"floor":12,"key":"REST"},{"floor":15,"key":"RECALL"}],"circlet_count":0,"master_deck":["animator:Strike_Katanagatari","animator:Defend_Katanagatari","animator:Strike","animator:Strike","animator:Strike","animator:Defend","animator:Defend","animator:Defend","animator:Azekura","animator:Emonzaemon","animator:HigakiRinne","animator:Konayuki","animator:ZankiKiguchi","animator:SilverFang","animator:Konayuki","animator:ZankiKiguchi","animator:Mitsuba","animator:Kuribayashi","animator:Ainz","animator:LeleiLaLalena","animator:Biyorigo","animator:MamiTomoe","animator:MisaKurobane","animator:Cocytus","animator:Bozes","animator:Konayuki+1"],"relics":["animator:LivingPicture","animator:TheMissingPiece","WarpedTongs","Letter Opener","Charon\u0027s Ashes","conspire:SeveredTorchhead","MutagenicStrength","sneckomod:BabySnecko","Regal Pillow"],"acts_visited":["Exordium","TheCity"],"potions_floor_usage":[7,16,23,23],"damage_taken":[{"damage":0,"enemies":"Jaw Worm","floor":1,"turns":7},{"damage":9,"enemies":"Cultist","floor":3,"turns":4},{"damage":13,"enemies":"2 Louse","floor":4,"turns":2},{"damage":6,"enemies":"3 Sentries","floor":7,"turns":10},{"damage":10,"enemies":"3 Sentries","floor":11,"turns":7},{"damage":0,"enemies":"Exordium Wildlife","floor":13,"turns":4},{"damage":1,"enemies":"3 Louse","floor":14,"turns":4},{"damage":27,"enemies":"The Guardian","floor":16,"turns":11},{"damage":13,"enemies":"Spheric Guardian","floor":18,"turns":5},{"damage":25,"enemies":"3 Byrds","floor":22,"turns":3},{"damage":27,"enemies":"Gremlin Leader","floor":23,"turns":5},{"damage":10,"enemies":"Snake Plant","floor":24,"turns":2}],"seed_played":"-1223327301232050254","potions_obtained":[{"floor":4,"key":"EssenceOfSteel"},{"floor":11,"key":"LiquidBronze"},{"floor":16,"key":"BlessingOfTheForge"},{"floor":22,"key":"Explosive Potion"}],"is_trial":false,"path_per_floor":["M","?","M","M","$","R","E","?","T","$","?","R","M","M","R","B",null,"M","?","?","$","M","E","M"],"character_chosen":"THE_ANIMATOR","items_purchased":["animator:Konayuki","animator:Mitsuba","animator:MisaKurobane","animator:Cocytus"],"campfire_rested":2,"item_purchase_floors":[5,10,21,21],"current_hp_per_floor":[66,66,58,45,45,65,59,59,59,59,49,67,67,67,67,40,68,55,55,55,55,30,3,0,0],"gold":86,"neow_bonus":"ONE_RANDOM_RARE_CARD","is_daily":false,"chose_seed":false,"campfire_upgraded":0,"win_rate":0.0,"timestamp":1613360946,"path_taken":["M","?","?","M","$","R","E","?","T","$","?","R","M","M","R","BOSS","M","?","?","$","M","E","M"],"items_purchased_type":["Card","Card","Card","Card"],"build_version":"2020-12-22","purchased_purges":2,"victory":false,"max_hp_per_floor":[66,66,67,67,67,67,67,67,67,67,67,67,67,68,68,68,68,68,68,68,68,68,68,68,68],"card_choices":[{"not_picked":["animator:Mikaela","animator:Sebas"],"picked":"animator:Konayuki","floor":1},{"not_picked":["animator:NagisaMomoe","animator:NarberalGamma"],"picked":"animator:ZankiKiguchi","floor":3},{"not_picked":["animator:Azekura","animator:PinaCoLada"],"picked":"animator:SilverFang","floor":4},{"not_picked":["animator:Togame","animator:Azekura"],"picked":"animator:ZankiKiguchi","floor":7},{"not_picked":["animator:Yoichi","animator:YachiyoNanami"],"picked":"animator:Kuribayashi","floor":11},{"not_picked":["animator:TsurugaMeisai","animator:IrohaTamaki"],"picked":"animator:Ainz","floor":13},{"not_picked":["animator:AcuraTooru","animator:Tatsumaki"],"picked":"animator:LeleiLaLalena","floor":14},{"not_picked":["animator:HigakiRinne","animator:ItamiYouji"],"picked":"animator:Biyorigo","floor":16},{"not_picked":["animator:IrohaTamaki","animator:OrikoMikuni"],"picked":"animator:MamiTomoe","floor":18},{"not_picked":["animator:Geryuganshoop","animator:Emonzaemon"],"picked":"animator:Bozes","floor":22},{"not_picked":["animator:Kyubey","animator:Emonzaemon"],"picked":"animator:Konayuki+1","floor":23}],"player_experience":725970,"relics_obtained":[{"floor":7,"key":"Letter Opener"},{"floor":23,"key":"Regal Pillow"}],"event_choices":[{"damage_healed":0,"gold_gain":0,"player_choice":"Rummage","damage_taken":0,"relics_obtained":["WarpedTongs"],"max_hp_gain":0,"max_hp_loss":0,"event_name":"Accursed Blacksmith","floor":2,"gold_loss":0,"cards_obtained":["Pain"]},{"damage_healed":0,"gold_gain":0,"player_choice":"Ignored","damage_taken":0,"max_hp_gain":0,"max_hp_loss":0,"event_name":"Golden Wing","floor":8,"gold_loss":0},{"damage_healed":0,"gold_gain":0,"player_choice":"Searched \u00272\u0027 times","damage_taken":0,"relics_obtained":["Charon\u0027s Ashes"],"max_hp_gain":0,"max_hp_loss":0,"event_name":"Dead Adventurer","floor":11,"gold_loss":0},{"damage_healed":0,"gold_gain":0,"player_choice":"Inject Mutagens","damage_taken":0,"relics_obtained":["MutagenicStrength"],"max_hp_gain":0,"max_hp_loss":0,"event_name":"Drug Dealer","floor":19,"gold_loss":0}],"is_beta":false,"boss_relics":[{"not_picked":["Fusion Hammer","Tiny House"],"picked":"conspire:SeveredTorchhead"}],"items_purged_floors":[5,21],"is_endless":false,"potions_floor_spawned":[4,11,16,22],"killed_by":"Snake Plant","ascension_level":2}}