{"host":"alk2ftu785mujiir","time":1613411111,"event":{"mods":["BaseMod","Bossed Relics","Colored Map","Downfall","Minty Spire (QoL Compilation)","StSLib"],"gold_per_floor":[99,113,213,225,242,242,267,292,292,320,320,338,338,365,379,482,482,382,147,147,147,157,26,52,79,179,179,210,210,210,227,242,343,343,343,358,377,271,290,322,322,335,135,155,155,171,171,181,193,193,193,193],"floor_reached":50,"language":"ENG","playtime":5648,"items_purged":["bronze:Strike","bronze:Strike"],"score":584,"play_id":"c50ed315-525c-4ade-bdfa-3f37f115d77e","local_time":"20210215124511","is_ascension_mode":true,"campfire_choices":[{"data":"bronze:SpaghettiCode","floor":1.0,"key":"SMITH"},{"data":"bronze:Boost","floor":6.0,"key":"SMITH"},{"data":"bronze:Shell","floor":9.0,"key":"SMITH"},{"floor":11.0,"key":"REST"},{"data":"bronze:Repair","floor":13.0,"key":"SMITH"},{"data":"bronze:Mutator","floor":18.0,"key":"SMITH"},{"data":"bronze:Iterate","floor":27.0,"key":"SMITH"},{"floor":35.0,"key":"RECALL"},{"data":"bronze:Library","floor":43.0,"key":"SMITH"},{"data":"bronze:Fortify","floor":45.0,"key":"SMITH"},{"data":"bronze:Flail","floor":47.0,"key":"SMITH"}],"circlet_count":0,"master_deck":["bronze:Strike+1","bronze:Defend","bronze:Defend","bronze:Defend","bronze:Defend","bronze:Replicate","bronze:Goto","bronze:SpaghettiCode+1","bronze:Boost+1","bronze:FineTuning","bronze:WhirlingStrike+1","bronze:Shell+1","bronze:Separator","bronze:Repair+1","bronze:Iterate+1","bronze:Shield","bronze:Mutator+1","bronze:Replicate","bronze:Flail+1","bronze:MaxOutput","bronze:DarkDash","bronze:FollowUp+1","bronze:DecaBeam+1","bronze:Optimize+1","bronze:DelayedGuard+1","bronze:Constructor+1","bronze:Library+1","bronze:Iterate","bronze:Fortify+1","Pain"],"relics":["bronze:BronzeCore","Bronze Scales","Art of War","Whetstone","Meat on the Bone","Cursed Key","downfall:HeartBlessingGreen","hexamod:BolsterEngine","Lantern","Toxic Egg 2","Letter Opener","Busted Crown","Bottled Lightning","Bag of Preparation","downfall:HeartBlessingRed","downfall:HeartBlessingBlue"],"acts_visited":["Exordium","TheCity","TheBeyond"],"potions_floor_usage":[50,50,50],"damage_taken":[{"damage":0.0,"enemies":"Jaw Worm","floor":2.0,"turns":1.0},{"damage":1.0,"enemies":"Cultist","floor":4.0,"turns":3.0},{"damage":0.0,"enemies":"2 Louse","floor":5.0,"turns":3.0},{"damage":1.0,"enemies":"3 Sentries","floor":8.0,"turns":6.0},{"damage":19.0,"enemies":"Lagavulin","floor":10.0,"turns":6.0},{"damage":1.0,"enemies":"2 Fungi Beasts","floor":12.0,"turns":3.0},{"damage":15.0,"enemies":"Gremlin Nob","floor":14.0,"turns":4.0},{"damage":0.0,"enemies":"3 Louse","floor":15.0,"turns":2.0},{"damage":7.0,"enemies":"SI_SHIV_ARCHETYPE","floor":16.0,"turns":5.0},{"damage":0.0,"enemies":"downfall:FleeingMerchant","floor":19.0,"turns":4.0},{"damage":0.0,"enemies":"Shell Parasite","floor":22.0,"turns":3.0},{"damage":3.0,"enemies":"downfall:FleeingMerchant","floor":23.0,"turns":4.0},{"damage":19.0,"enemies":"Book of Stabbing","floor":25.0,"turns":5.0},{"damage":0.0,"enemies":"Book of Stabbing","floor":26.0,"turns":5.0},{"damage":29.0,"enemies":"Slavers","floor":28.0,"turns":5.0},{"damage":0.0,"enemies":"Spheric Guardian","floor":31.0,"turns":3.0},{"damage":0.0,"enemies":"Snecko","floor":32.0,"turns":5.0},{"damage":31.0,"enemies":"IC_MUSHROOM_ARCHETYPE","floor":33.0,"turns":9.0},{"damage":0.0,"enemies":"Orb Walker","floor":36.0,"turns":3.0},{"damage":0.0,"enemies":"3 Shapes","floor":37.0,"turns":2.0},{"damage":0.0,"enemies":"downfall:FleeingMerchant","floor":38.0,"turns":4.0},{"damage":0.0,"enemies":"Writhing Mass","floor":39.0,"turns":6.0},{"damage":6.0,"enemies":"Giant Head","floor":40.0,"turns":8.0},{"damage":13.0,"enemies":"3 Darklings","floor":42.0,"turns":5.0},{"damage":8.0,"enemies":"Jaw Worm Horde","floor":44.0,"turns":3.0},{"damage":3.0,"enemies":"Transient","floor":46.0,"turns":5.0},{"damage":3.0,"enemies":"Sphere and 2 Shapes","floor":48.0,"turns":5.0},{"damage":4.0,"enemies":"4 Shapes","floor":49.0,"turns":4.0},{"damage":111,"enemies":"WA_ARCHETYPE_DIVINITY","floor":50,"turns":9}],"seed_played":"493966862260730274","potions_obtained":[{"floor":4.0,"key":"Strength Potion"},{"floor":5.0,"key":"Energy Potion"},{"floor":12.0,"key":"Dexterity Potion"},{"floor":16.0,"key":"SteroidPotion"},{"floor":31.0,"key":"SpeedPotion"}],"is_trial":false,"path_per_floor":["R","M","?","M","M","R","T","E","R","E","R","M","R","E","M","B",null,"R","$","?","?","M","$","T","E","?","R","E","?","T","M","M","B",null,"R","M","M","$","M","E","T","M","R","M","R","M","R","M","M","B"],"character_chosen":"THE_AUTOMATON","items_purchased":["hexamod:BolsterEngine","bronze:MaxOutput","bronze:DarkDash","bronze:Fortify","Bottled Lightning"],"campfire_rested":1,"item_purchase_floors":[19,23,23,38,38],"current_hp_per_floor":[70,70,70,69,69,69,69,68,68,49,70,69,69,65,70,63,70,70,70,70,70,70,67,67,58,69,69,50,50,50,60,70,39,70,70,70,70,70,70,64,64,62,72,64,64,61,61,58,64,0,0,0],"gold":193,"neow_bonus":"ONE_RANDOM_RARE_CARD","is_daily":false,"chose_seed":false,"campfire_upgraded":9,"win_rate":0.0,"timestamp":1613411111,"path_taken":["R","M","?","?","M","R","T","E","R","E","R","M","R","E","M","BOSS","R","?","?","?","M","?","T","E","?","R","E","?","?","M","M","BOSS","R","M","M","$","M","E","T","?","R","M","R","M","R","M","M","BOSS"],"items_purchased_type":["Relic","Card","Card","Card","Relic"],"build_version":"2020-12-22","purchased_purges":2,"victory":false,"max_hp_per_floor":[70,70,70,70,70,70,70,70,70,70,70,70,70,70,70,70,70,70,70,70,70,70,70,70,70,70,70,70,70,70,70,70,70,70,70,70,70,70,70,70,70,70,80,80,80,80,80,80,80,80,80,80],"card_choices":[{"not_picked":["bronze:Invalidate","bronze:BronzeOrb"],"picked":"bronze:Boost","floor":2.0},{"not_picked":["bronze:Branch","bronze:BronzeArmor"],"picked":"bronze:FineTuning","floor":4.0},{"not_picked":["bronze:CutThrough","bronze:Invalidate"],"picked":"bronze:WhirlingStrike","floor":5.0},{"not_picked":["bronze:Overheat","bronze:ItsAFeature"],"picked":"bronze:Shell","floor":8.0},{"not_picked":["bronze:DelayedGuard","bronze:InfiniteBeams"],"picked":"bronze:Separator","floor":10.0},{"not_picked":["bronze:WhirlingStrike","bronze:Constructor"],"picked":"bronze:Repair","floor":12.0},{"not_picked":["bronze:Shield","bronze:WildBeam"],"picked":"bronze:Iterate","floor":14.0},{"not_picked":["bronze:Branch","bronze:OilSpill"],"picked":"bronze:Shield","floor":15.0},{"not_picked":["bronze:InfiniteLoop","bronze:Break"],"picked":"bronze:Mutator","floor":16.0},{"not_picked":["bronze:Overheat","bronze:WhirlingStrike","bronze:CloningBeam"],"picked":"SKIP","floor":19.0},{"not_picked":["bronze:CloningBeam","bronze:Philosophize","bronze:InfiniteBeams"],"picked":"SKIP","floor":22.0},{"not_picked":["bronze:Turbo","bronze:Overload","bronze:MaxOutput"],"picked":"SKIP","floor":23.0},{"not_picked":["bronze:CutThrough+1","bronze:Shield+1"],"picked":"bronze:FollowUp+1","floor":25.0},{"not_picked":[],"picked":"bronze:DecaBeam","floor":26.0},{"not_picked":["bronze:Mutator","bronze:Flail"],"picked":"bronze:Optimize+1","floor":26.0},{"not_picked":["bronze:WildBeam","bronze:BitShift+1","bronze:Boost+1"],"picked":"SKIP","floor":28.0},{"not_picked":["bronze:BitShift+1","bronze:Frontload+1"],"picked":"bronze:DelayedGuard+1","floor":31.0},{"not_picked":["bronze:GetLatest+1","bronze:WhirlingStrike"],"picked":"bronze:Constructor+1","floor":32.0},{"not_picked":["bronze:FindAndReplace+1","bronze:TinkerersToolbox+1"],"picked":"bronze:Library","floor":33.0},{"not_picked":[],"picked":"bronze:Iterate","floor":36.0},{"not_picked":["bronze:Repulsor"],"picked":"SKIP","floor":37.0},{"not_picked":["bronze:Constructor+1"],"picked":"SKIP","floor":38.0},{"not_picked":["bronze:GetLatest+1"],"picked":"SKIP","floor":39.0},{"not_picked":["bronze:Constructor+1"],"picked":"SKIP","floor":40.0},{"not_picked":["bronze:OilSpill"],"picked":"SKIP","floor":42.0},{"not_picked":["bronze:CutThrough"],"picked":"SKIP","floor":44.0},{"not_picked":["bronze:DelayedSlice"],"picked":"SKIP","floor":46.0},{"not_picked":["bronze:Repair+1"],"picked":"SKIP","floor":48.0},{"not_picked":["bronze:ForceShield+1"],"picked":"SKIP","floor":49.0}],"player_experience":1839178,"relics_obtained":[{"floor":7.0,"key":"Bronze Scales"},{"floor":8.0,"key":"Art of War"},{"floor":10.0,"key":"Whetstone"},{"floor":14.0,"key":"Meat on the Bone"},{"floor":24.0,"key":"Lantern"},{"floor":25.0,"key":"Toxic Egg 2"},{"floor":28.0,"key":"Letter Opener"},{"floor":40.0,"key":"Bag of Preparation"}],"event_choices":[{"damage_healed":0.0,"max_hp_gain":0.0,"max_hp_loss":0.0,"gold_gain":0.0,"event_name":"The Library","player_choice":"Read","floor":21.0,"gold_loss":0.0,"damage_taken":0.0,"cards_obtained":["bronze:Flail"]}],"is_beta":false,"boss_relics":[{"not_picked":["Tiny House","SacredBark"],"picked":"Cursed Key"},{"not_picked":["Empty Cage","bronze:ElectromagneticCoil"],"picked":"Busted Crown"}],"items_purged_floors":[19,38],"is_endless":false,"potions_floor_spawned":[4,5,12,15,16,25,28,31,32,37,40,42,46,48],"killed_by":"WA_ARCHETYPE_DIVINITY","ascension_level":1}}