{"host":"epc8efk9vrywpcsw","time":1613382872,"event":{"mods":["BaseMod","Minty Spire (QoL Compilation)","Relic Stats","StSLib"],"gold_per_floor":[115,115,115,179,229,258,258,278,303,363,413,426,455,655,655,655,655],"floor_reached":16,"language":"ENG","playtime":426,"items_purged":[],"score":270,"play_id":"afcf2baa-397c-44c2-88a4-afa070cc3d20","local_time":"20210215105432","is_ascension_mode":true,"campfire_choices":[{"data":"Infinite Blades","floor":7,"key":"SMITH"},{"data":"Infinite Blades","floor":15,"key":"SMITH"}],"circlet_count":0,"master_deck":["AscendersBane","Strike_G","Strike_G","Strike_G","Strike_G","Strike_G","Defend_G+1","Defend_G+1","Defend_G","Defend_G+1","Defend_G","Survivor","Neutralize","Prepared+1","Dagger Throw","Infinite Blades+1","Infinite Blades+1"],"relics":["Ring of the Snake","NeowsBlessing","Meat on the Bone","SsserpentHead","Centennial Puzzle","War Paint","Bag of Marbles","Omamori"],"acts_visited":["Exordium"],"potions_floor_usage":[10,13,13,16],"damage_taken":[{"damage":0,"enemies":"2 Louse","floor":1,"turns":1},{"damage":0,"enemies":"Jaw Worm","floor":4,"turns":1},{"damage":0,"enemies":"3 Sentries","floor":6,"turns":1},{"damage":0,"enemies":"Cultist","floor":8,"turns":3},{"damage":16,"enemies":"Exordium Thugs","floor":10,"turns":5},{"damage":15,"enemies":"Lots of Slimes","floor":12,"turns":6},{"damage":10,"enemies":"Lagavulin","floor":13,"turns":8},{"damage":15,"enemies":"Slime Boss","floor":16,"turns":6}],"seed_played":"-1060328616232689893","potions_obtained":[{"floor":6,"key":"Block Potion"},{"floor":8,"key":"Poison Potion"},{"floor":12,"key":"SteroidPotion"},{"floor":13,"key":"Strength Potion"}],"is_trial":false,"path_per_floor":["M","?","?","M","T","E","R","M","T","M","?","M","E","?","R","B"],"character_chosen":"THE_SILENT","items_purchased":[],"campfire_rested":0,"item_purchase_floors":[],"current_hp_per_floor":[59,33,33,45,45,45,45,45,45,41,21,18,20,20,20,5,5],"gold":655,"neow_bonus":"THREE_ENEMY_KILL","is_daily":false,"chose_seed":false,"campfire_upgraded":2,"win_rate":0.0,"timestamp":1613382872,"path_taken":["M","?","?","?","?","E","R","M","T","?","?","M","E","?","R","BOSS"],"items_purchased_type":[],"build_version":"2020-12-22","purchased_purges":0,"victory":false,"max_hp_per_floor":[66,66,66,66,66,66,66,66,66,66,66,66,66,66,66,66,66],"relic_stats":{"SsserpentHead":250,"Centennial Puzzle":[12],"counters":[8,31],"War Paint":["Defend_G","Defend_G"],"obtain_stats":[{"SsserpentHead":3,"Centennial Puzzle":5,"NeowsBlessing":0,"Bag of Marbles":9,"Omamori":13,"War Paint":6,"Ring of the Snake":0,"Meat on the Bone":2},{"SsserpentHead":1,"Centennial Puzzle":2,"NeowsBlessing":0,"Bag of Marbles":4,"Omamori":7,"War Paint":3,"Ring of the Snake":0,"Meat on the Bone":1},{"SsserpentHead":1,"Centennial Puzzle":2,"NeowsBlessing":0,"Bag of Marbles":6,"Omamori":25,"War Paint":3,"Ring of the Snake":0,"Meat on the Bone":1}],"Ring of the Snake":[16],"Meat on the Bone":48},"card_choices":[{"not_picked":["Outmaneuver","Setup"],"picked":"Prepared","floor":1},{"not_picked":["Tactician","Finisher"],"picked":"Dagger Throw","floor":4},{"not_picked":["Sucker Punch","Flying Knee"],"picked":"Infinite Blades","floor":6},{"not_picked":["Eviscerate","Deflect","PiercingWail"],"picked":"SKIP","floor":8},{"not_picked":["Dodge and Roll","Grand Finale","Quick Slash"],"picked":"SKIP","floor":10},{"not_picked":["Underhanded Strike","Flying Knee"],"picked":"Infinite Blades","floor":12},{"not_picked":["Poisoned Stab","Acrobatics","Backflip"],"picked":"SKIP","floor":13}],"player_experience":528454,"relics_obtained":[{"floor":5,"key":"Centennial Puzzle"},{"floor":6,"key":"War Paint"},{"floor":9,"key":"Bag of Marbles"},{"floor":13,"key":"Omamori"}],"event_choices":[{"damage_healed":0,"gold_gain":0,"player_choice":"Success","damage_taken":26,"relics_obtained":["Meat on the Bone"],"max_hp_gain":0,"max_hp_loss":0,"event_name":"Scrap Ooze","floor":2,"gold_loss":0},{"damage_healed":0,"gold_gain":0,"player_choice":"Trade","damage_taken":0,"relics_obtained":["SsserpentHead"],"max_hp_gain":0,"max_hp_loss":0,"event_name":"FaceTrader","floor":3,"gold_loss":0},{"damage_healed":0,"gold_gain":0,"player_choice":"Entered Light","damage_taken":20,"max_hp_gain":0,"max_hp_loss":0,"event_name":"Shining Light","floor":11,"gold_loss":0,"cards_upgraded":["Defend_G","Prepared"]},{"damage_healed":0,"gold_gain":150,"player_choice":"AGREE","damage_taken":0,"max_hp_gain":0,"max_hp_loss":0,"event_name":"Liars Game","floor":14,"gold_loss":0,"cards_obtained":["Doubt"]}],"is_beta":false,"boss_relics":[],"items_purged_floors":[],"is_endless":false,"potions_floor_spawned":[6,8,12,13],"killed_by":"Slime Boss","ascension_level":20}}