{"host":"d0btaf6p0msba79e","time":1613398726,"event":{"mods":["BaseMod","BetterRewards","Minty Spire (QoL Compilation)"],"gold_per_floor":[114,289,289,307,321,321,356,356,356,356,379,379,422,442,442,562,562,586,586,625,625,693,693,712,753,776,776,776,776,817,831,831,961,961,980,626,626,651,651,689,689,727,754,1054,1098,1098,1098,1461,1461,1461,1461],"floor_reached":50,"language":"ENG","playtime":3328,"items_purged":["Defend_P+1"],"score":760,"play_id":"1b99fbae-9e49-493a-83e6-4ef991a58983","local_time":"20210216011846","is_ascension_mode":true,"campfire_choices":[{"data":"Eruption","floor":6,"key":"SMITH"},{"floor":8,"key":"RECALL"},{"floor":10,"key":"REST"},{"data":"CutThroughFate","floor":12,"key":"SMITH"},{"floor":15,"key":"REST"},{"floor":23,"key":"REST"},{"floor":27,"key":"REST"},{"data":"Ragnarok","floor":32,"key":"SMITH"},{"data":"Ghostly","floor":41,"key":"SMITH"},{"data":"Study","floor":47,"key":"SMITH"},{"data":"MasterReality","floor":49,"key":"SMITH"}],"circlet_count":0,"master_deck":["Strike_P+1","Strike_P+1","Strike_P+1","Strike_P+1","Defend_P+1","Defend_P+1","Defend_P+1","Eruption+1","Vigilance","FlurryOfBlows","Doubt","CutThroughFate+1","Halt","Ragnarok+1","FlurryOfBlows","Vault","Conclude+1","DevaForm","Ghostly+1","Ghostly","Ghostly","Ghostly","Ghostly","Wireheading","CarveReality","SandsOfTime+1","Scrawl","Pray+1","Study+1","WheelKick","BattleHymn+1","MasterReality+1"],"relics":["Philosopher\u0027s Stone","Golden Idol","StoneCalendar","Torii","Smiling Mask","Sozu","Red Mask","Enchiridion","Ornamental Fan","Juzu Bracelet","Omamori","Cursed Key","Anchor","Bird Faced Urn","FossilizedHelix","Dream Catcher","Bag of Preparation","Old Coin"],"acts_visited":["Exordium","TheCity","TheBeyond"],"potions_floor_usage":[16,20,50],"damage_taken":[{"damage":6,"enemies":"Jaw Worm","floor":1,"turns":6},{"damage":4,"enemies":"2 Louse","floor":4,"turns":3},{"damage":0,"enemies":"Cultist","floor":5,"turns":2},{"damage":13,"enemies":"Lagavulin","floor":7,"turns":6},{"damage":1,"enemies":"Looter","floor":11,"turns":2},{"damage":21,"enemies":"3 Sentries","floor":13,"turns":7},{"damage":11,"enemies":"Exordium Wildlife","floor":14,"turns":4},{"damage":12,"enemies":"Hexaghost","floor":16,"turns":7},{"damage":18,"enemies":"Chosen","floor":18,"turns":5},{"damage":1,"enemies":"Masked Bandits","floor":20,"turns":4},{"damage":0,"enemies":"Spheric Guardian","floor":24,"turns":3},{"damage":33,"enemies":"Book of Stabbing","floor":25,"turns":7},{"damage":0,"enemies":"Gremlin Leader","floor":30,"turns":7},{"damage":0,"enemies":"Snake Plant","floor":31,"turns":5},{"damage":6,"enemies":"Champ","floor":33,"turns":9},{"damage":1,"enemies":"3 Shapes","floor":35,"turns":5},{"damage":0,"enemies":"3 Darklings","floor":38,"turns":5},{"damage":1,"enemies":"Giant Head","floor":40,"turns":5},{"damage":0,"enemies":"Reptomancer","floor":42,"turns":5},{"damage":2,"enemies":"Nemesis","floor":45,"turns":4},{"damage":0,"enemies":"Mind Bloom Boss Battle","floor":48,"turns":4},{"damage":80,"enemies":"Awakened One","floor":50,"turns":7}],"seed_played":"-5805258282065549323","potions_obtained":[{"floor":11,"key":"CultistPotion"},{"floor":14,"key":"Swift Potion"},{"floor":16,"key":"StancePotion"}],"is_trial":false,"path_per_floor":["M","?","?","M","M","R","E","R","T","R","M","R","E","M","R","B",null,"M","?","?","?","T","R","M","E","T","R","?","?","E","M","R","B",null,"M","$","?","M","?","E","R","E","T","?","E","?","R","?","R","B"],"character_chosen":"WATCHER","items_purchased":["Study","WheelKick","Anchor"],"campfire_rested":4,"item_purchase_floors":[36,36,36],"current_hp_per_floor":[66,66,48,44,44,44,31,31,31,52,51,51,30,19,40,28,72,54,54,53,37,37,58,58,25,25,46,36,36,36,36,36,30,36,35,35,35,35,35,34,34,36,36,36,34,34,34,36,36,0,0],"gold":1461,"neow_bonus":"BOSS_RELIC","is_daily":false,"chose_seed":false,"campfire_upgraded":6,"win_rate":0.0,"timestamp":1613398726,"path_taken":["M","?","?","M","M","R","E","R","T","R","M","R","E","M","R","BOSS","M","?","?","?","?","R","M","E","T","R","?","?","E","M","R","BOSS","M","$","?","M","?","E","R","E","T","?","E","?","R","?","R","BOSS"],"items_purchased_type":["Card","Card","Relic"],"build_version":"2020-12-22","purchased_purges":1,"victory":false,"max_hp_per_floor":[72,72,72,72,72,72,72,72,72,72,72,72,72,72,72,72,72,72,72,72,72,72,72,72,72,72,72,36,36,36,36,36,36,36,36,36,36,36,36,36,36,36,36,36,36,36,36,36,36,36,36],"card_choices":[{"not_picked":["Crescendo","Protect"],"picked":"FlurryOfBlows","floor":1},{"not_picked":["ThirdEye","FollowUp"],"picked":"CutThroughFate","floor":4},{"not_picked":["CrushJoints","FollowUp"],"picked":"Halt","floor":5},{"not_picked":["Adaptation","LikeWater","CrushJoints"],"picked":"SKIP","floor":7},{"not_picked":["FollowUp","Meditate","ForeignInfluence"],"picked":"SKIP","floor":11},{"not_picked":["CutThroughFate","Meditate"],"picked":"Ragnarok","floor":13},{"not_picked":["Protect","EmptyFist"],"picked":"FlurryOfBlows","floor":14},{"not_picked":["Scrawl","Ragnarok"],"picked":"Vault","floor":16},{"not_picked":["FollowUp","Swivel+1","MentalFortress"],"picked":"SKIP","floor":18},{"not_picked":["CutThroughFate","EmptyBody"],"picked":"Conclude+1","floor":24},{"not_picked":["Crescendo","Protect"],"picked":"DevaForm","floor":25},{"not_picked":["ThirdEye","Meditate"],"picked":"CarveReality","floor":30},{"not_picked":["CutThroughFate","CarveReality"],"picked":"SandsOfTime+1","floor":31},{"not_picked":["Alpha","DevaForm"],"picked":"Scrawl","floor":33},{"not_picked":["Protect","SashWhip+1"],"picked":"Pray+1","floor":35},{"not_picked":["Purity","Swift Strike"],"picked":"Panache","floor":37},{"not_picked":["EmptyBody+1","JustLucky+1"],"picked":"BattleHymn+1","floor":38},{"not_picked":["DeceiveReality+1","FearNoEvil+1","JustLucky+1"],"picked":"SKIP","floor":40},{"not_picked":["Crescendo","Conclude","CutThroughFate+1"],"picked":"SKIP","floor":42},{"not_picked":["Evaluate","EmptyFist","FollowUp+1"],"picked":"SKIP","floor":45},{"not_picked":["FollowUp+1","SandsOfTime"],"picked":"MasterReality","floor":48}],"player_experience":1018238,"relics_obtained":[{"floor":7,"key":"StoneCalendar"},{"floor":9,"key":"Torii"},{"floor":13,"key":"Smiling Mask"},{"floor":20,"key":"Red Mask"},{"floor":21,"key":"Enchiridion"},{"floor":22,"key":"Ornamental Fan"},{"floor":25,"key":"Juzu Bracelet"},{"floor":30,"key":"Omamori"},{"floor":40,"key":"Bird Faced Urn"},{"floor":42,"key":"FossilizedHelix"},{"floor":43,"key":"Dream Catcher"},{"floor":45,"key":"Bag of Preparation"},{"floor":48,"key":"Old Coin"}],"event_choices":[{"damage_healed":0,"gold_gain":175,"player_choice":"AGREE","damage_taken":0,"max_hp_gain":0,"max_hp_loss":0,"event_name":"Liars Game","floor":2,"gold_loss":0,"cards_obtained":["Doubt"]},{"damage_healed":0,"gold_gain":0,"player_choice":"Take Damage","damage_taken":18,"relics_obtained":["Golden Idol"],"max_hp_gain":0,"max_hp_loss":0,"event_name":"Golden Idol","floor":3,"gold_loss":0},{"damage_healed":0,"gold_gain":0,"player_choice":"Simplicity","damage_taken":0,"max_hp_gain":0,"max_hp_loss":0,"event_name":"Back to Basics","floor":19,"gold_loss":0,"cards_upgraded":["Strike_P","Strike_P","Strike_P","Strike_P","Defend_P","Defend_P","Defend_P","Defend_P"]},{"damage_healed":0,"gold_gain":0,"player_choice":"Fought Bandits","damage_taken":0,"max_hp_gain":0,"max_hp_loss":0,"event_name":"Masked Bandits","floor":20,"gold_loss":0},{"damage_healed":0,"gold_gain":0,"player_choice":"Obtained Book","damage_taken":16,"max_hp_gain":0,"max_hp_loss":0,"event_name":"Cursed Tome","floor":21,"gold_loss":0},{"damage_healed":0,"gold_gain":0,"player_choice":"Became a Ghost","damage_taken":0,"max_hp_gain":0,"max_hp_loss":36,"event_name":"Ghosts","floor":28,"gold_loss":0,"cards_obtained":["Ghostly","Ghostly","Ghostly","Ghostly","Ghostly"]},{"damage_healed":0,"gold_gain":0,"player_choice":"Read","damage_taken":0,"max_hp_gain":0,"max_hp_loss":0,"event_name":"The Library","floor":29,"gold_loss":0,"cards_obtained":["Wireheading"]},{"damage_healed":0,"gold_gain":0,"player_choice":"Memory 1","damage_taken":0,"max_hp_gain":0,"max_hp_loss":0,"event_name":"SensoryStone","floor":37,"gold_loss":0},{"cards_removed":["Panache"],"damage_healed":0,"gold_gain":0,"player_choice":"Removed Power","damage_taken":0,"max_hp_gain":0,"max_hp_loss":0,"event_name":"Falling","floor":39,"gold_loss":0},{"damage_healed":0,"gold_gain":300,"player_choice":"Gold","damage_taken":0,"max_hp_gain":0,"max_hp_loss":0,"event_name":"Wheel of Change","floor":44,"gold_loss":0},{"damage_healed":0,"gold_gain":0,"player_choice":"Got Potions","damage_taken":0,"max_hp_gain":0,"max_hp_loss":0,"event_name":"Lab","floor":46,"gold_loss":0},{"damage_healed":0,"gold_gain":0,"player_choice":"Fight","damage_taken":0,"max_hp_gain":0,"max_hp_loss":0,"event_name":"MindBloom","floor":48,"gold_loss":0}],"is_beta":false,"boss_relics":[{"not_picked":["Snecko Eye","Pandora\u0027s Box"],"picked":"Sozu"},{"not_picked":["SacredBark","Calling Bell"],"picked":"Cursed Key"}],"items_purged_floors":[36],"is_endless":false,"potions_floor_spawned":[11,14,16,18,20,30,33,48],"killed_by":"Awakened One","ascension_level":2}}