{"host":"gtoa8h4im74f14p0","time":1613349002,"event":{"mods":["AchievementEnabler","BaseMod","Block Reminder","Colored Powertips","Downfall","Hermit","Minty Spire (QoL Compilation)","Reliquary","Shop Mod","StSLib","The Cursed","The Marked"],"gold_per_floor":[111,11,11,29,45,74,94,14,14,44,44,59,59,71,71,173,173,185,185,185,196,4,4,4],"floor_reached":23,"language":"ENG","playtime":1986,"items_purged":[],"score":211,"play_id":"dd34a570-128b-4fad-be78-786d90bb5860","local_time":"20210214193002","is_ascension_mode":false,"campfire_choices":[{"floor":11,"key":"REST"},{"floor":15,"key":"REST"}],"circlet_count":0,"master_deck":["Strike_G+1","Strike_G+1","Strike_G+1","Strike_G+1","Strike_G+1","Defend_G+1","Defend_G+1","Defend_G+1","Defend_G+1","Defend_G+1","Survivor","Neutralize","Poisoned Stab","Sucker Punch","Footwork","Slice","Dagger Spray","Terror","Infinite Blades","PiercingWail","Backstab","Dodge and Roll","Burst","Slice","Tools of the Trade","Flying Knee+1","RitualDagger","Endless Agony","Caltrops","Slice","Flying Knee","Deflect"],"relics":["Ring of the Snake","NlothsMask","Anchor","CaptainsWheel","HoveringKite"],"acts_visited":["Exordium","TheCity"],"potions_floor_usage":[10,13,23],"damage_taken":[{"damage":0,"enemies":"Jaw Worm","floor":1,"turns":3},{"damage":0,"enemies":"Cultist","floor":4,"turns":3},{"damage":0,"enemies":"Small Slimes","floor":5,"turns":2},{"damage":39,"enemies":"3 Sentries","floor":6,"turns":10},{"damage":0,"enemies":"2 Fungi Beasts","floor":7,"turns":4},{"damage":12,"enemies":"Gremlin Nob","floor":10,"turns":4},{"damage":0,"enemies":"Looter","floor":12,"turns":2},{"damage":0,"enemies":"3 Sentries","floor":13,"turns":1},{"damage":0,"enemies":"Lots of Slimes","floor":14,"turns":5},{"damage":43,"enemies":"Slime Boss","floor":16,"turns":16},{"damage":15,"enemies":"3 Byrds","floor":18,"turns":7},{"damage":10,"enemies":"Spheric Guardian","floor":21,"turns":4},{"damage":45,"enemies":"Gremlin Leader","floor":23,"turns":4}],"seed_played":"-5454298601211321261","potions_obtained":[{"floor":5,"key":"SmokeBomb"},{"floor":6,"key":"Guardian:BlockOnCardUsePotion"},{"floor":16,"key":"ColorlessPotion"},{"floor":21,"key":"Energy Potion"}],"is_trial":false,"path_per_floor":["M","$","?","M","M","E","M","$","T","E","R","M","E","M","R","B",null,"M","?","?","M","$","E"],"character_chosen":"THE_SILENT","items_purchased":["Footwork","Slice","Backstab","Caltrops","Slice","Flying Knee","Deflect"],"campfire_rested":2,"item_purchase_floors":[2,2,8,22,22,22,22],"current_hp_per_floor":[70,70,70,70,70,31,31,31,31,19,40,40,40,40,61,18,70,55,49,49,39,39,0,0],"gold":4,"neow_bonus":"THREE_CARDS","is_daily":false,"chose_seed":false,"campfire_upgraded":0,"win_rate":0.0,"timestamp":1613349002,"path_taken":["M","$","?","M","?","E","M","$","T","E","R","M","E","M","R","BOSS","M","?","?","M","$","E"],"items_purchased_type":["Card","Card","Card","Card","Card","Card","Card"],"build_version":"2020-12-22","purchased_purges":0,"victory":false,"max_hp_per_floor":[70,70,70,70,70,70,70,70,70,70,70,70,70,70,70,70,70,70,70,70,70,70,70,70],"card_choices":[{"not_picked":["All Out Attack","Outmaneuver"],"picked":"Poisoned Stab","floor":0},{"not_picked":["Calculated Gamble","Reflex"],"picked":"Sucker Punch","floor":1},{"not_picked":["Underhanded Strike","Finisher"],"picked":"Dagger Spray","floor":4},{"not_picked":["Dagger Spray","Blade Dance"],"picked":"Terror","floor":5},{"not_picked":["Outmaneuver","Expertise"],"picked":"Infinite Blades","floor":6},{"not_picked":["Dagger Throw","Quick Slash"],"picked":"PiercingWail","floor":7},{"not_picked":["Acrobatics","Riddle With Holes"],"picked":"Dodge and Roll","floor":10},{"not_picked":["Blur","Endless Agony"],"picked":"Burst","floor":12},{"not_picked":["Eviscerate","Dagger Throw"],"picked":"Slice","floor":14},{"not_picked":["Bullet Time","Adrenaline"],"picked":"Tools of the Trade","floor":16},{"not_picked":["Backflip","Sucker Punch+1"],"picked":"Flying Knee+1","floor":18},{"not_picked":["Heel Hook","Calculated Gamble"],"picked":"Endless Agony","floor":21}],"player_experience":33418,"relics_obtained":[{"floor":6,"key":"Anchor"},{"floor":10,"key":"CaptainsWheel"}],"event_choices":[{"damage_healed":0,"gold_gain":0,"player_choice":"Trade","damage_taken":0,"relics_obtained":["NlothsMask"],"max_hp_gain":0,"max_hp_loss":0,"event_name":"FaceTrader","floor":3,"gold_loss":0},{"damage_healed":0,"gold_gain":0,"player_choice":"Joined the Cult","damage_taken":6,"max_hp_gain":0,"max_hp_loss":0,"event_name":"Nest","floor":19,"gold_loss":0,"cards_obtained":["RitualDagger"]},{"damage_healed":0,"gold_gain":0,"player_choice":"Simplicity","damage_taken":0,"max_hp_gain":0,"max_hp_loss":0,"event_name":"Back to Basics","floor":20,"gold_loss":0,"cards_upgraded":["Strike_G","Strike_G","Strike_G","Strike_G","Strike_G","Defend_G","Defend_G","Defend_G","Defend_G","Defend_G"]}],"is_beta":false,"boss_relics":[{"not_picked":["Ectoplasm","Empty Cage"],"picked":"HoveringKite"}],"items_purged_floors":[],"is_endless":false,"potions_floor_spawned":[5,6,13,16,21],"killed_by":"Gremlin Leader","ascension_level":0}}