{"host":"piyeakrcma5mdvsv","time":1613425952,"event":{"mods":["AchievementEnabler","BaseMod","BetterRewards","Colored Map","Colored Powertips","Googly Eyes","Highlight Path","Minty Spire (QoL Compilation)","Quick Restart","Rare Cards Sparkle","Shop Mod","StSLib","SuperFastMode"],"gold_per_floor":[109,109,109,284,559,572,586,607,607,628,641,338,354,370,370,489,489,460,479,479,479,503,503,602,620,620,644,644,123,123,123],"floor_reached":30,"language":"ENG","playtime":908,"items_purged":["Strike_R","Strike_R"],"score":376,"play_id":"d72fce8b-9275-4cbd-acbf-bd4ff8d9d714","local_time":"20210215165232","is_ascension_mode":false,"campfire_choices":[{"floor":15,"key":"REST"},{"floor":23,"key":"REST"},{"floor":28,"key":"REST"}],"circlet_count":0,"master_deck":["Strike_R","Defend_R","Defend_R","Defend_R","Bash","Body Slam","Body Slam","Injury","Doubt","Regret","Power Through","Fire Breathing","Wild Strike","Reckless Charge","Shrug It Off","Hemokinesis","Reaper","Metamorphosis"],"relics":["Burning Blood","Du-Vu Doll","Golden Idol","Singing Bowl","MerchantsRug","SlaversCollar","Thread and Needle"],"acts_visited":["Exordium","TheCity"],"potions_floor_usage":[16,18,27],"damage_taken":[{"damage":9,"enemies":"2 Louse","floor":1,"turns":4},{"damage":13,"enemies":"Jaw Worm","floor":6,"turns":3},{"damage":8,"enemies":"Cultist","floor":7,"turns":3},{"damage":13,"enemies":"Red Slaver","floor":8,"turns":3},{"damage":33,"enemies":"Gremlin Gang","floor":10,"turns":6},{"damage":10,"enemies":"Looter","floor":11,"turns":2},{"damage":16,"enemies":"Blue Slaver","floor":13,"turns":3},{"damage":18,"enemies":"Large Slime","floor":14,"turns":6},{"damage":67,"enemies":"Hexaghost","floor":16,"turns":11},{"damage":29,"enemies":"2 Thieves","floor":18,"turns":5},{"damage":45,"enemies":"Shell Parasite","floor":19,"turns":6},{"damage":33,"enemies":"Centurion and Healer","floor":22,"turns":6},{"damage":61,"enemies":"Shelled Parasite and Fungi","floor":25,"turns":5},{"damage":26,"enemies":"Chosen and Byrds","floor":27,"turns":5},{"damage":64,"enemies":"Centurion and Healer","floor":30,"turns":5}],"seed_played":"-929559438152485406","potions_obtained":[{"floor":7,"key":"Ancient Potion"},{"floor":10,"key":"Ancient Potion"},{"floor":14,"key":"BloodPotion"},{"floor":16,"key":"BloodPotion"},{"floor":18,"key":"GamblersBrew"},{"floor":27,"key":"FearPotion"}],"is_trial":false,"path_per_floor":["M","?","T","?","?","M","M","M","T","M","M","$","M","M","R","B",null,"M","M","?","?","M","R","?","M","T","M","R","$","M"],"character_chosen":"IRONCLAD","items_purchased":["Orrery","MerchantsRug","Metamorphosis","Thread and Needle"],"campfire_rested":3,"item_purchase_floors":[12,12,29,29],"current_hp_per_floor":[77,77,77,77,77,70,68,61,61,34,32,40,32,22,50,9,96,92,53,53,53,40,69,69,26,26,18,48,48,0,0],"gold":123,"neow_bonus":"","is_daily":false,"chose_seed":false,"campfire_upgraded":0,"win_rate":0.0,"timestamp":1613425952,"path_taken":["M","?","?","?","?","M","M","?","T","M","M","?","M","M","R","BOSS","M","?","?","?","M","R","?","?","T","M","R","?","M"],"items_purchased_type":["Relic","Relic","Card","Relic"],"build_version":"2020-12-22","purchased_purges":2,"victory":false,"max_hp_per_floor":[80,80,80,80,80,80,80,80,80,80,82,90,92,94,94,96,96,96,96,96,96,98,98,98,100,100,102,102,102,102,102],"card_choices":[{"not_picked":["Flame Barrier","Twin Strike"],"picked":"Body Slam","floor":1},{"not_picked":["Dual Wield","Clothesline","Shrug It Off"],"picked":"SKIP","floor":6},{"not_picked":["Clothesline","Hemokinesis","Carnage"],"picked":"SKIP","floor":7},{"not_picked":["Clothesline","Rage"],"picked":"Power Through","floor":8},{"not_picked":["True Grit","Clash"],"picked":"Fire Breathing","floor":10},{"not_picked":["Body Slam","Pommel Strike","Armaments"],"picked":"Singing Bowl","floor":11},{"not_picked":["Whirlwind","Perfected Strike","Uppercut"],"picked":"Singing Bowl","floor":12},{"not_picked":["Headbutt","Combust","Flex"],"picked":"Singing Bowl","floor":12},{"not_picked":["Demon Form","Perfected Strike"],"picked":"Wild Strike","floor":12},{"not_picked":["Armaments","Shrug It Off","Dropkick"],"picked":"Singing Bowl","floor":12},{"not_picked":["Hemokinesis","Body Slam","Cleave"],"picked":"Singing Bowl","floor":12},{"not_picked":["Heavy Blade","Armaments","Sentinel"],"picked":"Singing Bowl","floor":13},{"not_picked":["Pummel","Carnage","Blood for Blood"],"picked":"Singing Bowl","floor":14},{"not_picked":["Berserk","Juggernaut","Feed"],"picked":"Singing Bowl","floor":16},{"not_picked":["True Grit","Headbutt+1"],"picked":"Reckless Charge","floor":18},{"not_picked":["Iron Wave","Havoc"],"picked":"Shrug It Off","floor":19},{"not_picked":["Spot Weakness","True Grit+1","Limit Break"],"picked":"Singing Bowl","floor":22},{"not_picked":["Iron Wave+1","Flex","Headbutt"],"picked":"Singing Bowl","floor":25},{"not_picked":["Bloodletting","Headbutt+1","Uppercut+1"],"picked":"Singing Bowl","floor":27}],"player_experience":285537,"relics_obtained":[{"floor":9,"key":"Singing Bowl"},{"floor":26,"key":"Blue Candle"}],"event_choices":[{"damage_healed":0,"gold_gain":0,"player_choice":"Take Wound","damage_taken":0,"relics_obtained":["Golden Idol"],"max_hp_gain":0,"max_hp_loss":0,"event_name":"Golden Idol","floor":2,"gold_loss":0,"cards_obtained":["Injury"]},{"damage_healed":0,"gold_gain":175,"player_choice":"AGREE","damage_taken":0,"max_hp_gain":0,"max_hp_loss":0,"event_name":"Liars Game","floor":4,"gold_loss":0,"cards_obtained":["Doubt"]},{"damage_healed":0,"gold_gain":275,"player_choice":"Desecrate","damage_taken":0,"max_hp_gain":0,"max_hp_loss":0,"event_name":"Golden Shrine","floor":5,"gold_loss":0,"cards_obtained":["Regret"]},{"cards_removed":["Exhume"],"damage_healed":0,"gold_gain":0,"player_choice":"Elegance","damage_taken":0,"max_hp_gain":0,"max_hp_loss":0,"event_name":"Back to Basics","floor":20,"gold_loss":0},{"damage_healed":0,"gold_gain":0,"cards_transformed":["Strike_R","Strike_R"],"player_choice":"Became Test Subject","damage_taken":0,"max_hp_gain":0,"max_hp_loss":0,"event_name":"Drug Dealer","floor":21,"gold_loss":0,"cards_obtained":["Hemokinesis","Reaper"]},{"damage_healed":0,"gold_gain":99,"player_choice":"Stole From Cult","damage_taken":0,"max_hp_gain":0,"max_hp_loss":0,"event_name":"Nest","floor":24,"gold_loss":0}],"is_beta":false,"boss_relics":[{"not_picked":["Runic Dome","Tiny House"],"picked":"SlaversCollar"}],"items_purged_floors":[12,29],"is_endless":false,"potions_floor_spawned":[7,10,14,16,18,27],"killed_by":"Centurion and Healer","ascension_level":0}}