{"host":"bgyhjzqafgkxdxsh","time":1613385530,"event":{"mods":["BaseMod","Colored Map","Minty Spire (QoL Compilation)","Relic Stats","StSLib","everything is the same but u backflip on backflip"],"gold_per_floor":[114,114,129,144,144,174,174,174,174,204,216,258,270,57,57,157,157,172,184,184,199,214,244,244,244,269,299,214,35,35,65,65,165,165,180,216,216,216,16,46,268,268,343,343,373,373,373,96,96,96],"floor_reached":51,"language":"ENG","playtime":2081,"items_purged":["Strike_R","Strike_R"],"score":796,"play_id":"b06e68eb-e0bd-480b-b6e5-3f5486546998","local_time":"20210215203850","daily_mods":["Heirloom","Flight","Night Terrors"],"is_ascension_mode":false,"campfire_choices":[{"data":"Bash","floor":7,"key":"SMITH"},{"data":"Combust","floor":8,"key":"SMITH"},{"data":"Clash","floor":11,"key":"SMITH"},{"data":"Pommel Strike","floor":13,"key":"SMITH"},{"data":"Ghostly Armor","floor":15,"key":"SMITH"},{"data":"Clothesline","floor":24,"key":"SMITH"},{"data":"Transmutation","floor":30,"key":"SMITH"},{"floor":32,"key":"REST"},{"data":"Disarm","floor":44,"key":"SMITH"},{"floor":47,"key":"REST"},{"data":"Limit Break","floor":49,"key":"SMITH"}],"circlet_count":0,"master_deck":["Strike_R+1","Defend_R+1","Defend_R+1","Defend_R+1","Bash+1","Combust+1","Clothesline+1","Shrug It Off","Clash+1","Ghostly Armor+1","Pommel Strike+1","Blood for Blood+1","Rupture+1","Combust+1","Disarm+1","Headbutt+1","Transmutation+1","Limit Break+1","Havoc+1","Havoc+1","Twin Strike","Hemokinesis","Reaper"],"relics":["Black Blood","Torii","Anchor","Orichalcum","MawBank","Letter Opener","PreservedInsect","Empty Cage","Red Mask","Lantern","MutagenicStrength","Smiling Mask","War Paint","Self Forming Clay","Juzu Bracelet","Unceasing Top","Toy Ornithopter","The Courier","White Beast Statue","CaptainsWheel","Blood Vial"],"acts_visited":["Exordium","TheCity","TheBeyond"],"potions_floor_usage":[5,6,22,22,23,23,23,40,40],"damage_taken":[{"damage":7,"enemies":"2 Louse","floor":1,"turns":3},{"damage":2,"enemies":"Jaw Worm","floor":3,"turns":3},{"damage":1,"enemies":"Cultist","floor":4,"turns":3},{"damage":0,"enemies":"Gremlin Gang","floor":5,"turns":1},{"damage":24,"enemies":"Lagavulin","floor":6,"turns":7},{"damage":7,"enemies":"3 Sentries","floor":10,"turns":5},{"damage":15,"enemies":"Lagavulin","floor":12,"turns":5},{"damage":16,"enemies":"Hexaghost","floor":16,"turns":10},{"damage":5,"enemies":"2 Thieves","floor":18,"turns":3},{"damage":39,"enemies":"Masked Bandits","floor":19,"turns":5},{"damage":15,"enemies":"Spheric Guardian","floor":21,"turns":4},{"damage":6,"enemies":"Cultist and Chosen","floor":22,"turns":4},{"damage":8,"enemies":"Book of Stabbing","floor":23,"turns":4},{"damage":18,"enemies":"Slavers","floor":27,"turns":3},{"damage":7,"enemies":"Book of Stabbing","floor":31,"turns":5},{"damage":48,"enemies":"Champ","floor":33,"turns":13},{"damage":9,"enemies":"Orb Walker","floor":35,"turns":3},{"damage":61,"enemies":"2 Orb Walkers","floor":36,"turns":6},{"damage":39,"enemies":"Nemesis","floor":40,"turns":5},{"damage":24,"enemies":"Reptomancer","floor":45,"turns":5},{"damage":76,"enemies":"Time Eater","floor":50,"turns":9}],"seed_played":"5535013652570512859","potions_obtained":[{"floor":1,"key":"SpeedPotion"},{"floor":3,"key":"SmokeBomb"},{"floor":6,"key":"Explosive Potion"},{"floor":18,"key":"EntropicBrew"},{"floor":21,"key":"AttackPotion"},{"floor":27,"key":"BloodPotion"},{"floor":36,"key":"BloodPotion"},{"floor":45,"key":"SteroidPotion"}],"is_trial":false,"path_per_floor":["M","?","M","M","M","E","R","R","T","E","R","E","R","$","R","B",null,"M","?","?","M","M","E","R","?","T","E","?","$","R","E","R","B",null,"M","?","?","?","$","E","?","?","T","R","E","?","R","$","R","B",null],"character_chosen":"IRONCLAD","items_purchased":["PreservedInsect","Transmutation","Toy Ornithopter","Hemokinesis","Reaper","Blood Vial"],"campfire_rested":2,"item_purchase_floors":[14,29,39,48,48,48],"current_hp_per_floor":[79,63,67,72,78,60,60,60,60,59,59,50,50,50,50,40,80,80,47,47,38,38,36,36,36,36,24,24,24,24,23,75,33,75,75,26,26,26,26,37,37,37,37,37,25,25,66,66,66,26],"gold":96,"neow_bonus":"","is_daily":true,"chose_seed":false,"campfire_upgraded":9,"win_rate":0.0,"timestamp":1613385530,"path_taken":["M","?","M","M","M","E","R","R","T","E","R","E","R","?","R","BOSS","M","?","?","?","?","E","R","?","T","E","?","$","R","E","R","BOSS","M","?","?","?","$","E","?","?","T","R","E","?","R","$","R","BOSS"],"items_purchased_type":["Relic","Card","Relic","Card","Card","Relic"],"build_version":"2020-12-22","purchased_purges":2,"victory":true,"max_hp_per_floor":[80,80,80,80,80,80,80,80,80,80,80,80,80,80,80,80,80,80,80,80,80,80,80,80,80,80,80,80,80,80,80,75,75,75,75,75,75,71,71,71,71,71,71,71,71,71,66,66,66,66],"relic_stats":{"Torii":56,"counters":[21,106],"Self Forming Clay":[168],"Black Blood":152,"PreservedInsect":227,"Juzu Bracelet":1,"Letter Opener":[121],"Orichalcum":[60],"War Paint":["Defend_R","Defend_R"],"MawBank":48,"Smiling Mask":50,"Blood Vial":0,"obtain_stats":[{"Lantern":23,"Torii":0,"Self Forming Clay":28,"Black Blood":34,"PreservedInsect":14,"The Courier":40,"Juzu Bracelet":31,"Letter Opener":12,"Orichalcum":9,"War Paint":27,"MawBank":10,"Empty Cage":17,"Smiling Mask":26,"Burning Blood":0,"White Beast Statue":43,"Blood Vial":48,"Anchor":6,"CaptainsWheel":45,"MutagenicStrength":25,"Red Mask":19,"Unceasing Top":36,"Toy Ornithopter":39},{"Lantern":13,"Torii":0,"Self Forming Clay":14,"Black Blood":16,"PreservedInsect":7,"The Courier":19,"Juzu Bracelet":15,"Letter Opener":7,"Orichalcum":5,"War Paint":14,"MawBank":6,"Empty Cage":8,"Smiling Mask":13,"Burning Blood":0,"White Beast Statue":19,"Blood Vial":20,"Anchor":5,"CaptainsWheel":20,"MutagenicStrength":13,"Red Mask":10,"Unceasing Top":18,"Toy Ornithopter":18},{"Lantern":57,"Torii":0,"Self Forming Clay":60,"Black Blood":78,"PreservedInsect":27,"The Courier":92,"Juzu Bracelet":65,"Letter Opener":27,"Orichalcum":17,"War Paint":60,"MawBank":22,"Empty Cage":37,"Smiling Mask":57,"Burning Blood":0,"White Beast Statue":92,"Blood Vial":97,"Anchor":17,"CaptainsWheel":97,"MutagenicStrength":57,"Red Mask":45,"Unceasing Top":87,"Toy Ornithopter":87}],"Unceasing Top":[0],"Toy Ornithopter":10},"card_choices":[{"not_picked":["Dark Embrace","Body Slam"],"picked":"Combust","floor":1},{"not_picked":["Disarm","Dual Wield"],"picked":"Clothesline","floor":3},{"not_picked":["Body Slam","Heavy Blade"],"picked":"Shrug It Off","floor":4},{"not_picked":["Bloodletting","Anger"],"picked":"Clash","floor":6},{"not_picked":["Entrench","Perfected Strike"],"picked":"Ghostly Armor","floor":10},{"not_picked":["Impervious","Clothesline"],"picked":"Pommel Strike","floor":12},{"not_picked":["Sword Boomerang","Warcry"],"picked":"Blood for Blood+1","floor":18},{"not_picked":["Havoc","Perfected Strike+1"],"picked":"Rupture","floor":19},{"not_picked":["Sword Boomerang","Clothesline","Carnage"],"picked":"SKIP","floor":21},{"not_picked":["Sword Boomerang","Pommel Strike"],"picked":"Disarm","floor":22},{"not_picked":["Bludgeon","Feel No Pain+1"],"picked":"Headbutt+1","floor":23},{"not_picked":["Flex+1","Inflame+1","Burning Pact"],"picked":"SKIP","floor":27},{"not_picked":["Carnage","Rage","Shrug It Off"],"picked":"SKIP","floor":31},{"not_picked":["Immolate","Brutality"],"picked":"Limit Break","floor":33},{"not_picked":["Metallicize+1","Heavy Blade+1"],"picked":"Havoc+1","floor":35},{"not_picked":["True Grit","Headbutt"],"picked":"Havoc+1","floor":36},{"not_picked":["Headbutt+1","Twin Strike","Warcry"],"picked":"SKIP","floor":40},{"not_picked":["Headbutt+1","Warcry"],"picked":"Twin Strike","floor":40},{"not_picked":["Flame Barrier","Evolve","Pommel Strike+1"],"picked":"SKIP","floor":45}],"player_experience":529014,"relics_obtained":[{"floor":6,"key":"Anchor"},{"floor":9,"key":"Orichalcum"},{"floor":10,"key":"MawBank"},{"floor":12,"key":"Letter Opener"},{"floor":19,"key":"Red Mask"},{"floor":23,"key":"Lantern"},{"floor":26,"key":"Smiling Mask"},{"floor":27,"key":"War Paint"},{"floor":31,"key":"Juzu Bracelet"},{"floor":36,"key":"Unceasing Top"},{"floor":40,"key":"The Courier"},{"floor":43,"key":"White Beast Statue"},{"floor":45,"key":"CaptainsWheel"}],"event_choices":[{"damage_healed":0,"gold_gain":0,"player_choice":"Entered Light","damage_taken":16,"max_hp_gain":0,"max_hp_loss":0,"event_name":"Shining Light","floor":2,"gold_loss":0,"cards_upgraded":["Strike_R","Defend_R"]},{"damage_healed":0,"gold_gain":0,"player_choice":"Fought Bandits","damage_taken":0,"max_hp_gain":0,"max_hp_loss":0,"event_name":"Masked Bandits","floor":19,"gold_loss":0},{"damage_healed":0,"gold_gain":0,"player_choice":"Copied","damage_taken":0,"max_hp_gain":0,"max_hp_loss":0,"event_name":"Duplicator","floor":20,"gold_loss":0,"cards_obtained":["Combust"]},{"damage_healed":0,"gold_gain":0,"player_choice":"Inject Mutagens","damage_taken":0,"relics_obtained":["MutagenicStrength"],"max_hp_gain":0,"max_hp_loss":0,"event_name":"Drug Dealer","floor":25,"gold_loss":0},{"damage_healed":0,"gold_gain":0,"player_choice":"Obtained Relic","damage_taken":0,"relics_obtained":["Self Forming Clay"],"max_hp_gain":0,"max_hp_loss":0,"event_name":"Addict","floor":28,"gold_loss":85},{"damage_healed":0,"gold_gain":0,"player_choice":"Fight","damage_taken":0,"max_hp_gain":0,"max_hp_loss":0,"event_name":"Mysterious Sphere","floor":36,"gold_loss":0},{"cards_removed":["Strike_R"],"damage_healed":0,"gold_gain":0,"player_choice":"Removed Attack","damage_taken":0,"max_hp_gain":0,"max_hp_loss":0,"event_name":"Falling","floor":37,"gold_loss":0},{"damage_healed":0,"gold_gain":0,"player_choice":"Max HP","damage_taken":0,"max_hp_gain":0,"max_hp_loss":4,"event_name":"Winding Halls","floor":38,"gold_loss":0},{"damage_healed":0,"gold_gain":222,"player_choice":"Wore Mask","damage_taken":0,"max_hp_gain":0,"max_hp_loss":0,"event_name":"Tomb of Lord Red Mask","floor":41,"gold_loss":0},{"damage_healed":0,"gold_gain":0,"player_choice":"Upgraded","damage_taken":0,"max_hp_gain":0,"max_hp_loss":0,"event_name":"Upgrade Shrine","floor":42,"gold_loss":0,"cards_upgraded":["Rupture"]},{"damage_healed":0,"gold_gain":0,"player_choice":"Memory 1","damage_taken":0,"max_hp_gain":0,"max_hp_loss":0,"event_name":"SensoryStone","floor":46,"gold_loss":0}],"is_beta":false,"boss_relics":[{"not_picked":["Snecko Eye","Coffee Dripper"],"picked":"Empty Cage"},{"not_picked":["Runic Cube","Velvet Choker"],"picked":"Black Blood"}],"items_purged_floors":[14,39],"is_endless":false,"potions_floor_spawned":[1,3,6,18,21,27,36,45],"ascension_level":0}}