{"host":"z7iqwv4hfwwvhc2n","time":1613380064,"event":{"mods":["2.2 Compatiblity","BaseMod","Better Third Choice","BetterRewards","Bossed Relics","Colored Powertips","Minty Spire (QoL Compilation)","Permanent Neow","Quick Restart","Relic Filter","Shop Mod","StSLib","The Cursed"],"gold_per_floor":[114,127,144,155,165,191,191,191,191],"floor_reached":8,"language":"JPN","playtime":565,"items_purged":[],"score":60,"play_id":"982d85e4-ed8e-4cbc-9855-53855abedf40","local_time":"20210215180744","is_ascension_mode":false,"campfire_choices":[{"floor":7,"key":"REST"}],"circlet_count":0,"master_deck":["Strike_P","Strike_P","Strike_P","Strike_P","Defend_P","Defend_P","Defend_P","Defend_P","Eruption","Vigilance","BowlingBash","Trip","Adaptation","CrushJoints","Evaluate","CutThroughFate","FollowUp","Swivel","SashWhip","DevaForm"],"relics":["PureWater","Vajra","Nloth\u0027s Gift","Ginger","Enchiridion"],"acts_visited":["Exordium"],"potions_floor_usage":[4,6],"damage_taken":[{"damage":0,"enemies":"2 Louse","floor":1,"turns":1},{"damage":0,"enemies":"Small Slimes","floor":2,"turns":2},{"damage":7,"enemies":"Cultist","floor":3,"turns":3},{"damage":1,"enemies":"Blue Slaver","floor":4,"turns":2},{"damage":6,"enemies":"Large Slime","floor":5,"turns":5},{"damage":37,"enemies":"3 Sentries","floor":6,"turns":4},{"damage":37,"enemies":"Lagavulin","floor":8,"turns":7}],"seed_played":"1285629041181377283","potions_obtained":[{"floor":1,"key":"Weak Potion"},{"floor":2,"key":"DuplicationPotion"},{"floor":5,"key":"Energy Potion"},{"floor":6,"key":"AttackPotion"}],"is_trial":false,"path_per_floor":["M","M","M","M","M","E","R","E"],"character_chosen":"WATCHER","items_purchased":["Nloth\u0027s Gift","Ginger","BowlingBash","Trip","Adaptation","CrushJoints"],"campfire_rested":1,"item_purchase_floors":[0,0,0,0,0,0],"current_hp_per_floor":[67,67,60,59,53,16,36,0,0],"gold":191,"neow_bonus":"","is_daily":false,"chose_seed":false,"campfire_upgraded":0,"win_rate":0.0,"timestamp":1613380064,"path_taken":["M","M","M","M","M","E","R","E"],"items_purchased_type":["Relic","Relic","Card","Card","Card","Card"],"build_version":"2020-12-22","purchased_purges":0,"victory":false,"max_hp_per_floor":[67,67,67,67,67,67,67,67,67],"card_choices":[{"not_picked":["MasterReality","EmptyMind"],"picked":"Evaluate","floor":1},{"not_picked":["Study","EmptyBody"],"picked":"CutThroughFate","floor":2},{"not_picked":["MasterReality","Collect"],"picked":"FollowUp","floor":3},{"not_picked":["SandsOfTime","EmptyFist"],"picked":"Swivel","floor":4},{"not_picked":["EmptyBody","EmptyFist"],"picked":"SashWhip","floor":5},{"not_picked":["Judgement","FollowUp"],"picked":"DevaForm","floor":6}],"player_experience":56341,"relics_obtained":[{"floor":6,"key":"Enchiridion"}],"event_choices":[],"is_beta":false,"boss_relics":[],"items_purged_floors":[],"is_endless":false,"potions_floor_spawned":[1,2,5,6],"killed_by":"Lagavulin","ascension_level":0}}