{"host":"AZZAM","time":1613353920,"event":{"mods":["BaseMod","Colored Map","Highlight Path","Minty Spire (QoL Compilation)","Relic Stats","Unceasing Turn Reminder"],"gold_per_floor":[12,12,26,42,217,256,333,33,33,46,89,113,153,168,168,296,296,310,333,333,333,352,352,2,2,2,2,15,59,83,116,116,239,302,317,340,354,354,369,369,369,369,392,392,432,432,475,273,273,273,273,273,35,70,70],"floor_reached":56,"language":"ENG","playtime":2720,"items_purged":["Zap"],"score":1569,"play_id":"7ad24676-e6b4-4d34-8ae2-c85b8fabe9d0","local_time":"20210215045200","is_ascension_mode":true,"campfire_choices":[{"floor":15,"key":"DIG"},{"floor":23,"key":"DIG"},{"floor":25,"key":"DIG"},{"floor":27,"key":"DIG"},{"data":"Doubt","floor":32,"key":"PURGE"},{"floor":40,"key":"RECALL"},{"data":"Gash","floor":42,"key":"PURGE"},{"floor":46,"key":"DIG"},{"floor":49,"key":"DIG"},{"data":"Strike_B+1","floor":52,"key":"PURGE"}],"circlet_count":0,"master_deck":["Strike_B+1","Strike_B+1","Defend_B+1","Defend_B+1","Defend_B+1","Dualcast","Rainbow","Reprogram","Cold Snap","Go for the Eyes","Consume","Biased Cognition+1","Rip and Tear","Steam Power+1","Redo+1","Echo Form","Core Surge","Loop","Conserve Battery+1","Hologram+1","Ball Lightning+1","Steam+1","Coolheaded+1","Undo+1","Hologram+1","Meteor Strike","Aggregate+1","Reinforced Body+1","Compile Driver","Rebound","Self Repair+1","Dark Shackles+1","Panacea+1","Finesse+1","Electrodynamics+1","Jack Of All Trades+1","Steam Power+1","Biased Cognition+1","Coolheaded+1"],"relics":["Cracked Core","Golden Idol","Orichalcum","Ornamental Fan","Toxic Egg 2","Meat on the Bone","Shovel","Lizard Tail","Mummified Hand","Cursed Key","Omamori","Membership Card","Kunai","Bag of Marbles","Gambling Chip","Frozen Egg 2","Mercury Hourglass","Peace Pipe","Dead Branch","Tiny House","Bottled Tornado","Centennial Puzzle","InkBottle","Shuriken","Anchor","CaptainsWheel","DollysMirror","Cables"],"acts_visited":["Exordium","TheCity","TheBeyond","TheEnding"],"potions_floor_usage":[13,16,30,31,31,41,55,55],"damage_taken":[{"damage":2,"enemies":"Jaw Worm","floor":1,"turns":3},{"damage":0,"enemies":"Small Slimes","floor":3,"turns":2},{"damage":0,"enemies":"2 Louse","floor":4,"turns":2},{"damage":37,"enemies":"3 Sentries","floor":6,"turns":6},{"damage":7,"enemies":"Red Slaver","floor":10,"turns":2},{"damage":13,"enemies":"Lagavulin","floor":11,"turns":5},{"damage":8,"enemies":"Large Slime","floor":12,"turns":4},{"damage":10,"enemies":"Gremlin Nob","floor":13,"turns":3},{"damage":10,"enemies":"3 Louse","floor":14,"turns":3},{"damage":11,"enemies":"Hexaghost","floor":16,"turns":8},{"damage":6,"enemies":"Chosen","floor":18,"turns":3},{"damage":14,"enemies":"3 Byrds","floor":19,"turns":5},{"damage":19,"enemies":"3 Cultists","floor":22,"turns":5},{"damage":4,"enemies":"Snake Plant","floor":28,"turns":3},{"damage":27,"enemies":"Gremlin Leader","floor":29,"turns":5},{"damage":9,"enemies":"Cultist and Chosen","floor":30,"turns":5},{"damage":0,"enemies":"Slavers","floor":31,"turns":4},{"damage":30,"enemies":"Champ","floor":33,"turns":10},{"damage":0,"enemies":"3 Shapes","floor":35,"turns":3},{"damage":18,"enemies":"3 Darklings","floor":36,"turns":5},{"damage":0,"enemies":"Sphere and 2 Shapes","floor":37,"turns":5},{"damage":2,"enemies":"Spire Growth","floor":39,"turns":4},{"damage":9,"enemies":"Giant Head","floor":41,"turns":7},{"damage":7,"enemies":"Nemesis","floor":45,"turns":7},{"damage":27,"enemies":"Reptomancer","floor":47,"turns":5},{"damage":29,"enemies":"Donu and Deca","floor":50,"turns":7},{"damage":16,"enemies":"Shield and Spear","floor":54,"turns":4},{"damage":77,"enemies":"The Heart","floor":55,"turns":10}],"seed_played":"3722956585588252243","potions_obtained":[{"floor":3,"key":"SpeedPotion"},{"floor":10,"key":"AttackPotion"},{"floor":11,"key":"EssenceOfSteel"},{"floor":14,"key":"BlessingOfTheForge"},{"floor":16,"key":"Regen Potion"},{"floor":31,"key":"FairyPotion"},{"floor":34,"key":"SmokeBomb"},{"floor":36,"key":"Energy Potion"},{"floor":45,"key":"Ancient Potion"}],"is_trial":false,"path_per_floor":["M","?","M","M","?","E","T","$","T","M","E","M","E","M","R","B",null,"M","M","?","?","M","R","$","R","T","R","M","E","M","E","R","B",null,"M","M","M","?","M","R","E","R","T","?","E","R","E","$","R","B",null,"R","$","E","B",null],"character_chosen":"DEFECT","items_purchased":["Ball Lightning","Toxic Egg 2","Membership Card","Kunai","Bag of Marbles","Steam+1","Shuriken","Jack Of All Trades+1","Steam Power+1","CaptainsWheel","DollysMirror"],"campfire_rested":0,"item_purchase_floors":[8,8,24,24,24,24,48,48,53,53,53],"current_hp_per_floor":[73,55,55,55,55,18,18,18,18,23,22,26,28,30,30,31,75,69,55,55,55,48,48,48,48,48,48,44,29,46,46,46,28,80,80,62,62,62,60,60,61,61,61,51,64,64,49,49,49,42,80,80,80,80,25],"gold":70,"neow_bonus":"TRANSFORM_TWO_CARDS","is_daily":false,"chose_seed":false,"campfire_upgraded":0,"win_rate":0.0,"timestamp":1613353920,"path_taken":["M","?","M","M","?","E","?","?","T","?","E","M","E","M","R","BOSS","M","M","?","?","M","R","$","R","T","R","?","E","M","E","R","BOSS","M","M","M","?","M","R","E","R","T","?","E","R","E","$","R","BOSS","R","$","E","BOSS"],"items_purchased_type":["Card","Relic","Relic","Relic","Relic","Card","Relic","Card","Card","Relic","Relic"],"build_version":"2020-12-18","purchased_purges":1,"victory":true,"max_hp_per_floor":[75,75,75,75,75,75,75,75,75,75,75,75,75,75,75,75,75,75,75,75,75,75,75,75,75,75,75,75,75,75,75,75,75,80,80,80,80,80,80,80,80,80,80,80,80,80,80,80,80,80,80,80,80,80,80],"relic_stats":{"counters":[28,133],"Golden Idol":237,"Dead Branch":[46],"Orichalcum":[96],"Cursed Key":2,"Mercury Hourglass":[320],"Cables":[9,5,1,0,3],"Peace Pipe":3,"Lizard Tail":0,"Centennial Puzzle":[12],"Shovel":6,"Ornamental Fan":[176],"Mummified Hand":[110],"Shuriken":[13],"Gambling Chip":[39],"Kunai":[31],"obtain_stats":[{"Tiny House":34,"Bottled Tornado":45,"Cursed Key":17,"Lizard Tail":13,"Centennial Puzzle":46,"Shovel":11,"Mummified Hand":15,"DollysMirror":53,"Gambling Chip":25,"Kunai":24,"Toxic Egg 2":8,"Cracked Core":0,"InkBottle":47,"Golden Idol":2,"Dead Branch":31,"Omamori":23,"Orichalcum":6,"Frozen Egg 2":26,"Mercury Hourglass":27,"Cables":54,"Peace Pipe":29,"Anchor":49,"CaptainsWheel":53,"Ornamental Fan":7,"Shuriken":48,"Bag of Marbles":24,"Membership Card":24,"Meat on the Bone":9},{"Tiny House":18,"Bottled Tornado":24,"Cursed Key":10,"Lizard Tail":8,"Centennial Puzzle":24,"Shovel":6,"Mummified Hand":9,"DollysMirror":26,"Gambling Chip":13,"Kunai":13,"Toxic Egg 2":4,"Cracked Core":0,"InkBottle":25,"Golden Idol":1,"Dead Branch":17,"Omamori":13,"Orichalcum":4,"Frozen Egg 2":13,"Mercury Hourglass":13,"Cables":27,"Peace Pipe":15,"Anchor":25,"CaptainsWheel":26,"Ornamental Fan":4,"Shuriken":25,"Bag of Marbles":13,"Membership Card":13,"Meat on the Bone":4},{"Tiny House":77,"Bottled Tornado":107,"Cursed Key":38,"Lizard Tail":27,"Centennial Puzzle":107,"Shovel":20,"Mummified Hand":30,"DollysMirror":119,"Gambling Chip":51,"Kunai":51,"Toxic Egg 2":13,"Cracked Core":0,"InkBottle":112,"Golden Idol":3,"Dead Branch":67,"Omamori":51,"Orichalcum":13,"Frozen Egg 2":51,"Mercury Hourglass":51,"Cables":123,"Peace Pipe":58,"Anchor":112,"CaptainsWheel":119,"Ornamental Fan":13,"Shuriken":112,"Bag of Marbles":51,"Membership Card":51,"Meat on the Bone":13}],"InkBottle":[18],"Meat on the Bone":156},"card_choices":[{"not_picked":["Barrage","Turbo"],"picked":"Cold Snap","floor":1},{"not_picked":["Compile Driver","Hologram"],"picked":"Go for the Eyes","floor":3},{"not_picked":["Barrage","Hologram"],"picked":"Consume","floor":4},{"not_picked":["Melter","Conserve Battery"],"picked":"Biased Cognition","floor":6},{"not_picked":["Stack+1","Streamline"],"picked":"Rip and Tear","floor":10},{"not_picked":["Hello World","Streamline"],"picked":"Gash","floor":11},{"not_picked":["Barrage","Streamline"],"picked":"Steam Power+1","floor":12},{"not_picked":["Sweeping Beam","Streamline"],"picked":"Redo+1","floor":13},{"not_picked":["Streamline","Compile Driver"],"picked":"Echo Form","floor":14},{"not_picked":["Rainbow+1","Creative AI"],"picked":"Core Surge","floor":16},{"not_picked":["Blizzard","Scrape+1"],"picked":"Loop","floor":18},{"not_picked":["Go for the Eyes","Sweeping Beam+1"],"picked":"Conserve Battery+1","floor":19},{"not_picked":["Barrage","Redo+1"],"picked":"Ball Lightning+1","floor":22},{"not_picked":["Streamline","Chaos+1","Cold Snap"],"picked":"SKIP","floor":28},{"not_picked":["Hello World+1","Gash"],"picked":"Coolheaded+1","floor":29},{"not_picked":["Sweeping Beam+1","Gash"],"picked":"Undo+1","floor":30},{"not_picked":["Darkness+1","Redo+1"],"picked":"Hologram+1","floor":31},{"not_picked":["Rainbow+1","Multi-Cast+1"],"picked":"Meteor Strike","floor":33},{"not_picked":["Compile Driver","Conserve Battery+1"],"picked":"Aggregate+1","floor":34},{"not_picked":["Ball Lightning+1","Gash+1"],"picked":"Reinforced Body+1","floor":35},{"not_picked":["Steam+1","Fusion+1"],"picked":"Compile Driver","floor":36},{"not_picked":["Darkness+1","Gash"],"picked":"Rebound","floor":37},{"not_picked":["Coolheaded+1","Compile Driver"],"picked":"Self Repair+1","floor":39},{"not_picked":["Forethought+1","Blind+1"],"picked":"Dark Shackles+1","floor":44},{"not_picked":["HandOfGreed","Jack Of All Trades+1"],"picked":"Panacea+1","floor":44},{"not_picked":["Secret Weapon+1","Swift Strike"],"picked":"Finesse+1","floor":44},{"not_picked":["Consume+1","Hologram+1","Turbo+1"],"picked":"SKIP","floor":45},{"not_picked":["Consume+1","Steam+1"],"picked":"Electrodynamics+1","floor":47},{"not_picked":["Barrage+1","Hologram+1"],"picked":"Coolheaded+1","floor":54}],"player_experience":92006,"relics_obtained":[{"floor":6,"key":"Orichalcum"},{"floor":7,"key":"Ornamental Fan"},{"floor":9,"key":"Meat on the Bone"},{"floor":11,"key":"Shovel"},{"floor":13,"key":"Lizard Tail"},{"floor":15,"key":"Mummified Hand"},{"floor":23,"key":"Omamori"},{"floor":25,"key":"Gambling Chip"},{"floor":26,"key":"Frozen Egg 2"},{"floor":27,"key":"Mercury Hourglass"},{"floor":29,"key":"Peace Pipe"},{"floor":31,"key":"Dead Branch"},{"floor":45,"key":"Bottled Tornado"},{"floor":46,"key":"Centennial Puzzle"},{"floor":47,"key":"InkBottle"},{"floor":49,"key":"Anchor"},{"floor":54,"key":"Cables"}],"event_choices":[{"damage_healed":0,"gold_gain":0,"player_choice":"Take Damage","damage_taken":18,"relics_obtained":["Golden Idol"],"max_hp_gain":0,"max_hp_loss":0,"event_name":"Golden Idol","floor":2,"gold_loss":0},{"damage_healed":0,"gold_gain":175,"player_choice":"AGREE","damage_taken":0,"max_hp_gain":0,"max_hp_loss":0,"event_name":"Liars Game","floor":5,"gold_loss":0,"cards_obtained":["Doubt"]},{"damage_healed":0,"gold_gain":0,"player_choice":"Simplicity","damage_taken":0,"max_hp_gain":0,"max_hp_loss":0,"event_name":"Back to Basics","floor":20,"gold_loss":0,"cards_upgraded":["Strike_B","Strike_B","Strike_B","Defend_B","Defend_B","Defend_B"]},{"damage_healed":0,"gold_gain":0,"player_choice":"1 cards matched","damage_taken":0,"max_hp_gain":0,"max_hp_loss":0,"event_name":"Match and Keep!","floor":21,"gold_loss":0,"cards_obtained":["Hologram"]},{"cards_removed":["Ball Lightning"],"damage_healed":0,"gold_gain":0,"player_choice":"Removed Attack","damage_taken":0,"max_hp_gain":0,"max_hp_loss":0,"event_name":"Falling","floor":38,"gold_loss":0},{"damage_healed":0,"gold_gain":0,"player_choice":"Memory 3","damage_taken":10,"max_hp_gain":0,"max_hp_loss":0,"event_name":"SensoryStone","floor":44,"gold_loss":0}],"is_beta":true,"boss_relics":[{"not_picked":["FrozenCore","Calling Bell"],"picked":"Cursed Key"},{"not_picked":["Empty Cage","Runic Dome"],"picked":"Tiny House"}],"items_purged_floors":[48],"is_endless":false,"potions_floor_spawned":[3,10,11,14,16,22,28,31,36,37,45],"ascension_level":4}}