{"host":"8anmd7ibyxevnonj","time":1613382484,"event":{"mods":["BaseMod","Curses Come First","Downfall","Minty Spire (QoL Compilation)","Reliquary","StSLib"],"gold_per_floor":[99,110,125,125,135,135,135,135,135,149,149,168,202,220,230,332,332,332,350,361,361,374,400,450,41,41,26,26,58,71,83,102,102,102,102],"floor_reached":33,"language":"ENG","playtime":2489,"items_purged":["Decay"],"score":296,"play_id":"88bfe3d5-8e57-44d4-aecb-39e8e2c1734d","local_time":"20210215104804","is_ascension_mode":false,"campfire_choices":[{"data":"bronze:InfiniteLoop","floor":1,"key":"SMITH"},{"data":"bronze:Boost","floor":6,"key":"SMITH"},{"data":"bronze:Iterate","floor":18,"key":"SMITH"},{"data":"bronze:Philosophize","floor":26,"key":"SMITH"}],"circlet_count":0,"master_deck":["bronze:Strike+1","bronze:Strike+1","bronze:Strike+1","bronze:Strike+1","bronze:Defend+1","bronze:Defend+1","bronze:Defend+1","bronze:Defend+1","bronze:Replicate+1","bronze:Goto","Clumsy","bronze:InfiniteLoop+1","bronze:Iterate+1","bronze:BronzeOrb","bronze:Boost+1","bronze:WhirlingStrike","bronze:Flail","bronze:HyperBeam","bronze:Boost","bronze:OilSpill+1","bronze:Verify","bronze:BronzeOrb","bronze:InfiniteBeams+1","bronze:Return","bronze:Philosophize+1","bronze:Verify","bronze:BronzeOrb","bronze:Deprecate+1","bronze:Allocate","bronze:Iterate"],"relics":["bronze:BronzeCore","Bird Faced Urn","Mummified Hand","downfall:ShatteredFragment","Pen Nib","Philosopher\u0027s Stone","Red Mask","Whetstone","Pear","Kunai"],"acts_visited":["Exordium","TheCity"],"potions_floor_usage":[13,13,15,27,33],"damage_taken":[{"damage":5,"enemies":"Small Slimes","floor":2,"turns":3},{"damage":7,"enemies":"2 Louse","floor":3,"turns":2},{"damage":0,"enemies":"Jaw Worm","floor":5,"turns":2},{"damage":4,"enemies":"Exordium Wildlife","floor":10,"turns":3},{"damage":0,"enemies":"Lots of Slimes","floor":12,"turns":3},{"damage":18,"enemies":"Lagavulin","floor":13,"turns":6},{"damage":2,"enemies":"3 Louse","floor":14,"turns":2},{"damage":0,"enemies":"Exordium Thugs","floor":15,"turns":3},{"damage":17,"enemies":"IC_STATUS_ARCHETYPE","floor":16,"turns":6},{"damage":5,"enemies":"Shell Parasite","floor":19,"turns":3},{"damage":0,"enemies":"Chosen","floor":20,"turns":2},{"damage":0,"enemies":"Snecko","floor":22,"turns":2},{"damage":0,"enemies":"Masked Bandits","floor":23,"turns":2},{"damage":25,"enemies":"downfall:FleeingMerchant","floor":25,"turns":4},{"damage":20,"enemies":"downfall:FleeingMerchant","floor":27,"turns":4},{"damage":7,"enemies":"Slavers","floor":29,"turns":3},{"damage":0,"enemies":"Cultist and Chosen","floor":30,"turns":3},{"damage":6,"enemies":"Snake Plant","floor":31,"turns":2},{"damage":0,"enemies":"Centurion and Healer","floor":32,"turns":3},{"damage":58,"enemies":"DF_ARCHETYPE_CLAW","floor":33,"turns":5}],"seed_played":"-8199882107811012868","potions_obtained":[{"floor":3,"key":"EntropicBrew"},{"floor":12,"key":"DuplicationPotion"},{"floor":14,"key":"Block Potion"},{"floor":19,"key":"bronze:FreeFunctionsPotion"},{"floor":22,"key":"LiquidMemories"},{"floor":31,"key":"SteroidPotion"}],"is_trial":false,"path_per_floor":["R","M","M","?","M","R","T","?","?","M","?","M","E","M","M","B",null,"R","M","M","?","M","?","T","$","R","$","?","E","M","M","M","B"],"character_chosen":"THE_AUTOMATON","items_purchased":["Pear","bronze:BronzeOrb"],"campfire_rested":0,"item_purchase_floors":[25,25],"current_hp_per_floor":[70,65,58,63,63,63,63,56,35,31,31,31,13,11,11,22,75,75,70,70,70,70,72,72,59,59,45,45,40,44,42,44,0,0,0],"gold":102,"neow_bonus":"THREE_RARE_CARDS","is_daily":false,"chose_seed":false,"campfire_upgraded":4,"win_rate":0.0,"timestamp":1613382484,"path_taken":["R","M","M","?","M","R","T","?","?","?","?","M","E","M","M","BOSS","R","M","M","?","?","?","T","$","R","?","?","E","M","M","M","BOSS"],"items_purchased_type":["Relic","Card"],"build_version":"2020-12-13","purchased_purges":1,"victory":false,"max_hp_per_floor":[70,70,70,75,75,75,75,75,75,75,75,75,75,75,75,75,75,75,75,75,75,75,75,75,85,85,85,85,85,85,85,85,85,85,85],"card_choices":[{"not_picked":["bronze:SpaghettiCode","bronze:Assembly"],"picked":"bronze:InfiniteLoop","floor":0},{"not_picked":["bronze:Deprecate","bronze:CutThrough"],"picked":"bronze:Iterate","floor":2},{"not_picked":["bronze:Overheat","bronze:Terminator"],"picked":"bronze:BronzeOrb","floor":3},{"not_picked":["bronze:BronzeOrb","bronze:Turbo"],"picked":"bronze:Boost","floor":5},{"not_picked":["bronze:Constructor","bronze:ChildClass"],"picked":"bronze:WhirlingStrike","floor":10},{"not_picked":["bronze:Shield","bronze:ForLoop"],"picked":"bronze:Flail","floor":12},{"not_picked":["bronze:CutThrough","bronze:ForceShield"],"picked":"bronze:HyperBeam","floor":13},{"not_picked":["bronze:FineTuning","bronze:Overheat"],"picked":"bronze:Boost","floor":14},{"not_picked":["bronze:Branch","bronze:DigitalCarnage"],"picked":"bronze:OilSpill","floor":15},{"not_picked":["bronze:RecursiveStrike","bronze:CleanCode"],"picked":"bronze:Verify","floor":16},{"not_picked":["bronze:GetLatest+1","bronze:FineTuning"],"picked":"bronze:BronzeOrb","floor":19},{"not_picked":["bronze:Branch","bronze:Allocate+1"],"picked":"bronze:InfiniteBeams+1","floor":20},{"not_picked":["bronze:FineTuning","bronze:Separator"],"picked":"bronze:Return","floor":22},{"not_picked":["bronze:OilSpill+1","bronze:Boost"],"picked":"bronze:Philosophize","floor":23},{"not_picked":["bronze:Iterate","bronze:Constructor"],"picked":"bronze:Verify","floor":25},{"not_picked":["bronze:Shield","bronze:Verify"],"picked":"bronze:Deprecate+1","floor":27},{"not_picked":["bronze:CutThrough","bronze:Separator","bronze:Frontload"],"picked":"SKIP","floor":29},{"not_picked":["bronze:BuggyMess","bronze:Terminator"],"picked":"bronze:Allocate","floor":30},{"not_picked":["bronze:Invalidate+1","bronze:Shield","bronze:ChildClass+1"],"picked":"SKIP","floor":31},{"not_picked":["bronze:DelayedGuard","bronze:Constructor"],"picked":"bronze:Iterate","floor":32}],"player_experience":136129,"relics_obtained":[{"floor":7,"key":"Bird Faced Urn"},{"floor":13,"key":"Pen Nib"},{"floor":23,"key":"Red Mask"},{"floor":24,"key":"Whetstone"},{"floor":29,"key":"Kunai"}],"event_choices":[{"damage_healed":0,"gold_gain":0,"player_choice":"Donut","damage_taken":0,"max_hp_gain":5,"max_hp_loss":0,"event_name":"Big Fish","floor":4,"gold_loss":0},{"damage_healed":0,"gold_gain":0,"player_choice":"Success","damage_taken":7,"relics_obtained":["Mummified Hand"],"max_hp_gain":0,"max_hp_loss":0,"event_name":"Scrap Ooze","floor":8,"gold_loss":0},{"damage_healed":0,"gold_gain":0,"player_choice":"Cursed","damage_taken":0,"max_hp_gain":0,"max_hp_loss":0,"event_name":"Wheel of Change","floor":21,"gold_loss":0,"cards_obtained":["Decay"]},{"damage_healed":0,"gold_gain":0,"player_choice":"Fought Bandits","damage_taken":0,"max_hp_gain":0,"max_hp_loss":0,"event_name":"Masked Bandits","floor":23,"gold_loss":0}],"is_beta":false,"boss_relics":[{"not_picked":["Astrolabe","Empty Cage"],"picked":"Philosopher\u0027s Stone"}],"items_purged_floors":[25],"is_endless":false,"potions_floor_spawned":[3,12,14,19,22,23,31],"killed_by":"DF_ARCHETYPE_CLAW","ascension_level":0}}