{"host":"mo324zvkdr1xwprd","time":1613357744,"event":{"mods":["A Penny For Your Troubles","BaseMod","Better Note","Better Third Choice","BetterRewards","Hermit","Highlight Path","Hubris","Infinite Spire","Minty Spire (QoL Compilation)","Quick Restart","Rare Cards Sparkle","Shop Mod","StSLib","The Cursed","The Hierophant","Transform Curses"],"gold_per_floor":[111,129,48,58,77,77,95,95,95,121,136,166,166,179,179,253,253,268,285,300,318,318,318,20,51,119,148,172,206,224,236,236,315,315,333,136,147,160,179,206,206,240,263,263,278,291,310,338,338,339,339,339,23,48,48],"floor_reached":56,"language":"ENG","playtime":5182,"items_purged":[],"score":3231,"play_id":"8e613339-50bd-48d7-b399-992cfb275152","local_time":"20210215025544","is_ascension_mode":true,"campfire_choices":[{"floor":6.0,"key":"REST"},{"floor":8.0,"key":"RECALL"},{"floor":13.0,"key":"REST"},{"data":"Crippling Poison","floor":15.0,"key":"SMITH"},{"data":"Venomology","floor":23.0,"key":"SMITH"},{"data":"Adrenaline","floor":32.0,"key":"SMITH"},{"floor":41.0,"key":"REST"},{"floor":44.0,"key":"REST"},{"floor":49.0,"key":"REST"},{"floor":52.0,"key":"REST"}],"circlet_count":0,"master_deck":["AscendersBane","Strike_G","Strike_G","Strike_G","Strike_G","Strike_G+1","Defend_G","Defend_G","Defend_G","Defend_G","Defend_G","Survivor","Neutralize","Bandage Up","Backflip","Crippling Poison+1","hubris:Wrath","Caltrops","Cloak And Dagger","Slice+1","Footwork","Dash","PiercingWail","Noxious Fumes","Endless Agony","Infinite Blades+1","Concentrate","Concentrate","Venomology+1","Dodge and Roll+1","Cloak And Dagger","Sucker Punch","Quick Slash","Dagger Spray","Adrenaline+1","Mind Blast","Well Laid Plans+1","Night Terror","Accuracy+1","hubris:Sniper","Cloak And Dagger","Riddle With Holes","Tools of the Trade+1","Dagger Throw","Bouncing Flask","Caltrops+1","Parasite","Calculated Gamble","Cloak And Dagger","Cloak And Dagger+1","Prepared","Concentrate","Dagger Spray","Corpse Explosion","Quick Slash","Endless Agony","Expertise+1","Bouncing Flask","Dash","Noxious Fumes+1","Escape Plan","Cloak And Dagger"],"relics":["Ring of the Snake","hubris:CuriousFeather","infinitespire:ShieldingShard","Ice Cream","Frozen Eye","Tingsha","TwistedFunnel","TungstenRod","Ornamental Fan","hubris:Spice","Potion Belt","Matryoshka","Frozen Egg 2","Mummified Hand","Tough Bandages","hubris:AncientText","Whetstone","Dream Catcher","Fusion Hammer","hubris:EmptyBottle","hubris:Potato","Meat on the Bone","Vajra","Blood Vial"],"acts_visited":["Exordium","TheCity","TheBeyond","TheEnding"],"potions_floor_usage":[54,54,54,54,55,55,55],"damage_taken":[{"damage":0.0,"enemies":"Jaw Worm","floor":1.0,"turns":4.0},{"damage":0.0,"enemies":"Cultist","floor":2.0,"turns":3.0},{"damage":0.0,"enemies":"2 Louse","floor":4.0,"turns":4.0},{"damage":0.0,"enemies":"Exordium Thugs","floor":5.0,"turns":5.0},{"damage":0.0,"enemies":"Large Slime","floor":7.0,"turns":5.0},{"damage":21.0,"enemies":"Gremlin Nob","floor":10.0,"turns":4.0},{"damage":0.0,"enemies":"Exordium Wildlife","floor":11.0,"turns":3.0},{"damage":0.0,"enemies":"Lagavulin","floor":12.0,"turns":4.0},{"damage":0.0,"enemies":"Red Slaver","floor":14.0,"turns":3.0},{"damage":8.0,"enemies":"Slime Boss","floor":16.0,"turns":7.0},{"damage":0.0,"enemies":"Shell Parasite","floor":18.0,"turns":3.0},{"damage":14.0,"enemies":"2 Thieves","floor":19.0,"turns":3.0},{"damage":0.0,"enemies":"Centurion and Healer","floor":20.0,"turns":4.0},{"damage":0.0,"enemies":"Cultist and Chosen","floor":21.0,"turns":6.0},{"damage":0.0,"enemies":"Slavers","floor":25.0,"turns":4.0},{"damage":0.0,"enemies":"Gremlin Leader","floor":27.0,"turns":5.0},{"damage":0.0,"enemies":"Book of Stabbing","floor":29.0,"turns":5.0},{"damage":4.0,"enemies":"Sentry and Sphere","floor":30.0,"turns":5.0},{"damage":0.0,"enemies":"Centurion and Healer","floor":31.0,"turns":4.0},{"damage":0.0,"enemies":"Collector","floor":33.0,"turns":7.0},{"damage":0.0,"enemies":"3 Shapes","floor":35.0,"turns":3.0},{"damage":0.0,"enemies":"3 Darklings","floor":37.0,"turns":3.0},{"damage":0.0,"enemies":"Writhing Mass","floor":38.0,"turns":4.0},{"damage":0.0,"enemies":"Transient","floor":39.0,"turns":6.0},{"damage":20.0,"enemies":"Giant Head","floor":40.0,"turns":6.0},{"damage":0.0,"enemies":"Reptomancer","floor":42.0,"turns":2.0},{"damage":0.0,"enemies":"Jaw Worm Horde","floor":45.0,"turns":3.0},{"damage":0.0,"enemies":"Spire Growth","floor":46.0,"turns":3.0},{"damage":0.0,"enemies":"4 Shapes","floor":47.0,"turns":4.0},{"damage":6.0,"enemies":"Giant Head","floor":48.0,"turns":5.0},{"damage":0.0,"enemies":"hubris:GrandSnecko","floor":50.0,"turns":5.0},{"damage":0,"enemies":"Shield and Spear","floor":54,"turns":4},{"damage":42,"enemies":"The Heart","floor":55,"turns":8}],"seed_played":"2954696915705585158","potions_obtained":[{"floor":4.0,"key":"ColorlessPotion"},{"floor":5.0,"key":"BlessingOfTheForge"},{"floor":10.0,"key":"EntropicBrew"},{"floor":11.0,"key":"ColorlessPotion"},{"floor":16.0,"key":"Dexterity Potion"},{"floor":19.0,"key":"Strength Potion"},{"floor":21.0,"key":"AttackPotion"},{"floor":30.0,"key":"Block Potion"},{"floor":33.0,"key":"DistilledChaos"},{"floor":37.0,"key":"Fire Potion"},{"floor":47.0,"key":"infinitespire:BlackPotion"},{"floor":48.0,"key":"DistilledChaos"}],"is_trial":false,"path_per_floor":["M","M","?","M","M","R","M","R","T","E","M","E","R","M","R","B",null,"M","M","M","M","?","R","$","E","T","E","T","E","M","M","R","B",null,"M","$","M","M","M","E","R","E","T","R","M","M","M","E","R","B",null,"R","$","E","B",null],"character_chosen":"THE_SILENT","items_purchased":["hubris:CuriousFeather","infinitespire:ShieldingShard","Bandage Up","Frozen Eye","Caltrops","TwistedFunnel","Cloak And Dagger","Ornamental Fan","Adrenaline","Mind Blast","Well Laid Plans+1","hubris:EmptyBottle","Bouncing Flask","GhostInAJar","Poison Potion","Noxious Fumes+1","Escape Plan"],"campfire_rested":6,"item_purchase_floors":[0,0,0,0,0,0,0,0,24,24,24,36,36,53,53,53,53],"current_hp_per_floor":[22,26,26,30,34,56,60,60,60,39,39,43,65,69,69,65,80,82,68,68,72,72,72,72,76,76,80,80,82,82,82,82,82,82,82,82,82,82,82,62,82,82,74,74,74,74,74,68,74,74,74,74,74,74,44],"gold":48,"neow_bonus":"","is_daily":false,"chose_seed":false,"campfire_upgraded":3,"win_rate":0.0,"timestamp":1613357744,"path_taken":["M","M","?","M","M","R","M","R","T","E","M","E","R","M","R","BOSS","M","?","M","M","?","R","?","E","T","E","?","E","?","M","R","BOSS","M","$","M","M","M","E","R","E","T","R","?","M","M","E","R","BOSS","R","$","E","BOSS"],"items_purchased_type":["Relic","Relic","Card","Relic","Card","Relic","Card","Relic","Card","Card","Card","Relic","Card","Potion","Potion","Card","Card"],"build_version":"2020-12-22","purchased_purges":0,"victory":true,"max_hp_per_floor":[74,74,74,74,74,74,74,74,74,74,74,74,74,74,74,74,82,82,82,82,82,82,82,82,82,82,82,82,82,82,82,82,82,82,82,82,82,82,82,82,82,82,74,74,74,74,74,74,74,74,74,74,74,74,74],"card_choices":[{"not_picked":["Choke","Caltrops"],"picked":"Slice","floor":1.0},{"not_picked":["Bane","Choke"],"picked":"Footwork","floor":2.0},{"not_picked":["Dagger Spray","Deflect"],"picked":"Dash","floor":4.0},{"not_picked":["Deadly Poison","hubris:SlightOfHand"],"picked":"PiercingWail","floor":5.0},{"not_picked":["Skewer","Reflex"],"picked":"Noxious Fumes","floor":7.0},{"not_picked":["hubris:Sniper","Poisoned Stab"],"picked":"Endless Agony","floor":10.0},{"not_picked":["Backflip","Bouncing Flask"],"picked":"Infinite Blades+1","floor":11.0},{"not_picked":["Choke","Skewer"],"picked":"Concentrate","floor":12.0},{"not_picked":["PiercingWail","Underhanded Strike"],"picked":"Concentrate","floor":14.0},{"not_picked":["Glass Knife","Doppelganger"],"picked":"Venomology","floor":16.0},{"not_picked":["hubris:Sniper","Predator"],"picked":"Dodge and Roll+1","floor":18.0},{"not_picked":["Outmaneuver","Dagger Spray"],"picked":"Cloak And Dagger","floor":19.0},{"not_picked":["hubris:SlightOfHand","Dagger Throw"],"picked":"Sucker Punch","floor":20.0},{"not_picked":["Sucker Punch","Outmaneuver"],"picked":"Quick Slash","floor":21.0},{"not_picked":["hubris:SpiceAddiction","hubris:SpiceAddiction"],"picked":"Night Terror","floor":25.0},{"not_picked":["Dagger Throw","A Thousand Cuts+1"],"picked":"Accuracy+1","floor":27.0},{"not_picked":["Doppelganger","Dodge and Roll"],"picked":"hubris:Sniper","floor":29.0},{"not_picked":["Quick Slash","Dodge and Roll"],"picked":"Cloak And Dagger","floor":30.0},{"not_picked":["Heel Hook","Bane"],"picked":"Riddle With Holes","floor":31.0},{"not_picked":["Wraith Form v2+1","Storm of Steel"],"picked":"Tools of the Trade+1","floor":33.0},{"not_picked":["Cloak And Dagger","Acrobatics"],"picked":"Dagger Throw","floor":35.0},{"not_picked":["Terror","Choke+1"],"picked":"Caltrops+1","floor":37.0},{"not_picked":["All Out Attack","hubris:SpiceAddiction"],"picked":"Calculated Gamble","floor":38.0},{"not_picked":["Catalyst","Riddle With Holes"],"picked":"Cloak And Dagger","floor":39.0},{"not_picked":["Prepared","Distraction"],"picked":"Cloak And Dagger+1","floor":40.0},{"not_picked":["Eviscerate","Deadly Poison"],"picked":"Prepared","floor":41.0},{"not_picked":["All Out Attack","hubris:Counter"],"picked":"Concentrate","floor":42.0},{"not_picked":["Flying Knee+1","hubris:SpiceAddiction"],"picked":"Dagger Spray","floor":44.0},{"not_picked":["hubris:SpiceAddiction","Deflect"],"picked":"Corpse Explosion","floor":45.0},{"not_picked":["hubris:SpiceAddiction","Acrobatics"],"picked":"Quick Slash","floor":46.0},{"not_picked":["Sucker Punch","Quick Slash"],"picked":"Endless Agony","floor":47.0},{"not_picked":["Well Laid Plans+1","Deflect"],"picked":"Expertise+1","floor":48.0},{"not_picked":["Deflect","hubris:SpiceAddiction"],"picked":"Bouncing Flask","floor":49.0},{"not_picked":["hubris:SlightOfHand","Deadly Poison"],"picked":"Dash","floor":52.0},{"not_picked":["Backflip","hubris:TrickCloak"],"picked":"Cloak And Dagger","floor":54}],"player_experience":668152,"relics_obtained":[{"floor":9.0,"key":"Matryoshka"},{"floor":10.0,"key":"Frozen Egg 2"},{"floor":12.0,"key":"Mummified Hand"},{"floor":25.0,"key":"Tough Bandages"},{"floor":26.0,"key":"hubris:AncientText"},{"floor":28.0,"key":"Whetstone"},{"floor":29.0,"key":"Dream Catcher"},{"floor":40.0,"key":"hubris:Potato"},{"floor":42.0,"key":"Meat on the Bone"},{"floor":43.0,"key":"hubris:Spice"},{"floor":48.0,"key":"Vajra"},{"floor":54,"key":"Blood Vial"}],"event_choices":[{"damage_healed":0.0,"max_hp_gain":0.0,"max_hp_loss":0.0,"gold_gain":0.0,"event_name":"WeMeetAgain","player_choice":"Paid Gold","floor":3.0,"gold_loss":81.0,"damage_taken":0.0,"relics_obtained":["Potion Belt"]},{"damage_healed":0.0,"max_hp_gain":0.0,"max_hp_loss":0.0,"gold_gain":0.0,"event_name":"The Library","player_choice":"Read","floor":22.0,"gold_loss":0.0,"damage_taken":0.0,"cards_obtained":["Dagger Spray"]}],"is_beta":false,"boss_relics":[{"not_picked":["Ring of the Serpent","Velvet Choker"],"picked":"hubris:Spice"},{"not_picked":["Snecko Eye","hubris:VirtuousBlindfold"],"picked":"Fusion Hammer"}],"items_purged_floors":[],"is_endless":false,"potions_floor_spawned":[4,5,10,11,16,19,21,30,31,33,37,38,40,47,48],"ascension_level":19}}