{"host":"pe2q1tocp309rrg9","time":1613381154,"event":{"mods":["2.2 Compatiblity","BaseMod","BetterRewards","Curses Come First","Downfall","Ekko","Gremlin Mod","Hermit","Jorbs\u0027s Wanderer Trilogy","Minty Spire (QoL Compilation)","Quick Restart","Rare Cards Sparkle","Replay The Spire","StSLib","The Blue Laboratory","The Construct","The Hierophant","Uncapped"],"gold_per_floor":[116,116,128,71,71,99,115,26,26,39,56,85,98,373,373,372,372,385,399,43,43,53,78,78,104,131,131,131,163,163,193,193,289,289,309,356,366,385,127,127,127,127,156,168,192,192,209,209,227,11,11,11,11],"floor_reached":52,"language":"ENG","playtime":1909,"items_purged":["Regret"],"score":699,"play_id":"171880f6-0bae-4552-8bdf-3df15f75237c","local_time":"20210215032554","is_ascension_mode":true,"campfire_choices":[{"data":"1","floor":15.0,"key":"LIFT"},{"floor":24.0,"key":"REST"},{"floor":27.0,"key":"REST"},{"floor":30.0,"key":"REST"},{"floor":32.0,"key":"REST"},{"floor":40.0,"key":"REST"},{"floor":46.0,"key":"REST"},{"floor":48.0,"key":"REST"},{"floor":51,"key":"REST"}],"circlet_count":0,"master_deck":["Strike_G","Strike_G","Strike_G","Strike_G","Strike_G","Defend_G","Defend_G","Defend_G","Defend_G","Defend_G","Survivor","Heel Hook","Slice","Blade Dance","Noxious Fumes+1","Toxin Wave","PiercingWail","ReplayTheSpireMod:IOU","Blade Dance+1","Cloak And Dagger","Crippling Poison+1","Bane","Envenom","Footwork","Toxin Wave","Caltrops","ReplayTheSpireMod:IOU","Dagger Spray","Blur","Masterful Stab","Slice","A Thousand Cuts","Toxin Wave","Burst","Blade Dance","Hidden Blade+1","Sucker Punch","Noxious Fumes","Burst","Dodge and Roll","Dodge and Roll","Pot Of Greed","Pot Of Greed","Pot Of Greed","Pot Of Greed","PiercingWail","Leg Sweep","A Thousand Cuts","Setup+1","Accuracy"],"relics":["ReplayTheSpireMod:Shallot","Sizzling Blood","Replay:Towering Pillar of Hats","Replay:Wax Seal","Replay:WaspNest","Replay:PocketPolymizer","Girya","HoveringKite","Onion Ring","Mirror","Kunai","Snake Skull","Nloth\u0027s Gift","construct:RocketBooster","Chameleon Ring","Philosopher\u0027s Stone","Ice Cream","DollysMirror","Grinning Jar","Blue Doll","HandDrill"],"acts_visited":["Exordium","TheCity","TheBeyond"],"potions_floor_usage":[49],"damage_taken":[{"damage":1.0,"enemies":"Cultist","floor":1.0,"turns":5.0},{"damage":0.0,"enemies":"Small Slimes","floor":3.0,"turns":3.0},{"damage":16.0,"enemies":"Replay:BlueRogue","floor":6.0,"turns":7.0},{"damage":0.0,"enemies":"Jaw Worm","floor":7.0,"turns":3.0},{"damage":0.0,"enemies":"Exordium Thugs","floor":10.0,"turns":4.0},{"damage":1.0,"enemies":"Looter","floor":11.0,"turns":4.0},{"damage":21.0,"enemies":"3 Sentries","floor":12.0,"turns":6.0},{"damage":7.0,"enemies":"Lots of Slimes","floor":13.0,"turns":2.0},{"damage":19.0,"enemies":"Fading Forest","floor":16.0,"turns":11.0},{"damage":23.0,"enemies":"Chosen","floor":18.0,"turns":6.0},{"damage":21.0,"enemies":"2 Thieves","floor":19.0,"turns":5.0},{"damage":5.0,"enemies":"Centurion and Healer","floor":22.0,"turns":8.0},{"damage":21.0,"enemies":"Book of Stabbing","floor":23.0,"turns":5.0},{"damage":28.0,"enemies":"Slavers","floor":25.0,"turns":4.0},{"damage":4.0,"enemies":"Gremlin Leader","floor":29.0,"turns":8.0},{"damage":40.0,"enemies":"Book of Stabbing","floor":31.0,"turns":5.0},{"damage":47.0,"enemies":"Champ","floor":33.0,"turns":9.0},{"damage":10.0,"enemies":"3 Shapes","floor":35.0,"turns":4.0},{"damage":20.0,"enemies":"2 Orb Walkers","floor":36.0,"turns":5.0},{"damage":9.0,"enemies":"3 Darklings","floor":37.0,"turns":4.0},{"damage":0.0,"enemies":"Jaw Worm Horde","floor":38.0,"turns":3.0},{"damage":44.0,"enemies":"Nemesis","floor":43.0,"turns":7.0},{"damage":40.0,"enemies":"Spire Growth","floor":44.0,"turns":5.0},{"damage":18.0,"enemies":"4 Shapes","floor":47.0,"turns":4.0},{"damage":30,"enemies":"3 Darklings","floor":49,"turns":3},{"damage":37,"enemies":"Time Eater","floor":52,"turns":3}],"seed_played":"-4950638828251614404","potions_obtained":[{"floor":6.0,"key":"ColorlessPotion"},{"floor":10.0,"key":"blueLaboratory:NullPotion"},{"floor":12.0,"key":"Energy Potion"},{"floor":18.0,"key":"LiquidBronze"},{"floor":22.0,"key":"Flashbang"},{"floor":33.0,"key":"LiquidMemories"},{"floor":35.0,"key":"Fire Potion"},{"floor":36.0,"key":"Fruit Juice"},{"floor":43.0,"key":"sneckomod:MuddlingPotion"},{"floor":49,"key":"blueLaboratory:PhilterOfMotion"}],"is_trial":false,"path_per_floor":["M","T","M","$","?","E","M","$","T","M","M","E","M","?","R","B",null,"M","M","$","T","M","E","R","E","T","R","?","E","R","E","R","B",null,"M","?","M","M","$","R","PTL","PTL","E","M","T","R","M","R","M","$","R","B"],"character_chosen":"THE_SILENT","items_purchased":["Noxious Fumes+1","Replay:Wax Seal","Replay:WaspNest","Caltrops","Onion Ring","Dagger Spray","Noxious Fumes","DollysMirror","Dodge and Roll","Accuracy","HandDrill"],"campfire_rested":8,"item_purchase_floors":[4,8,8,20,20,20,39,39,39,50,50],"current_hp_per_floor":[69,69,69,69,73,61,65,65,65,69,72,55,52,52,52,47,74,55,38,38,38,37,20,42,18,18,40,40,40,62,26,48,5,74,68,59,54,58,58,81,81,81,41,5,5,29,15,39,13,13,37,0,0],"gold":11,"neow_bonus":"TRANSFORM_CARD","is_daily":false,"chose_seed":false,"campfire_upgraded":0,"win_rate":0.0,"timestamp":1613381154,"path_taken":["M","?","M","$","?","E","M","?","T","M","M","E","?","?","R","BOSS","M","M","$","?","M","E","R","E","T","R","?","E","R","E","R","BOSS","M","?","M","M","$","R","PTL","PTL","E","M","T","R","M","R","M","$","R","BOSS"],"items_purchased_type":["Card","Relic","Relic","Card","Relic","Card","Card","Relic","Card","Card","Relic"],"build_version":"2020-12-22","purchased_purges":1,"victory":false,"max_hp_per_floor":[70,70,70,70,74,74,74,74,74,74,74,74,74,74,74,74,74,74,74,74,74,74,74,74,74,74,74,74,74,74,74,74,74,74,74,81,81,81,81,81,81,81,81,81,81,81,81,81,81,81,81,81,81],"card_choices":[{"not_picked":["Hidden Blade","Dagger Spray"],"picked":"Slice","floor":1.0},{"not_picked":["Dagger Throw","Draining Mist"],"picked":"Blade Dance","floor":3.0},{"not_picked":["Outmaneuver","Caltrops"],"picked":"Toxin Wave","floor":6.0},{"not_picked":["Flechettes","Dagger Throw"],"picked":"PiercingWail","floor":7.0},{"not_picked":["Slice","Endless Agony"],"picked":"Blade Dance","floor":10.0},{"not_picked":["Prepared","Dash"],"picked":"Cloak And Dagger","floor":11.0},{"not_picked":["Escape Plan","Finisher"],"picked":"Crippling Poison","floor":12.0},{"not_picked":["Escape Plan","Backflip"],"picked":"Bane","floor":13.0},{"not_picked":["Replay:Bag of Tricks","Wraith Form v2"],"picked":"Envenom","floor":16.0},{"not_picked":["Deadly Poison","Infinite Blades"],"picked":"Footwork","floor":18.0},{"not_picked":["Acrobatics","Replay:Poison Smokescreen"],"picked":"Toxin Wave","floor":19.0},{"not_picked":["Leg Sweep","Bane"],"picked":"Blur","floor":22.0},{"not_picked":["Distraction","Flying Knee"],"picked":"Masterful Stab","floor":23.0},{"not_picked":["Quick Slash","Flying Knee"],"picked":"Slice","floor":25.0},{"not_picked":["Setup","ReplayTheSpireMod:Tripwire+1"],"picked":"A Thousand Cuts","floor":29.0},{"not_picked":["Backflip","Replay:Poison Smokescreen"],"picked":"Toxin Wave","floor":31.0},{"not_picked":["Atom Bomb","ReplayTheSpireMod:From All Sides"],"picked":"Burst","floor":33.0},{"not_picked":["Predator+1","Well Laid Plans"],"picked":"Blade Dance","floor":35.0},{"not_picked":["Infinite Blades+1","Underhanded Strike+1"],"picked":"Hidden Blade+1","floor":36.0},{"not_picked":["Predator","Heel Hook+1","Quick Slash"],"picked":"SKIP","floor":37.0},{"not_picked":["Dagger Throw","Heel Hook+1"],"picked":"Sucker Punch","floor":38.0},{"not_picked":["Hidden Blade+1","Leg Sweep"],"picked":"PiercingWail","floor":43.0},{"not_picked":["Caltrops","Sucker Punch+1"],"picked":"Leg Sweep","floor":44.0},{"not_picked":["Distraction","Deadly Poison"],"picked":"A Thousand Cuts","floor":47.0},{"not_picked":["Fluid Movement","Blur"],"picked":"Setup+1","floor":49}],"player_experience":708014,"relics_obtained":[{"floor":2.0,"key":"ReplayTheSpireMod:Shallot"},{"floor":6.0,"key":"Replay:Towering Pillar of Hats"},{"floor":9.0,"key":"Replay:PocketPolymizer"},{"floor":12.0,"key":"Girya"},{"floor":21.0,"key":"Mirror"},{"floor":23.0,"key":"Dead Branch"},{"floor":25.0,"key":"Kunai"},{"floor":26.0,"key":"Snake Skull"},{"floor":29.0,"key":"construct:RocketBooster"},{"floor":31.0,"key":"Chameleon Ring"},{"floor":36.0,"key":"Ice Cream"},{"floor":43.0,"key":"Grinning Jar"},{"floor":45.0,"key":"Blue Doll"}],"event_choices":[{"damage_healed":0.0,"max_hp_gain":0.0,"max_hp_loss":0.0,"gold_gain":275.0,"event_name":"Golden Shrine","player_choice":"Desecrate","floor":14.0,"gold_loss":0.0,"damage_taken":0.0,"cards_obtained":["Regret"]},{"damage_healed":0.0,"max_hp_gain":0.0,"max_hp_loss":0.0,"gold_gain":0.0,"event_name":"N\u0027loth","player_choice":"Traded Relic","floor":28.0,"relics_lost":["Dead Branch"],"gold_loss":0.0,"damage_taken":0.0,"relics_obtained":["Nloth\u0027s Gift"]},{"damage_healed":0.0,"max_hp_gain":0.0,"max_hp_loss":0.0,"gold_gain":0.0,"event_name":"Mysterious Sphere","player_choice":"Fight","floor":36.0,"gold_loss":0.0,"damage_taken":0.0}],"is_beta":false,"boss_relics":[{"not_picked":["ReplayTheSpireMod:DimensionalGlitch","Kintsugi"],"picked":"HoveringKite"},{"not_picked":["Runic Dome","Abe\u0027s Treasure"],"picked":"Philosopher\u0027s Stone"}],"items_purged_floors":[20],"is_endless":false,"potions_floor_spawned":[6,10,12,18,22,33,35,36,43,49],"killed_by":"Time Eater","ascension_level":1}}