{"host":"bpnwh7vpv9k3tssc","time":1613401294,"event":{"mods":["BaseMod","Colored Map","Colored Powertips","Curses Come First","Highlight Path","Minty Spire (QoL Compilation)","Quick Restart","Random Character Button","Relic Sorter","StSLib"],"gold_per_floor":[110,35,35,46,46,46,121,154,229,248,248,265,265,276,276,355,355,366,366,9,20,36,36,36,36],"floor_reached":24,"language":"ENG","playtime":2757,"items_purged":["Pain"],"score":398,"play_id":"91f4f9b2-0c97-49ec-b599-4fd1e0cc122e","local_time":"20210215160134","is_ascension_mode":true,"campfire_choices":[{"data":"Bash","floor":6,"key":"SMITH"},{"data":"Armaments","floor":11,"key":"SMITH"},{"data":"Perfected Strike","floor":15,"key":"SMITH"},{"data":"Perfected Strike","floor":23,"key":"SMITH"}],"circlet_count":0,"master_deck":["AscendersBane","Strike_R","Strike_R","Strike_R","Strike_R","Defend_R","Defend_R","Defend_R","Defend_R","Bash+1","Iron Wave","Twin Strike","Armaments+1","Perfected Strike+1","Thunderclap","Juggernaut+1","Sword Boomerang+1","Perfected Strike+1","Dropkick"],"relics":["Burning Blood","NeowsBlessing","Frozen Egg 2","Shuriken","Coffee Dripper","WarpedTongs","Sundial"],"acts_visited":["Exordium","TheCity"],"potions_floor_usage":[12,16,22,24],"damage_taken":[{"damage":0,"enemies":"Cultist","floor":1,"turns":1},{"damage":0,"enemies":"Jaw Worm","floor":4,"turns":1},{"damage":0,"enemies":"Lagavulin","floor":8,"turns":1},{"damage":7,"enemies":"Small Slimes","floor":10,"turns":4},{"damage":9,"enemies":"2 Fungi Beasts","floor":12,"turns":4},{"damage":8,"enemies":"Exordium Wildlife","floor":14,"turns":3},{"damage":74,"enemies":"The Guardian","floor":16,"turns":10},{"damage":10,"enemies":"3 Byrds","floor":18,"turns":5},{"damage":22,"enemies":"2 Thieves","floor":21,"turns":3},{"damage":14,"enemies":"Snake Plant","floor":22,"turns":2},{"damage":36,"enemies":"Book of Stabbing","floor":24,"turns":4}],"seed_played":"6202637446511912054","potions_obtained":[{"floor":1,"key":"Regen Potion"},{"floor":10,"key":"SneckoOil"},{"floor":14,"key":"Dexterity Potion"},{"floor":21,"key":"LiquidMemories"},{"floor":22,"key":"SpeedPotion"}],"is_trial":false,"path_per_floor":["M","?","$","M","$","R","?","E","T","M","R","M","?","M","R","B",null,"M","?","$","M","M","R","E"],"character_chosen":"IRONCLAD","items_purchased":["Sundial"],"campfire_rested":0,"item_purchase_floors":[20],"current_hp_per_floor":[74,74,74,75,75,75,64,70,70,69,69,66,71,69,69,16,64,60,60,60,44,36,36,0,0],"gold":36,"neow_bonus":"THREE_ENEMY_KILL","is_daily":false,"chose_seed":false,"campfire_upgraded":4,"win_rate":0.0,"timestamp":1613401294,"path_taken":["M","?","$","M","?","R","?","E","T","M","R","M","?","?","R","BOSS","M","?","$","M","?","R","E"],"items_purchased_type":["Relic"],"build_version":"2020-12-22","purchased_purges":1,"victory":false,"max_hp_per_floor":[75,75,75,75,75,75,75,75,75,75,75,75,80,80,80,80,80,80,80,80,80,80,80,80,80],"card_choices":[{"not_picked":["Headbutt","Warcry"],"picked":"Iron Wave","floor":1},{"not_picked":["Heavy Blade","True Grit"],"picked":"Twin Strike","floor":4},{"not_picked":["Offering","Sword Boomerang"],"picked":"Armaments","floor":8},{"not_picked":["Blood for Blood","Armaments","True Grit"],"picked":"SKIP","floor":10},{"not_picked":["Burning Pact","Clothesline"],"picked":"Perfected Strike","floor":12},{"not_picked":["Shockwave","Iron Wave"],"picked":"Thunderclap","floor":14},{"not_picked":["Impervious","Feed"],"picked":"Juggernaut+1","floor":16},{"not_picked":["Anger","Cleave"],"picked":"Sword Boomerang+1","floor":18},{"not_picked":["Bloodletting","Thunderclap"],"picked":"Perfected Strike","floor":21},{"not_picked":["Warcry+1","Rage"],"picked":"Dropkick","floor":22}],"player_experience":399683,"relics_obtained":[{"floor":8,"key":"Frozen Egg 2"},{"floor":9,"key":"Shuriken"}],"event_choices":[{"cards_removed":["Strike_R"],"damage_healed":0,"gold_gain":0,"player_choice":"Card Removal","damage_taken":0,"max_hp_gain":0,"max_hp_loss":0,"event_name":"The Cleric","floor":2,"gold_loss":75},{"damage_healed":0,"gold_gain":75,"player_choice":"Gather Gold","damage_taken":11,"max_hp_gain":0,"max_hp_loss":0,"event_name":"World of Goop","floor":7,"gold_loss":0},{"damage_healed":0,"gold_gain":0,"player_choice":"Donut","damage_taken":0,"max_hp_gain":5,"max_hp_loss":0,"event_name":"Big Fish","floor":13,"gold_loss":0},{"damage_healed":0,"gold_gain":0,"player_choice":"Rummage","damage_taken":0,"relics_obtained":["WarpedTongs"],"max_hp_gain":0,"max_hp_loss":0,"event_name":"Accursed Blacksmith","floor":19,"gold_loss":0,"cards_obtained":["Pain"]}],"is_beta":false,"boss_relics":[{"not_picked":["Runic Pyramid","Runic Cube"],"picked":"Coffee Dripper"}],"items_purged_floors":[20],"is_endless":false,"potions_floor_spawned":[1,10,14,21,22],"killed_by":"Book of Stabbing","ascension_level":16}}