{"host":"a3gu5zu37ht99mpa","time":1613352301,"event":{"mods":["100% Spire Juice","Act Like it!","Arknights","BaseMod","Better Silent Start","BetterRewards","Conspire","Downfall","Energized Spire","GifTheSpireLib","Gold Saver","Halation","Minty Spire (QoL Compilation)","Prisma Mod","Robot Space Explorer","Shop Mod","StSLib","Stuff the Spire","The Animator","The Servant 0.9.4","Virulent Crown","Wandering Minibosses","yUi"],"gold_per_floor":[99,99,99,99,111,134,134,166,166,180,209,9,22,84,94,194,194,94,111,211,228,248,282,282,242,269,269,269,269],"floor_reached":27,"language":"ENG","playtime":1349,"items_purged":[],"score":276,"play_id":"63d82525-3fca-4241-a06f-3fd77b95b9fc","local_time":"20210214202501","is_ascension_mode":true,"campfire_choices":[{"floor":1,"key":"RECALL"},{"data":"Slimebound:AcidTongue","floor":12,"key":"SMITH"},{"data":"Slimebound:Darklings","floor":18,"key":"SMITH"}],"circlet_count":0,"master_deck":["Slimebound:Strike_Slimebound","Slimebound:Strike_Slimebound","Slimebound:Strike_Slimebound","Slimebound:Tackle","Slimebound:Defend_Slimebound","Slimebound:Defend_Slimebound","Slimebound:Defend_Slimebound","Slimebound:Defend_Slimebound","Slimebound:Split","Slimebound:CorrosiveSpit","Slimebound:Schlurp","Slimebound:GoopSpray","Slimebound:SplitSpecialist","Slimebound:AcidTongue+1","Slimebound:MegaLick","Slimebound:SlimeTap","Slimebound:Repurpose","Slimebound:SamplingLick","Slimebound:Nibble","Slimebound:Schlurp","Slimebound:Darklings+1","CurseOfTheBell","Slimebound:OozeBath","Slimebound:LeadByExample","Slimebound:Split","Slimebound:Schlurp","Slimebound:LeadByExample","Slimebound:Teamwork","PanicButton","Decay","Slimebound:GoopSpray","Slimebound:Repurpose+1","Slimebound:SplitAcid","Slimebound:MinionMaster","Slimebound:DivideAndConquer+1","Slimebound:SplitAcid"],"relics":["Slimebound:AbsorbEndCombat","downfall:HeartsMalice","Bottled Tornado","Mummified Hand","Slimebound:AggressiveSlimeRelic","downfall:HeartBlessingGreen","downfall:HeartBlessingRed","StuffTheSpire:GrapeVine","Calling Bell","Bag of Marbles","halation:WeightlessCrab","conspire:GiftBox","downfall:HeartBlessingBlue","downfall:GremlinSack","conspire:Dentures","Slimebound:MaxSlimesRelic","Bag of Preparation"],"acts_visited":["Exordium","TheCity"],"potions_floor_usage":[11,11,13,14,22],"damage_taken":[{"damage":0,"enemies":"Cultist","floor":2,"turns":1},{"damage":0,"enemies":"Jaw Worm","floor":3,"turns":1},{"damage":0,"enemies":"ats:Genji","floor":4,"turns":1},{"damage":9,"enemies":"Gremlin Gang","floor":5,"turns":5},{"damage":61,"enemies":"Gremlin Nob","floor":8,"turns":5},{"damage":2,"enemies":"Exordium Wildlife","floor":10,"turns":4},{"damage":4,"enemies":"3 Sentries","floor":11,"turns":5},{"damage":12,"enemies":"2 Fungi Beasts","floor":13,"turns":3},{"damage":0,"enemies":"Lagavulin Event","floor":14,"turns":2},{"damage":2,"enemies":"Exordium Thugs","floor":15,"turns":3},{"damage":20,"enemies":"WA_ARCHETYPE_RETAIN","floor":16,"turns":6},{"damage":9,"enemies":"3 Byrds","floor":19,"turns":4},{"damage":26,"enemies":"3 Byrds","floor":20,"turns":4},{"damage":0,"enemies":"Chosen","floor":21,"turns":4},{"damage":26,"enemies":"Centurion and Healer","floor":22,"turns":4},{"damage":39,"enemies":"Gremlin Leader","floor":23,"turns":5},{"damage":0,"enemies":"downfall:FleeingMerchant","floor":25,"turns":4},{"damage":13,"enemies":"conspire:SneckoGhost","floor":27,"turns":1}],"seed_played":"2452514340382620067","potions_obtained":[{"floor":5,"key":"BlessingOfTheForge"},{"floor":8,"key":"PowerPotion"},{"floor":11,"key":"conspire:TimeTravelPotion"},{"floor":13,"key":"SkillPotion"},{"floor":15,"key":"bronze:BurnAndBuffPotion"},{"floor":19,"key":"Regen Potion"},{"floor":21,"key":"Strength Potion"}],"is_trial":false,"path_per_floor":["R","M","M","M","M","T","T","E","?","M","E","R","M","?","M","B",null,"R","M","?","M","M","E","T","$","T","E"],"character_chosen":"SLIMEBOUND","items_purchased":["Slimebound:SplitAcid"],"campfire_rested":0,"item_purchase_floors":[25],"current_hp_per_floor":[65,65,65,65,60,60,60,7,7,9,13,13,19,23,27,15,65,75,74,52,56,46,11,11,13,13,0,0,0],"gold":269,"neow_bonus":"THREE_ENEMY_KILL","is_daily":false,"chose_seed":false,"campfire_upgraded":2,"win_rate":0.0,"timestamp":1613352301,"path_taken":["R","M","M","?","M","?","T","E","?","?","E","R","M","?","M","BOSS","R","M","?","M","M","E","T","$","?","E"],"items_purchased_type":["Card"],"build_version":"2020-12-22","purchased_purges":0,"victory":false,"max_hp_per_floor":[65,65,65,65,65,65,65,65,65,65,65,65,65,65,65,65,65,75,75,75,75,75,75,75,75,75,75,75,75],"card_choices":[{"not_picked":["Slimebound:LevelUp","Slimebound:GoopTackle"],"picked":"Slimebound:Schlurp","floor":2},{"not_picked":["Slimebound:RollThrough","Slimebound:ItLooksTasty"],"picked":"Slimebound:GoopSpray","floor":3},{"not_picked":["Slimebound:TongueLash","Slimebound:DisruptingSlam"],"picked":"Slimebound:SplitSpecialist","floor":4},{"not_picked":["Slimebound:Schlurp","Slimebound:GrowthPunch"],"picked":"Slimebound:AcidTongue","floor":5},{"not_picked":["Slimebound:FinishingTackle","Slimebound:LeechingTouch"],"picked":"Slimebound:Prepare","floor":8},{"not_picked":["Slimebound:GoopTackle","Slimebound:RollThrough"],"picked":"Slimebound:SlimeTap","floor":10},{"not_picked":["Slimebound:HauntingLick","Slimebound:Schlurp"],"picked":"Slimebound:Repurpose","floor":11},{"not_picked":["Slimebound:ComboTackle","Slimebound:Schlurp"],"picked":"Slimebound:SamplingLick","floor":13},{"not_picked":["Slimebound:ComboTackle","Slimebound:FinishingTackle"],"picked":"Slimebound:Nibble","floor":14},{"not_picked":["Slimebound:SlimeSlap","Slimebound:GoopSpray"],"picked":"Slimebound:Schlurp","floor":15},{"not_picked":["Slimebound:DouseInSlime","Slimebound:RallyTheTroops"],"picked":"Slimebound:Darklings","floor":16},{"not_picked":["Slimebound:Overexert","Slimebound:RallyTheTroops"],"picked":"Slimebound:OozeBath","floor":17},{"not_picked":["Slimebound:Prepare","Slimebound:SplitAcid"],"picked":"Slimebound:LeadByExample","floor":19},{"not_picked":["Slimebound:LeechEnergy","Slimebound:Gluttony"],"picked":"Slimebound:GoopSpray","floor":20},{"not_picked":["Slimebound:GoopSpray","Slimebound:FinishingTackle+1"],"picked":"Slimebound:Repurpose+1","floor":21},{"not_picked":["Slimebound:Prepare+1","Slimebound:ViciousTackle"],"picked":"Slimebound:SplitAcid","floor":22},{"not_picked":["Slimebound:TagTeam","Slimebound:Repurpose"],"picked":"Slimebound:MinionMaster","floor":23},{"not_picked":["Slimebound:RejuvenatingLick","Slimebound:SlimeTap"],"picked":"Slimebound:DivideAndConquer+1","floor":25}],"player_experience":77894,"relics_obtained":[{"floor":7,"key":"Bottled Tornado"},{"floor":8,"key":"Mummified Hand"},{"floor":11,"key":"Slimebound:AggressiveSlimeRelic"},{"floor":14,"key":"StuffTheSpire:GrapeVine"},{"floor":17,"key":"Bag of Marbles"},{"floor":17,"key":"halation:WeightlessCrab"},{"floor":17,"key":"conspire:GiftBox"},{"floor":20,"key":"downfall:GremlinSack"},{"floor":23,"key":"conspire:Dentures"},{"floor":24,"key":"Slimebound:MaxSlimesRelic"},{"floor":26,"key":"Bag of Preparation"}],"event_choices":[],"is_beta":false,"boss_relics":[{"not_picked":["Runic Dome","halation:ForbiddenBikini"],"picked":"Calling Bell"}],"items_purged_floors":[],"is_endless":false,"potions_floor_spawned":[5,8,11,13,15,19,21],"killed_by":"conspire:SneckoGhost","ascension_level":1}}