{"host":"4eao2pkwlmv012cz","time":1613355162,"event":{"mods":["BaseMod","Bestiary","Bossed Relics","Colored Powertips","Minty Spire (QoL Compilation)","Permanent Neow","Quick Restart","Random Character Button","StSLib"],"gold_per_floor":[361,411,424,439,395,395,421,421,421,421,436,451,466,106,106,183,183,203,215,49,49,22,53,53,53,53],"floor_reached":25,"language":"ENG","playtime":852,"items_purged":["Shame","Strike_B"],"score":446,"play_id":"336eecbc-af04-467b-bc12-b4cc7817d5e6","local_time":"20210214211242","is_ascension_mode":true,"campfire_choices":[{"floor":6,"key":"REST"},{"floor":8,"key":"REST"},{"data":"Rainbow","floor":10,"key":"SMITH"},{"floor":15,"key":"REST"},{"floor":24,"key":"REST"}],"circlet_count":0,"master_deck":["AscendersBane","Strike_B","Strike_B","Strike_B","Defend_B","Defend_B","Defend_B","Defend_B","Zap","Dualcast","Static Discharge","Reinforced Body","Redo","Ball Lightning","Rainbow+1","Doom and Gloom+1","Capacitor+1","Glacier","Lockon+1","Conserve Battery","Doom and Gloom+1","Buffer+1","Lockon+1","Meteor Strike+1","Ball Lightning+1","Ball Lightning+1"],"relics":["Cracked Core","Molten Egg 2","Frozen Egg 2","Membership Card","Busted Crown","Anchor","MealTicket","Happy Flower"],"acts_visited":["Exordium","TheCity"],"potions_floor_usage":[7,13,16,16,23],"damage_taken":[{"damage":3,"enemies":"Small Slimes","floor":1,"turns":3},{"damage":2,"enemies":"Cultist","floor":3,"turns":4},{"damage":7,"enemies":"2 Louse","floor":4,"turns":2},{"damage":27,"enemies":"Exordium Thugs","floor":5,"turns":5},{"damage":22,"enemies":"Gremlin Nob","floor":7,"turns":4},{"damage":5,"enemies":"2 Fungi Beasts","floor":11,"turns":2},{"damage":11,"enemies":"Looter","floor":12,"turns":2},{"damage":19,"enemies":"Exordium Thugs","floor":13,"turns":4},{"damage":34,"enemies":"The Guardian","floor":16,"turns":9},{"damage":9,"enemies":"3 Byrds","floor":18,"turns":3},{"damage":10,"enemies":"2 Thieves","floor":19,"turns":3},{"damage":24,"enemies":"Gremlin Leader","floor":23,"turns":7},{"damage":49,"enemies":"Slavers","floor":25,"turns":3}],"seed_played":"-2124172507973999080","potions_obtained":[{"floor":3,"key":"PotionOfCapacity"},{"floor":5,"key":"Weak Potion"},{"floor":7,"key":"Dexterity Potion"},{"floor":16,"key":"SkillPotion"},{"floor":18,"key":"ColorlessPotion"}],"is_trial":false,"path_per_floor":["M","?","M","M","M","R","E","R","T","R","M","M","M","$","R","B",null,"M","M","$","?","$","E","R","E"],"character_chosen":"DEFECT","items_purchased":["Membership Card","Regen Potion","Lockon+1","Conserve Battery","Doom and Gloom+1","Meteor Strike+1","Anchor","Ball Lightning+1"],"campfire_rested":4,"item_purchase_floors":[14,14,14,14,14,20,20,22],"current_hp_per_floor":[61,54,52,45,18,39,17,38,38,38,33,22,3,3,24,5,55,46,36,36,36,51,27,48,0,0],"gold":53,"neow_bonus":"TWO_FIFTY_GOLD","is_daily":false,"chose_seed":false,"campfire_upgraded":1,"win_rate":0.0,"timestamp":1613355162,"path_taken":["M","?","M","M","M","R","E","R","T","R","M","?","M","$","R","BOSS","M","M","$","?","?","E","R","E"],"items_purchased_type":["Relic","Potion","Card","Card","Card","Card","Relic","Card"],"build_version":"2020-12-22","purchased_purges":2,"victory":false,"max_hp_per_floor":[71,71,71,71,71,71,71,71,71,71,71,71,71,71,71,71,71,71,71,71,71,71,71,71,71,71],"card_choices":[{"not_picked":["Recycle","Redo"],"picked":"Static Discharge","floor":1},{"not_picked":["Beam Cell","Stack"],"picked":"Reinforced Body","floor":3},{"not_picked":["Barrage","Rebound"],"picked":"Redo","floor":4},{"not_picked":["Rip and Tear","Force Field"],"picked":"Ball Lightning","floor":5},{"not_picked":["Hologram","Sweeping Beam+1"],"picked":"Rainbow","floor":7},{"not_picked":["Sunder+1","Hologram"],"picked":"Doom and Gloom+1","floor":11},{"not_picked":["Sweeping Beam+1","Compile Driver+1"],"picked":"Capacitor+1","floor":12},{"not_picked":["Streamline+1","Go for the Eyes+1"],"picked":"Glacier","floor":13},{"not_picked":["Reboot","Thunder Strike+1"],"picked":"Buffer+1","floor":16},{"not_picked":[],"picked":"Lockon+1","floor":18},{"not_picked":["Steam"],"picked":"SKIP","floor":19},{"not_picked":[],"picked":"Ball Lightning+1","floor":23}],"player_experience":2938795,"relics_obtained":[{"floor":7,"key":"Molten Egg 2"},{"floor":9,"key":"Frozen Egg 2"},{"floor":23,"key":"Happy Flower"}],"event_choices":[{"damage_healed":0,"gold_gain":50,"player_choice":"Touch","damage_taken":7,"max_hp_gain":0,"max_hp_loss":0,"event_name":"FaceTrader","floor":2,"gold_loss":0},{"damage_healed":0,"gold_gain":0,"player_choice":"Gave Potion","damage_taken":0,"relics_obtained":["MealTicket"],"max_hp_gain":0,"max_hp_loss":0,"event_name":"WeMeetAgain","floor":21,"gold_loss":0}],"is_beta":false,"boss_relics":[{"not_picked":["Tiny House","Calling Bell"],"picked":"Busted Crown"}],"items_purged_floors":[14,20],"is_endless":false,"potions_floor_spawned":[3,5,7,16,18],"killed_by":"Slavers","ascension_level":20}}