{"host":"ZYF","time":1613379656,"event":{"mods":["BaseMod","GungeonMod","Minty Spire (QoL Compilation)","Reliquary","Replay The Spire","StSLib"],"gold_per_floor":[214,289,25,25,41,41,60,83,106,116,126,126,141,141,141,244,244,255,170,187,187,204,231,231,280,280,293,320,16,27,42,42,137,137,148,158,189,206,206,206,217,244,269,281,281,301,383,394,394,394],"floor_reached":51,"language":"ZHS","playtime":2471,"items_purged":["DemoMod:Defend_Huntress"],"score":765,"play_id":"592631c9-748b-4d66-894b-287e6551d79a","local_time":"20210215170056","is_ascension_mode":false,"campfire_choices":[{"data":"DemoMod:ManualReload","floor":6.0,"key":"SMITH"},{"data":"DemoMod:Strike_Huntress","floor":12.0,"key":"SMITH"},{"floor":15.0,"key":"REST"},{"data":"DemoMod:FullFirepower","floor":40,"key":"SMITH"},{"data":"DemoMod:Strike_Huntress","floor":49,"key":"PURGE"}],"circlet_count":0,"master_deck":["DemoMod:Strike_Huntress","DemoMod:Defend_Huntress","DemoMod:Defend_Huntress","DemoMod:Roll","DemoMod:ManualReload+1","DemoMod:RustySidearm","DemoMod:CrossBow+1","DemoMod:TeaPot","DemoMod:Evolver","DemoMod:BattleInHaste","DemoMod:MachoBrace","DemoMod:CombinedRifle","DemoMod:FullFirepower+1","DemoMod:ProbeStrike+1","DemoMod:BattleInHaste","DemoMod:DoubleSwitch+1","DemoMod:TripleGun","DemoMod:SniperShot+1","DemoMod:Gungine","DemoMod:DoubleSwitch+1","Languid","DemoMod:HardPowerCard+1","DemoMod:SAA+1"],"relics":["DemoMod:Dog","DemoMod:GnawedKey","DemoMod:PortableTableDevice","ReplayFunnel","Simple Rune","reliquary:PartyBalloon","Black Star","reliquary:BallBearing","reliquary:QuartzCube","Divine Protection","DemoMod:Bottle","Bronze Scales","Smiling Mask","Replay:Bottled Steam","Toy Ornithopter","Busted Crown","Pocketwatch","reliquary:Boomerang","reliquary:PorcupineQuills","DemoMod:WeirdEgg","Eternal Feather"],"acts_visited":["Exordium","TheCity","TheBeyond"],"potions_floor_usage":[38,38,41,42,50,50],"damage_taken":[{"damage":0.0,"enemies":"2 Louse","floor":1.0,"turns":3.0},{"damage":1.0,"enemies":"Jaw Worm","floor":5.0,"turns":4.0},{"damage":0.0,"enemies":"Cultist","floor":7.0,"turns":2.0},{"damage":0.0,"enemies":"Exordium Wildlife","floor":10.0,"turns":3.0},{"damage":0.0,"enemies":"Large Slime","floor":11.0,"turns":5.0},{"damage":3.0,"enemies":"Exordium Thugs","floor":13.0,"turns":4.0},{"damage":35.0,"enemies":"Slime Boss","floor":16.0,"turns":11.0},{"damage":0.0,"enemies":"3 Byrds","floor":18.0,"turns":5.0},{"damage":0.0,"enemies":"Spheric Guardian","floor":20.0,"turns":2.0},{"damage":8.0,"enemies":"Centurion and Healer","floor":22.0,"turns":6.0},{"damage":20.0,"enemies":"Book of Stabbing","floor":23.0,"turns":5.0},{"damage":0.0,"enemies":"Shelled Parasite and Fungi","floor":25.0,"turns":5.0},{"damage":0.0,"enemies":"Cultist and Chosen","floor":27.0,"turns":4.0},{"damage":0.0,"enemies":"Replay:Snechameleon","floor":28.0,"turns":5.0},{"damage":0.0,"enemies":"Centurion and Healer","floor":30.0,"turns":3.0},{"damage":3.0,"enemies":"Shelled Parasite and Fungi","floor":31.0,"turns":3.0},{"damage":19.0,"enemies":"Automaton","floor":33.0,"turns":6.0},{"damage":0,"enemies":"3 Shapes","floor":35,"turns":3},{"damage":0,"enemies":"3 Darklings","floor":36,"turns":3},{"damage":0,"enemies":"Transient","floor":38,"turns":5},{"damage":14,"enemies":"Maw","floor":41,"turns":6},{"damage":37,"enemies":"Giant Head","floor":42,"turns":7},{"damage":0,"enemies":"3 Darklings","floor":44,"turns":4},{"damage":0,"enemies":"Writhing Mass","floor":46,"turns":2},{"damage":0,"enemies":"Transient","floor":48,"turns":5},{"damage":26,"enemies":"Time Eater","floor":50,"turns":9}],"seed_played":"-6185189852616018152","potions_obtained":[{"floor":10.0,"key":"Energy Potion"},{"floor":13.0,"key":"Block Potion"},{"floor":20.0,"key":"Block Potion"},{"floor":23.0,"key":"Fire Potion"},{"floor":25.0,"key":"Adrenaline Potion"},{"floor":28.0,"key":"LiquidMemories"},{"floor":36,"key":"Explosive Potion"},{"floor":41,"key":"SkillPotion"},{"floor":42,"key":"BlessingOfTheForge"},{"floor":46,"key":"Reflective Coating"}],"is_trial":false,"path_per_floor":["M","?","$","?","M","R","M","T","T","M","M","R","M","?","R","B",null,"M","?","M","?","M","E","?","M","T","M","E","$","M","M","R","B",null,"M","M","?","M","?","R","M","E","T","M","?","M","T","M","R","B",null],"character_chosen":"HUNTRESS","items_purchased":["DemoMod:GnawedKey","DemoMod:PortableTableDevice","Replay:Bottled Steam"],"campfire_rested":1,"item_purchase_floors":[3,3,29],"current_hp_per_floor":[70,59,59,45,44,44,44,44,44,44,44,44,41,23,44,9,70,70,70,70,70,62,42,42,42,42,42,42,42,42,39,60,41,70,70,70,53,63,63,63,54,22,22,22,61,61,61,61,61,40],"gold":394,"neow_bonus":"HUNDRED_GOLD","is_daily":false,"chose_seed":false,"campfire_upgraded":3,"win_rate":0.0,"timestamp":1613379656,"path_taken":["M","?","$","?","M","R","M","?","T","?","M","R","M","?","R","BOSS","M","?","M","?","?","E","?","M","T","?","E","?","M","?","R","BOSS","M","M","?","?","?","R","M","E","T","M","?","M","?","?","R","BOSS"],"items_purchased_type":["Relic","Relic","Relic"],"build_version":"2020-12-18","purchased_purges":1,"victory":true,"max_hp_per_floor":[70,70,70,70,70,70,70,70,70,70,70,70,70,70,70,70,70,70,70,70,70,70,70,70,70,70,70,70,70,70,70,70,70,70,70,70,70,70,70,70,70,70,70,70,61,61,61,61,61,61],"card_choices":[{"not_picked":["DemoMod:ConditionalReflex","DemoMod:AC15","DemoMod:BoxingGlove"],"picked":"SKIP","floor":1.0},{"not_picked":["DemoMod:BoxingGlove","DemoMod:GunstockTap","DemoMod:JK47"],"picked":"SKIP","floor":5.0},{"not_picked":["DemoMod:PotionOfGunFriendShip","DemoMod:Ejector"],"picked":"DemoMod:TeaPot","floor":7.0},{"not_picked":["DemoMod:Ejector","DemoMod:AC15"],"picked":"DemoMod:Evolver","floor":10.0},{"not_picked":["DemoMod:PotionOfGunFriendShip","DemoMod:TeaPot"],"picked":"DemoMod:BattleInHaste","floor":11.0},{"not_picked":["DemoMod:Camera","DemoMod:StickyCrossBow","DemoMod:MachoBrace"],"picked":"SKIP","floor":11.0},{"not_picked":["DemoMod:Camera","DemoMod:StickyCrossBow"],"picked":"DemoMod:MachoBrace","floor":11.0},{"not_picked":["DemoMod:AC15","DemoMod:CursedBullets"],"picked":"DemoMod:CombinedRifle","floor":13.0},{"not_picked":["DemoMod:Eureka","DemoMod:BlankBullets"],"picked":"DemoMod:FullFirepower","floor":16.0},{"not_picked":["DemoMod:Ejector+1","DemoMod:BattleInHaste"],"picked":"DemoMod:ProbeStrike+1","floor":18.0},{"not_picked":["DemoMod:AC15","DemoMod:TeaPot"],"picked":"DemoMod:BattleInHaste","floor":20.0},{"not_picked":["DemoMod:BattleInHaste","DemoMod:StickyCrossBow"],"picked":"DemoMod:DoubleSwitch+1","floor":22.0},{"not_picked":["DemoMod:LifeOrb","DemoMod:JK47","DemoMod:EasyReloadBullets+1"],"picked":"SKIP","floor":22.0},{"not_picked":["DemoMod:HardPowerCard","DemoMod:MachoBrace","DemoMod:GunslingerForm"],"picked":"SKIP","floor":23.0},{"not_picked":["DemoMod:HighKaliber","DemoMod:ZorGun"],"picked":"DemoMod:TripleGun","floor":25.0},{"not_picked":["DemoMod:MegaHand","DemoMod:LifeOrb"],"picked":"DemoMod:SniperShot","floor":27.0},{"not_picked":["DemoMod:DoubleSwitch","DemoMod:Rummage","DemoMod:SAA"],"picked":"SKIP","floor":28.0},{"not_picked":["DemoMod:TeaPot+1","DemoMod:CombinedRifle","DemoMod:HuntsMan"],"picked":"SKIP","floor":30.0},{"not_picked":["DemoMod:SAA+1","DemoMod:TripleGun","DemoMod:FortunesFavor"],"picked":"SKIP","floor":31.0},{"not_picked":["DemoMod:GunslingerForm","DemoMod:FullFirepower"],"picked":"DemoMod:Gungine","floor":33.0},{"not_picked":["DemoMod:BoxingGlove"],"picked":"SKIP","floor":35},{"not_picked":["DemoMod:MegaHand"],"picked":"SKIP","floor":36},{"not_picked":[],"picked":"DemoMod:DoubleSwitch+1","floor":37},{"not_picked":["DemoMod:BattleInHaste"],"picked":"SKIP","floor":38},{"not_picked":["DemoMod:StickyCrossBow+1"],"picked":"SKIP","floor":41},{"not_picked":[],"picked":"DemoMod:HardPowerCard+1","floor":42},{"not_picked":["DemoMod:BoxingGlove"],"picked":"SKIP","floor":44},{"not_picked":[],"picked":"DemoMod:SAA+1","floor":46},{"not_picked":["DemoMod:ThirdPartyController"],"picked":"SKIP","floor":48}],"player_experience":52557,"relics_obtained":[{"floor":8.0,"key":"ReplayFunnel"},{"floor":9.0,"key":"Simple Rune"},{"floor":23.0,"key":"reliquary:QuartzCube"},{"floor":23.0,"key":"Divine Protection"},{"floor":26.0,"key":"DemoMod:Bottle"},{"floor":28.0,"key":"Bronze Scales"},{"floor":28.0,"key":"Smiling Mask"},{"floor":33.0,"key":"Toy Ornithopter"},{"floor":37,"key":"Pocketwatch"},{"floor":42,"key":"reliquary:Boomerang"},{"floor":42,"key":"reliquary:PorcupineQuills"},{"floor":43,"key":"DemoMod:WeirdEgg"},{"floor":47,"key":"Eternal Feather"}],"event_choices":[{"damage_healed":0.0,"max_hp_gain":0.0,"max_hp_loss":0.0,"gold_gain":75.0,"event_name":"World of Goop","player_choice":"Gather Gold","floor":2.0,"gold_loss":0.0,"damage_taken":11.0},{"damage_healed":0.0,"max_hp_gain":0.0,"max_hp_loss":0.0,"gold_gain":0.0,"event_name":"Shining Light","player_choice":"Entered Light","floor":4.0,"gold_loss":0.0,"damage_taken":14.0,"cards_upgraded":["DemoMod:Defend_Huntress","DemoMod:CrossBow"]},{"damage_healed":0.0,"max_hp_gain":0.0,"max_hp_loss":0.0,"gold_gain":0.0,"event_name":"Scrap Ooze","player_choice":"Success","floor":14.0,"gold_loss":0.0,"damage_taken":18.0,"relics_obtained":["reliquary:PartyBalloon"]},{"damage_healed":0.0,"max_hp_gain":0.0,"max_hp_loss":0.0,"gold_gain":0.0,"event_name":"Addict","player_choice":"Obtained Relic","floor":19.0,"gold_loss":85.0,"damage_taken":0.0,"relics_obtained":["reliquary:BallBearing"]},{"cards_removed":["DemoMod:Strike_Huntress"],"damage_healed":0.0,"max_hp_gain":0.0,"max_hp_loss":0.0,"gold_gain":0.0,"event_name":"Purifier","player_choice":"Purged","floor":21.0,"gold_loss":0.0,"damage_taken":0.0},{"cards_removed":["DemoMod:Defend_Huntress"],"damage_healed":0.0,"max_hp_gain":0.0,"max_hp_loss":0.0,"gold_gain":0.0,"event_name":"Bonfire Elementals","player_choice":"Offered Basic","floor":24.0,"gold_loss":0.0,"damage_taken":0.0},{"damage_healed":61,"gold_gain":0,"player_choice":"Heal","damage_taken":0,"max_hp_gain":0,"max_hp_loss":9,"event_name":"The Moai Head","floor":45,"gold_loss":0}],"is_beta":true,"boss_relics":[{"not_picked":["SacredBark","Runic Pyramid"],"picked":"Black Star"},{"not_picked":["reliquary:Ember","Replay:Drink Me"],"picked":"Busted Crown"}],"items_purged_floors":[29],"is_endless":false,"potions_floor_spawned":[10,13,20,23,25,28,36,41,42,46],"ascension_level":0}}