{"host":"su4bqgzf8ryjohfr","time":1613352612,"event":{"mods":["BaseMod","Minty Spire (QoL Compilation)"],"gold_per_floor":[119,119,139,139,1329,1329,1354,1354,1354,892,919,879,897,917,917,1019,1019,1030,734,745,396,406,431,431,443,443,469,485,485,485,485,485,581,581,599,617,339,339,23,23,23,23,73,88,88,121,138,1914,1914,1914,1914,1914,1687,1719,1719],"floor_reached":56,"language":"ENG","playtime":4680,"items_purged":["Scrape","Auto Shields+1"],"score":1411,"play_id":"7252bd8e-3dfa-4718-8411-d7ddf0320df5","local_time":"20210214203012","is_ascension_mode":true,"campfire_choices":[{"data":"Amplify","floor":6,"key":"SMITH"},{"data":"Streamline","floor":8,"key":"SMITH"},{"floor":15,"key":"REST"},{"data":"Genetic Algorithm","floor":24,"key":"SMITH"},{"data":"Defragment","floor":29,"key":"SMITH"},{"data":"Auto Shields","floor":30,"key":"SMITH"},{"data":"Conserve Battery","floor":32,"key":"SMITH"},{"floor":40,"key":"RECALL"},{"data":"Heatsinks","floor":42,"key":"SMITH"},{"data":"Sweeping Beam","floor":45,"key":"SMITH"},{"data":"Turbo","floor":49,"key":"SMITH"},{"data":"Double Energy","floor":52,"key":"SMITH"}],"circlet_count":0,"master_deck":["Dualcast+1","Loop+1","Defragment+1","Stack","Go for the Eyes","Capacitor","Ball Lightning","Gash+1","Compile Driver+1","Conserve Battery","Amplify+1","Stack","FTL","Streamline+1","FTL","Conserve Battery+1","Double Energy+1","Conserve Battery","Ball Lightning+1","Electrodynamics","Skim+1","Heatsinks+1","FTL","Sweeping Beam+1","Genetic Algorithm+1","Steam+1","Sunder","Chill+1","Rainbow","Steam+1","Steam+1","Melter","Genetic Algorithm+1","Barrage+1","Leap+1","Turbo+1","Aggregate+1"],"relics":["Pandora\u0027s Box","PreservedInsect","OrangePellets","Eternal Feather","Bag of Preparation","Membership Card","Darkstone Periapt","Dream Catcher","Toy Ornithopter","Philosopher\u0027s Stone","Toolbox","Pen Nib","Whetstone","HandDrill","Pocketwatch","Omamori","Ice Cream","WingedGreaves","Bottled Flame","Inserter","Bird Faced Urn","War Paint","Pantograph","DollysMirror","Art of War","Centennial Puzzle","White Beast Statue","Pear","Bag of Marbles","Sling","Strawberry","Anchor","HornCleat"],"acts_visited":["Exordium","TheCity","TheBeyond","TheEnding"],"potions_floor_usage":[36,36,50,55,55],"damage_taken":[{"damage":6,"enemies":"Small Slimes","floor":1,"turns":3},{"damage":12,"enemies":"2 Louse","floor":3,"turns":2},{"damage":13,"enemies":"Gremlin Nob","floor":7,"turns":3},{"damage":23,"enemies":"Lagavulin","floor":11,"turns":6},{"damage":0,"enemies":"Jaw Worm","floor":13,"turns":3},{"damage":3,"enemies":"Large Slime","floor":14,"turns":4},{"damage":5,"enemies":"Hexaghost","floor":16,"turns":7},{"damage":31,"enemies":"3 Byrds","floor":18,"turns":3},{"damage":10,"enemies":"Chosen","floor":20,"turns":4},{"damage":25,"enemies":"Snake Plant","floor":22,"turns":3},{"damage":29,"enemies":"Book of Stabbing","floor":23,"turns":4},{"damage":30,"enemies":"Centurion and Healer","floor":25,"turns":5},{"damage":24,"enemies":"Gremlin Leader","floor":27,"turns":5},{"damage":9,"enemies":"Chosen and Byrds","floor":28,"turns":4},{"damage":12,"enemies":"Automaton","floor":33,"turns":10},{"damage":20,"enemies":"3 Darklings","floor":35,"turns":5},{"damage":7,"enemies":"Orb Walker","floor":36,"turns":3},{"damage":42,"enemies":"4 Shapes","floor":44,"turns":4},{"damage":15,"enemies":"Nemesis","floor":46,"turns":8},{"damage":1,"enemies":"Jaw Worm Horde","floor":47,"turns":3},{"damage":42,"enemies":"Donu and Deca","floor":50,"turns":8},{"damage":39,"enemies":"Shield and Spear","floor":54,"turns":7},{"damage":198,"enemies":"The Heart","floor":55,"turns":10}],"seed_played":"6135224555328096546","potions_obtained":[{"floor":1,"key":"GamblersBrew"},{"floor":20,"key":"BlessingOfTheForge"},{"floor":28,"key":"LiquidBronze"},{"floor":44,"key":"Swift Potion"},{"floor":47,"key":"SteroidPotion"},{"floor":54,"key":"SkillPotion"}],"is_trial":false,"path_per_floor":["M","?","M","?","$","R","E","R","T","$","E","?","M","M","R","B",null,"M","$","M","$","M","E","R","M","T","E","M","R","R","?","R","B",null,"M","M","$","?","$","R","?","R","T","M","R","E","M","$","R","B",null,"R","$","E","B",null],"character_chosen":"DEFECT","items_purchased":["OrangePellets","Eternal Feather","Amplify","Stack","FTL","FearPotion","EssenceOfDarkness","Membership Card","Darkstone Periapt","Dream Catcher","Skim","FTL","Toolbox","Pen Nib","Whetstone","Heatsinks","FTL","HandDrill","Pocketwatch","Omamori","Sweeping Beam","Capacitor","Bird Faced Urn","War Paint","Melter","Pantograph","DollysMirror","Art of War","Pear","Bag of Marbles","Turbo","Sling","Strawberry","Anchor"],"campfire_rested":1,"item_purchase_floors":[5,5,5,5,5,5,5,10,10,10,10,10,19,19,19,19,19,21,21,21,21,21,37,37,39,39,39,39,48,48,48,53,53,53],"current_hp_per_floor":[69,51,39,24,24,33,20,29,29,29,6,6,6,3,37,32,75,44,44,34,34,9,46,61,31,31,7,69,75,75,75,75,63,75,55,58,58,58,58,75,75,75,75,37,55,52,55,65,85,54,85,85,92,59,14],"gold":1719,"neow_bonus":"BOSS_RELIC","is_daily":false,"chose_seed":false,"campfire_upgraded":10,"win_rate":0.0,"timestamp":1613352612,"path_taken":["M","?","M","?","?","R","E","R","T","$","E","?","M","M","R","BOSS","M","$","?","$","?","E","R","M","T","E","M","R","R","?","R","BOSS","M","M","$","?","$","R","?","R","T","M","R","E","?","?","R","BOSS","R","$","E","BOSS"],"items_purchased_type":["Relic","Relic","Card","Card","Card","Potion","Potion","Relic","Relic","Relic","Card","Card","Relic","Relic","Relic","Card","Card","Relic","Relic","Relic","Card","Card","Relic","Relic","Card","Relic","Relic","Relic","Relic","Relic","Card","Relic","Relic","Relic"],"build_version":"2020-12-22","purchased_purges":2,"victory":true,"max_hp_per_floor":[75,75,75,75,75,75,75,75,75,75,75,75,75,75,75,75,75,75,75,75,75,75,75,75,75,75,75,75,75,75,75,75,75,75,75,75,75,75,75,75,75,75,75,75,75,75,75,85,85,85,85,85,92,92,92],"card_choices":[{"not_picked":["Ball Lightning","Steam"],"picked":"Compile Driver","floor":1},{"not_picked":["Ball Lightning","Go for the Eyes"],"picked":"Conserve Battery","floor":3},{"not_picked":["Fission","Static Discharge"],"picked":"Streamline","floor":7},{"not_picked":["Rainbow","Hologram"],"picked":"Conserve Battery","floor":11},{"not_picked":["Cold Snap","Blizzard"],"picked":"Double Energy","floor":13},{"not_picked":["Ball Lightning","Darkness"],"picked":"Conserve Battery","floor":14},{"not_picked":["Beam Cell","Hologram"],"picked":"Ball Lightning","floor":15},{"not_picked":["Machine Learning","Biased Cognition"],"picked":"Electrodynamics","floor":16},{"not_picked":["Redo","Tempest"],"picked":"Skim+1","floor":18},{"not_picked":["Rebound","Turbo","Steam"],"picked":"SKIP","floor":20},{"not_picked":["Turbo","Thunder Strike"],"picked":"Genetic Algorithm","floor":22},{"not_picked":["Undo","FTL"],"picked":"Auto Shields","floor":23},{"not_picked":["Static Discharge","Cold Snap+1"],"picked":"Steam+1","floor":25},{"not_picked":["Redo","Turbo"],"picked":"Sunder","floor":27},{"not_picked":["Redo+1","Compile Driver"],"picked":"Chill+1","floor":28},{"not_picked":["Reboot","Fission"],"picked":"Rainbow","floor":33},{"not_picked":["Redo","Hologram"],"picked":"Steam","floor":35},{"not_picked":["Reinforced Body+1","Sweeping Beam"],"picked":"Steam+1","floor":36},{"not_picked":["Streamline","Sweeping Beam","Scrape+1"],"picked":"SKIP","floor":44},{"not_picked":["Reprogram+1","Blizzard+1"],"picked":"Barrage+1","floor":46},{"not_picked":["Chill+1","Steam+1"],"picked":"Leap+1","floor":47},{"not_picked":["Rainbow","Conserve Battery"],"picked":"Aggregate+1","floor":54}],"player_experience":66429,"relics_obtained":[{"floor":7,"key":"Bag of Preparation"},{"floor":11,"key":"Toy Ornithopter"},{"floor":23,"key":"Ice Cream"},{"floor":26,"key":"WingedGreaves"},{"floor":27,"key":"Bottled Flame"},{"floor":43,"key":"Centennial Puzzle"},{"floor":46,"key":"White Beast Statue"},{"floor":54,"key":"HornCleat"}],"event_choices":[{"damage_healed":0,"gold_gain":0,"player_choice":"Success","damage_taken":18,"relics_obtained":["PreservedInsect"],"max_hp_gain":0,"max_hp_loss":0,"event_name":"Scrap Ooze","floor":2,"gold_loss":0},{"damage_healed":0,"gold_gain":0,"player_choice":"Entered Light","damage_taken":15,"max_hp_gain":0,"max_hp_loss":0,"event_name":"Shining Light","floor":4,"gold_loss":0,"cards_upgraded":["Loop","Compile Driver"]},{"damage_healed":0,"gold_gain":0,"player_choice":"Bought 3 Potions","damage_taken":0,"max_hp_gain":0,"max_hp_loss":0,"event_name":"The Woman in Blue","floor":12,"gold_loss":0},{"cards_removed":["Zap"],"damage_healed":0,"gold_gain":0,"player_choice":"Purged","damage_taken":0,"max_hp_gain":0,"max_hp_loss":0,"event_name":"Purifier","floor":31,"gold_loss":0},{"cards_removed":["Capacitor"],"damage_healed":0,"gold_gain":0,"player_choice":"Removed Power","damage_taken":0,"max_hp_gain":0,"max_hp_loss":0,"event_name":"Falling","floor":38,"gold_loss":0},{"cards_removed":["Skim"],"damage_healed":0,"gold_gain":0,"player_choice":"Card Removal","damage_taken":0,"max_hp_gain":0,"max_hp_loss":0,"event_name":"Wheel of Change","floor":41,"gold_loss":0}],"is_beta":false,"boss_relics":[{"not_picked":["Ectoplasm","Empty Cage"],"picked":"Philosopher\u0027s Stone"},{"not_picked":["Runic Dome","Calling Bell"],"picked":"Inserter"}],"items_purged_floors":[10,37],"is_endless":false,"potions_floor_spawned":[1,11,13,20,22,23,28,44,47,54],"ascension_level":2}}