{"host":"pxp2snzeynskzh5q","time":1613412015,"event":{"mods":["Act Like it!","BaseMod","GifTheSpireLib","MarisaÅiñ∂âJÅ@ñÇóùçπÅj","Minty Spire (QoL Compilation)","StSLib"],"gold_per_floor":[115,37,72,147,147,147,205,205,205,130,130,184,224,224,224,353,353,390,390,403,328,369,369,429,429,429,429,472,497,497,152,152,277,277,313,330,370,370,370,370,399,399,399,454,465,99,135,206,206,206],"floor_reached":51,"language":"ENG","playtime":4525,"items_purged":["Strike_MRS","TreasureHunter","Regret"],"score":874,"play_id":"e5fbb54e-6e0e-4f71-ac33-b02f183c2cab","local_time":"20210215180015","is_ascension_mode":false,"campfire_choices":[{"data":"WitchOfGreed","floor":6.0,"key":"SMITH"},{"data":"MysteriousBeam","floor":8.0,"key":"SMITH"},{"data":"TreasureHunter","floor":11.0,"key":"SMITH"},{"data":"IllusionStar","floor":15,"key":"SMITH"},{"data":"MasterSpark","floor":23,"key":"SMITH"},{"data":"Acceleration","floor":25,"key":"SMITH"},{"data":"PulseMagic","floor":30,"key":"SMITH"},{"data":"ManaConvection","floor":32,"key":"SMITH"},{"data":"BlazingStar","floor":40,"key":"SMITH"},{"data":"Panache","floor":42,"key":"SMITH"},{"floor":49,"key":"REST"}],"circlet_count":0,"master_deck":["Strike_MRS+1","Defend_MRS","Defend_MRS","MasterSpark+1","UpSweep+1","Acceleration+1","MysteriousBeam+1","WitchOfGreed+1","IllusionStar+1","TreasureHunter+1","WitchLeyline","MagicAbsorber","AsteroidBelt+1","Acceleration+1","DC+1","ManaConvection+1","PulseMagic+1","BlazingStar+1","OortCloud+1","EarthLightRay+1","Panache+1","Writhe","MysteriousBeam+1","Acceleration+1","EscapeVelocity","StarDustReverie"],"relics":["MiniHakkero","NeowsBlessing","Vajra","HornCleat","Nunchaku","Toy Ornithopter","Gambling Chip","ExperimentalFamiliar","Nilry\u0027s Codex","Whetstone","Letter Opener","BreadOfAWashokuLover","Art of War","Sundial","Shuriken","Bird Faced Urn","Cursed Key","Gremlin Horn","Lantern","Ancient Tea Set","Bag of Marbles","CatCart"],"acts_visited":["Exordium","TheCity","TheBeyond"],"potions_floor_usage":[12,12,12,16,18,18,24,24,24,28,29,33,37,41,44,44,45,45,45,45,45,47,48,48,49,50],"damage_taken":[{"damage":0.0,"enemies":"Jaw Worm","floor":1.0,"turns":1.0},{"damage":3.0,"enemies":"Small Slimes","floor":3.0,"turns":2.0},{"damage":0.0,"enemies":"3 Sentries","floor":7.0,"turns":2.0},{"damage":10,"enemies":"Lagavulin","floor":12,"turns":4},{"damage":6,"enemies":"2 Louse","floor":13,"turns":2},{"damage":2,"enemies":"Hexaghost","floor":16,"turns":7},{"damage":0,"enemies":"2 Thieves","floor":18,"turns":4},{"damage":0,"enemies":"Chosen","floor":20,"turns":1},{"damage":3,"enemies":"Centurion and Healer","floor":22,"turns":3},{"damage":13,"enemies":"Gremlin Leader","floor":24,"turns":5},{"damage":4,"enemies":"Snake Plant","floor":28,"turns":3},{"damage":13,"enemies":"Book of Stabbing","floor":29,"turns":2},{"damage":0,"enemies":"Champ","floor":33,"turns":5},{"damage":15,"enemies":"3 Darklings","floor":35,"turns":4},{"damage":0,"enemies":"Orb Walker","floor":36,"turns":1},{"damage":5,"enemies":"Maw","floor":37,"turns":5},{"damage":0,"enemies":"Reptomancer","floor":41,"turns":3},{"damage":2,"enemies":"Giant Head","floor":44,"turns":4},{"damage":106,"enemies":"Transient","floor":45,"turns":5},{"damage":0,"enemies":"4 Shapes","floor":47,"turns":1},{"damage":0,"enemies":"Orin","floor":48,"turns":4},{"damage":13,"enemies":"Awakened One","floor":50,"turns":4}],"seed_played":"2791210987791145974","potions_obtained":[{"floor":1.0,"key":"FearPotion"},{"floor":3.0,"key":"Strength Potion"},{"floor":7.0,"key":"BottledSpark"},{"floor":12,"key":"EntropicBrew"},{"floor":12,"key":"Explosive Potion"},{"floor":13,"key":"DuplicationPotion"},{"floor":16,"key":"Block Potion"},{"floor":18,"key":"Regen Potion"},{"floor":20,"key":"FearPotion"},{"floor":22,"key":"LiquidMemories"},{"floor":24,"key":"SkillPotion"},{"floor":28,"key":"Explosive Potion"},{"floor":28,"key":"DistilledChaos"},{"floor":29,"key":"Swift Potion"},{"floor":33,"key":"DuplicationPotion"},{"floor":35,"key":"Ancient Potion"},{"floor":37,"key":"Block Potion"},{"floor":41,"key":"GamblersBrew"},{"floor":44,"key":"EntropicBrew"},{"floor":45,"key":"ShroomBrew"},{"floor":47,"key":"AttackPotion"},{"floor":48,"key":"Fruit Juice"}],"is_trial":false,"path_per_floor":["M","$","M","?","?","R","E","R","T","$","R","E","M","?","R","B",null,"M","?","M","?","M","R","E","R","T","?","M","E","R","$","R","B",null,"M","M","M","?","?","R","E","R","T","E","M","$","M","?","R","B",null],"character_chosen":"MARISA","items_purchased":["MysteriousBeam","WitchOfGreed","Shuriken","EscapeVelocity","BlessingOfTheForge","Explosive Potion"],"campfire_rested":1,"item_purchase_floors":[2,2,31,46,46,46],"current_hp_per_floor":[75,75,72,61,66,66,66,66,66,66,66,56,50,43,43,46,80,80,64,64,64,61,61,71,71,71,71,72,65,65,65,65,71,80,69,69,75,75,80,80,80,80,80,80,11,11,20,48,83,82],"gold":206,"neow_bonus":"THREE_ENEMY_KILL","is_daily":false,"chose_seed":false,"campfire_upgraded":10,"win_rate":0.0,"timestamp":1613412015,"path_taken":["M","$","M","?","?","R","E","R","T","$","R","E","M","?","R","BOSS","M","?","M","?","M","R","E","R","T","?","M","E","R","$","R","BOSS","M","M","M","?","?","R","E","R","T","E","M","$","M","?","R","BOSS"],"items_purchased_type":["Card","Card","Relic","Card","Potion","Potion"],"build_version":"2020-12-22","purchased_purges":3,"victory":true,"max_hp_per_floor":[75,75,75,75,80,80,80,80,80,80,80,80,80,80,80,80,80,80,80,80,80,80,80,80,80,80,80,80,80,80,80,80,80,80,80,80,80,80,80,80,80,80,80,80,80,80,80,80,85,85],"card_choices":[{"not_picked":["AlicesGift","DoubleSpark"],"picked":"Acceleration","floor":1.0},{"not_picked":["ChargingUp","ManaConvection"],"picked":"IllusionStar","floor":3.0},{"not_picked":["OpenUniverse","SporeBomb"],"picked":"TreasureHunter","floor":7.0},{"not_picked":["ShootingEcho","UnstableBomb"],"picked":"WitchLeyline","floor":12},{"not_picked":["Singularity","6A"],"picked":"MagicAbsorber","floor":13},{"not_picked":["WitchLeyline","IllusionStar","6A"],"picked":"SKIP","floor":18},{"not_picked":["GravityBeat","UnstableBomb"],"picked":"AsteroidBelt+1","floor":20},{"not_picked":["AsteroidBelt+1","BinaryStars"],"picked":"Acceleration+1","floor":22},{"not_picked":["PowerUp","MilkyWay"],"picked":"DC+1","floor":24},{"not_picked":["DC+1","LuminesStrike","DoubleSpark"],"picked":"SKIP","floor":28},{"not_picked":["StarBarrage+1","OneTimeOff+1"],"picked":"PulseMagic","floor":29},{"not_picked":["EscapeVelocity","AbsoluteMagnitude"],"picked":"BlazingStar","floor":33},{"not_picked":["SporeBomb+1","WitchOfGreed"],"picked":"OortCloud+1","floor":35},{"not_picked":["LuminesStrike","GalacticHalo+1","DoubleSpark"],"picked":"SKIP","floor":36},{"not_picked":["Robbery+1","GrandCross"],"picked":"EarthLightRay+1","floor":37},{"not_picked":["Impatience","Finesse"],"picked":"Panache","floor":38},{"not_picked":["JA","LuminesStrike+1"],"picked":"MysteriousBeam+1","floor":41},{"not_picked":["ShootTheMoon+1","EarthLightRay"],"picked":"Acceleration+1","floor":44},{"not_picked":["WitchLeyline+1","IllusionStar","UnstableBomb"],"picked":"SKIP","floor":45},{"not_picked":["MilkyWay","OpenUniverse","LuminesStrike+1"],"picked":"SKIP","floor":47},{"not_picked":["6A+1","Acceleration+1"],"picked":"StarDustReverie","floor":48}],"player_experience":760381,"relics_obtained":[{"floor":7.0,"key":"Vajra"},{"floor":9.0,"key":"HornCleat"},{"floor":12,"key":"Nunchaku"},{"floor":12,"key":"Toy Ornithopter"},{"floor":16,"key":"Gambling Chip"},{"floor":19,"key":"Nilry\u0027s Codex"},{"floor":24,"key":"Whetstone"},{"floor":24,"key":"Letter Opener"},{"floor":26,"key":"BreadOfAWashokuLover"},{"floor":29,"key":"Art of War"},{"floor":29,"key":"Sundial"},{"floor":33,"key":"Bird Faced Urn"},{"floor":41,"key":"Gremlin Horn"},{"floor":41,"key":"Lantern"},{"floor":43,"key":"Ancient Tea Set"},{"floor":44,"key":"Bag of Marbles"},{"floor":48,"key":"CatCart"}],"event_choices":[{"damage_healed":0.0,"max_hp_gain":0.0,"max_hp_loss":0.0,"gold_gain":75.0,"event_name":"World of Goop","player_choice":"Gather Gold","floor":4.0,"gold_loss":0.0,"damage_taken":11.0},{"damage_healed":0.0,"max_hp_gain":5.0,"max_hp_loss":0.0,"gold_gain":0.0,"event_name":"Big Fish","player_choice":"Donut","floor":5.0,"gold_loss":0.0,"damage_taken":0.0},{"cards_removed":["Strike_MRS"],"damage_healed":0,"gold_gain":0,"player_choice":"Card Removal","damage_taken":7,"max_hp_gain":0,"max_hp_loss":0,"event_name":"Golden Wing","floor":14,"gold_loss":0},{"damage_healed":0,"gold_gain":0,"player_choice":"Obtained Book","damage_taken":16,"max_hp_gain":0,"max_hp_loss":0,"event_name":"Cursed Tome","floor":19,"gold_loss":0},{"cards_removed":["Defend_MRS"],"damage_healed":0,"gold_gain":0,"player_choice":"Gave Gold","damage_taken":0,"max_hp_gain":0,"max_hp_loss":0,"event_name":"Beggar","floor":21,"gold_loss":75},{"damage_healed":0,"gold_gain":0,"cards_transformed":["Strike_MRS","Defend_MRS"],"player_choice":"Became Test Subject","damage_taken":0,"max_hp_gain":0,"max_hp_loss":0,"event_name":"Drug Dealer","floor":27,"gold_loss":0,"cards_obtained":["TreasureHunter","ManaConvection"]},{"damage_healed":0,"gold_gain":0,"player_choice":"Memory 1","damage_taken":0,"max_hp_gain":0,"max_hp_loss":0,"event_name":"SensoryStone","floor":38,"gold_loss":0},{"damage_healed":20,"gold_gain":0,"player_choice":"Writhe","damage_taken":0,"max_hp_gain":0,"max_hp_loss":0,"event_name":"Winding Halls","floor":39,"gold_loss":0,"cards_obtained":["Writhe"]},{"damage_healed":0,"gold_gain":0,"player_choice":"Fight","damage_taken":0,"max_hp_gain":0,"max_hp_loss":0,"event_name":"OrinTheCat","floor":48,"gold_loss":0}],"is_beta":false,"boss_relics":[{"not_picked":["BewitchedHakkero","Pandora\u0027s Box"],"picked":"ExperimentalFamiliar"},{"not_picked":["SacredBark","Fusion Hammer"],"picked":"Cursed Key"}],"items_purged_floors":[10,31,46],"is_endless":false,"potions_floor_spawned":[1,12,16,20,22,28,29,35,41,45],"ascension_level":0}}