{"host":"za1qviwhp34x909e","time":1613380691,"event":{"mods":["Act Like it!","BaseMod","Colored Map","Colored Powertips","Downfall","Highlight Path","Hubris","Koishi","Marisa????????","Minty Spire (QoL Compilation)","Quick Restart","Reimu??????","Replay The Spire","StSLib","The Servant 0.9.4"],"gold_per_floor":[109,120,185,205,128,128,159,159,159,6,40,40,67,84,84,187,187,206,206,27,44,44,71,87,87,114,148,148,165,181,181,181,181,181],"floor_reached":33,"language":"ENG","playtime":2562,"items_purged":["Voices","Strike_S"],"score":378,"play_id":"1a513b56-0e65-493c-a825-829bd57a0c53","local_time":"20210215031811","is_ascension_mode":false,"campfire_choices":[{"data":"Snipe","floor":6,"key":"SMITH"},{"data":"Snipe","floor":12,"key":"SMITH"},{"data":"Alleviate","floor":15,"key":"SMITH"},{"data":"InstantArmor","floor":15,"key":"SMITH"},{"data":"BottledTime","floor":25,"key":"SMITH"},{"data":"Potential","floor":25,"key":"SMITH"},{"floor":32,"key":"REST"}],"circlet_count":0,"master_deck":["Strike_S","Defend_S","Defend_S","Defend_S","Defend_S","Exchange","ShatteredReality","Moonlight","Rearm","Potential+1","Snipe+1","Snipe+1","Flash of Steel","Alleviate+1","FanOfKnives+1","Potential","InstantArmor+1","Gouge","Dilation","ShatteredReality","Replace+1","TheWorld","Defy","Revamp","SilverBlades","BottledTime+1","Foresight+1","Misdirection","DualDimension"],"relics":["Uniform","NeowsBlessing","PaperSwan","ReplayTheSpireMod:CursedCoin","Replay:Wax Seal","Onion Ring","TentaclePot:ReiMu","Replay:Mystery Machine","Replay:Arrowhead","Philosopher\u0027s Stone","Replay:PocketPolymizer","Replay:Rubber Ducky","Replay:Kaleidoscope","Regal Pillow"],"acts_visited":["Exordium","TheCity"],"potions_floor_usage":[13,16,16,21,23],"damage_taken":[{"damage":0,"enemies":"Jaw Worm","floor":1,"turns":1},{"damage":0,"enemies":"Small Slimes","floor":2,"turns":2},{"damage":0,"enemies":"2 Louse","floor":4,"turns":1},{"damage":14,"enemies":"Gremlin Nob","floor":7,"turns":3},{"damage":12,"enemies":"3 Sentries","floor":11,"turns":8},{"damage":0,"enemies":"Lagavulin","floor":13,"turns":4},{"damage":2,"enemies":"Lots of Slimes","floor":14,"turns":3},{"damage":0,"enemies":"Hexaghost","floor":16,"turns":5},{"damage":11,"enemies":"2 Thieves","floor":18,"turns":3},{"damage":0,"enemies":"Chosen","floor":21,"turns":2},{"damage":2,"enemies":"Book of Stabbing","floor":23,"turns":3},{"damage":0,"enemies":"Snecko","floor":24,"turns":4},{"damage":30,"enemies":"Gremlin Leader","floor":27,"turns":5},{"damage":7,"enemies":"Shelled Parasite and Fungi","floor":29,"turns":2},{"damage":0,"enemies":"Cultist and Chosen","floor":30,"turns":4},{"damage":42,"enemies":"Pondfish","floor":33,"turns":7}],"seed_played":"5260313776990654851","potions_obtained":[{"floor":3,"key":"SkillPotion"},{"floor":7,"key":"Fire Potion"},{"floor":11,"key":"Slimebound:ThreeZeroPotion"},{"floor":14,"key":"Dexterity Potion"},{"floor":16,"key":"SkillPotion"},{"floor":21,"key":"Elixir"},{"floor":24,"key":"Elixir"},{"floor":29,"key":"GamblersBrew"}],"is_trial":false,"path_per_floor":["M","M","?","M","$","R","E","?","T","$","E","R","E","M","R","B",null,"M","?","$","M","?","E","M","R","T","E","?","M","M","$","R","B"],"character_chosen":"THE_SERVANT","items_purchased":["ReplayTheSpireMod:CursedCoin","Snipe","Flash of Steel","TentaclePot:ReiMu","TheWorld","Regal Pillow"],"campfire_rested":1,"item_purchase_floors":[5,5,5,10,20,31],"current_hp_per_floor":[65,65,49,49,49,49,35,35,35,35,23,23,23,21,21,21,65,54,54,54,54,54,52,52,52,52,22,22,15,15,5,39,0,0],"gold":181,"neow_bonus":"THREE_ENEMY_KILL","is_daily":false,"chose_seed":false,"campfire_upgraded":6,"win_rate":0.0,"timestamp":1613380691,"path_taken":["M","M","?","M","$","R","E","?","T","$","E","R","E","M","R","BOSS","M","?","$","M","?","E","?","R","T","E","?","M","M","?","R","BOSS"],"items_purchased_type":["Relic","Card","Card","Relic","Card","Relic"],"build_version":"2020-12-22","purchased_purges":2,"victory":false,"max_hp_per_floor":[65,65,65,65,65,65,65,65,65,65,65,65,65,65,65,65,65,65,65,65,65,65,65,65,65,65,65,65,65,65,65,65,65,65],"card_choices":[{"not_picked":["Potential","StarChef"],"picked":"ShatteredReality","floor":1},{"not_picked":["BestPractice","StarChef"],"picked":"Moonlight","floor":2},{"not_picked":["Collapse","Unruled"],"picked":"Rearm","floor":3},{"not_picked":["Revamp","Reset"],"picked":"Potential","floor":4},{"not_picked":["RealityMarble","TrueSight"],"picked":"Alleviate","floor":7},{"not_picked":["Reset","Starlight"],"picked":"Potential","floor":11},{"not_picked":["Rearm","Moonlight"],"picked":"InstantArmor","floor":13},{"not_picked":["Hightail","TimeWarp"],"picked":"Gouge","floor":14},{"not_picked":["Duplication","Initiator"],"picked":"Dilation","floor":16},{"not_picked":["MoonPhase","Unruled"],"picked":"ShatteredReality","floor":18},{"not_picked":["DoubleEdge","Shuttle"],"picked":"Defy","floor":21},{"not_picked":["Sabotage","FanOfKnives+1"],"picked":"Revamp","floor":23},{"not_picked":["Spin+1","Rearm"],"picked":"SilverBlades","floor":24},{"not_picked":["BestPractice+1","Sunlight"],"picked":"Foresight+1","floor":27},{"not_picked":["TimeWarp+1","Alleviate"],"picked":"Misdirection","floor":29},{"not_picked":["Gouge+1","Collapse","Shuttle"],"picked":"SKIP","floor":30}],"player_experience":724538,"relics_obtained":[{"floor":3,"key":"PaperSwan"},{"floor":7,"key":"Replay:Wax Seal"},{"floor":9,"key":"Onion Ring"},{"floor":11,"key":"Replay:Mystery Machine"},{"floor":13,"key":"Replay:Arrowhead"},{"floor":23,"key":"Replay:PocketPolymizer"},{"floor":26,"key":"Replay:Rubber Ducky"},{"floor":27,"key":"Replay:Kaleidoscope"}],"event_choices":[{"damage_healed":0,"gold_gain":0,"player_choice":"Read","damage_taken":0,"max_hp_gain":0,"max_hp_loss":0,"event_name":"The Library","floor":19,"gold_loss":0,"cards_obtained":["Replace"]},{"damage_healed":0,"gold_gain":0,"player_choice":"Forge","damage_taken":0,"max_hp_gain":0,"max_hp_loss":0,"event_name":"Accursed Blacksmith","floor":22,"gold_loss":0,"cards_upgraded":["Replace"]},{"damage_healed":0,"gold_gain":0,"player_choice":"Ignored","damage_taken":0,"max_hp_gain":0,"max_hp_loss":0,"event_name":"Ghosts","floor":28,"gold_loss":0}],"is_beta":false,"boss_relics":[{"not_picked":["ReplayTheSpireMod:DimensionalGlitch","SlaversCollar"],"picked":"Philosopher\u0027s Stone"}],"items_purged_floors":[5,20],"is_endless":false,"potions_floor_spawned":[7,11,14,16,21,24,29],"killed_by":"Pondfish","ascension_level":0}}