{"host":"d52brwsy6af8zvaq","time":1613410746,"event":{"mods":["AchievementEnabler","BaseMod","Bestiary","Highlight Path","Minty Spire (QoL Compilation)","Quick Restart","Relic Stats","ojb\u0027s Better Paths Mod"],"gold_per_floor":[116,58,68,83,107,107,134,6,6,6,23,38,38,38],"floor_reached":13,"language":"ENG","playtime":347,"items_purged":[],"score":170,"play_id":"bd295837-d476-4d9d-8a9a-8ed9a765f5b1","local_time":"20210215103906","is_ascension_mode":true,"campfire_choices":[{"data":"Defragment","floor":6,"key":"SMITH"},{"floor":10,"key":"REST"}],"circlet_count":0,"master_deck":["AscendersBane","Strike_B","Strike_B","Strike_B","Strike_B","Defend_B","Defend_B","Defend_B","Defend_B","Zap","Dualcast","Reboot","Defragment+1","Streamline","Darkness","Self Repair","Capacitor","Ball Lightning"],"relics":["Cracked Core","Orichalcum","Unceasing Top"],"acts_visited":["Exordium"],"potions_floor_usage":[7,13],"damage_taken":[{"damage":1.0,"enemies":"Cultist","floor":1.0,"turns":3.0},{"damage":4.0,"enemies":"Small Slimes","floor":3.0,"turns":3.0},{"damage":2,"enemies":"2 Louse","floor":4,"turns":3},{"damage":32,"enemies":"3 Sentries","floor":7,"turns":6},{"damage":35,"enemies":"Lots of Slimes","floor":11,"turns":5},{"damage":9,"enemies":"Exordium Wildlife","floor":12,"turns":4},{"damage":29,"enemies":"Lagavulin","floor":13,"turns":4}],"seed_played":"1893331843049415673","potions_obtained":[{"floor":1.0,"key":"Energy Potion"},{"floor":3,"key":"Fire Potion"},{"floor":12,"key":"Fire Potion"}],"is_trial":false,"path_per_floor":["M","$","M","M","T","R","E","$","T","R","M","M","E"],"character_chosen":"DEFECT","items_purchased":["Streamline","Capacitor","Ball Lightning"],"campfire_rested":1,"item_purchase_floors":[2,8,8],"current_hp_per_floor":[63,63,59,57,57,57,25,25,25,46,18,16,0,0],"gold":38,"neow_bonus":"ONE_RANDOM_RARE_CARD","is_daily":false,"chose_seed":false,"campfire_upgraded":1,"win_rate":0.0,"timestamp":1613410746,"path_taken":["M","$","M","M","?","R","E","$","T","R","M","M","E"],"items_purchased_type":["Card","Card","Card"],"build_version":"2020-12-22","purchased_purges":0,"victory":false,"max_hp_per_floor":[71,71,71,71,71,71,71,71,71,71,71,71,71,71],"relic_stats":{"counters":[7,28],"Orichalcum":[60],"obtain_stats":[{"Orichalcum":5,"Cracked Core":0,"Unceasing Top":7},{"Orichalcum":3,"Cracked Core":0,"Unceasing Top":4},{"Orichalcum":9,"Cracked Core":0,"Unceasing Top":15}],"Unceasing Top":[0]},"card_choices":[{"not_picked":["Sweeping Beam","Self Repair"],"picked":"Defragment","floor":1.0},{"not_picked":["Tempest","Turbo","Scrape"],"picked":"SKIP","floor":3},{"not_picked":["Stack","Scrape"],"picked":"Darkness","floor":4},{"not_picked":["Rebound","Reinforced Body"],"picked":"Self Repair","floor":7},{"not_picked":["Self Repair","Rebound","Streamline"],"picked":"SKIP","floor":11},{"not_picked":["Tempest","Heatsinks","Rebound"],"picked":"SKIP","floor":12}],"player_experience":2275274,"relics_obtained":[{"floor":5,"key":"Orichalcum"},{"floor":7,"key":"Unceasing Top"}],"event_choices":[],"is_beta":false,"boss_relics":[],"items_purged_floors":[],"is_endless":false,"potions_floor_spawned":[1,3,4,12],"killed_by":"Lagavulin","ascension_level":20}}