{"host":"xpzu3ao9bvbn9hmu","time":1613396213,"event":{"mods":["ATMod(∞¢Ë™Mod)","Alarm Clock","BaseMod","Colored Powertips","Dota2Spire","GifTheSpireLib","KinomotoSakuraMod(ƒæ÷Æ±æ”£)","LagranYue(¿≠∏Ò¿ °§‘¬)","Luminous","Marisa£®ÏF”Í°°ƒß¿Ì…≥£©","Minty Spire (QoL Compilation)","Reimu£®≤©¿ˆ¡È√Œ£©","Relic Stats","Remilia£®¿Ÿ√◊¿Ú—«£©","Replay The Spire","SIMod","StSLib","The Gatherer","The Runesmith","The Servant 0.9.4","Waifu the Spire","WarShipGirlsR/’ΩΩ¢…Ÿ≈ÆR mod","Yakumo Yukari mod","Youmu£®ªÍ∆«—˝√Œ£©","Yuyuko","[IsaacMod]“‘»ˆº‚À˛","≤–¡Ù÷ÆŒÔ"],"gold_per_floor":[118,132,151,134,134,134,168,168,242,242,269,282,297,297,297,397,397,413,503,517,229,246,246,246,246],"floor_reached":23,"language":"ZHS","playtime":1313,"items_purged":["Gatherer:Strike_Gatherer"],"score":253,"play_id":"4a3af94c-3fa9-4851-b57d-523f8464ad35","local_time":"20210215213653","is_ascension_mode":false,"metric_token":1749,"campfire_choices":[{"data":"Gatherer:Liquidism","floor":6,"key":"SMITH"},{"floor":8,"key":"REST"},{"floor":15,"key":"REST"}],"circlet_count":0,"master_deck":["Gatherer:Strike_Gatherer","Gatherer:Strike_Gatherer","Gatherer:Strike_Gatherer","Gatherer:Strike_Gatherer","Gatherer:Defend_Gatherer","Gatherer:Defend_Gatherer","Gatherer:Defend_Gatherer","Gatherer:Defend_Gatherer","Gatherer:Defend_Gatherer","Gatherer:Centralize","Gatherer:FlowerWhip","Gatherer:Snatch","Gatherer:BalancedGrowth","Gatherer:Liquidism+1","Gatherer:SpareBottle","Gatherer:ScrollOfWall","Gatherer:Snatch","Gatherer:BambuSword","Gatherer:StoneFence","Gatherer:EnergyBasket","Gatherer:RecipeChange","Gatherer:Duplicator","Gatherer:RecoveryHerb+1"],"relics":["Gatherer:AlchemyBag","AT_ATBox","HushsDoor","LagranYue:RandomDrawCardRelic","GuppysTail","Dota2Spire:LotusOrb","AntiCross","Kunai","LagranYue:ReturningEmperorRelic","Philosopher\u0027s Stone","Dota2Spire:MaskOfMadness"],"acts_visited":["Exordium","TheCity"],"potions_floor_usage":[7,16,22,22,23],"damage_taken":[{"damage":0,"enemies":"Small Slimes","floor":1,"turns":5},{"damage":0,"enemies":"Cultist","floor":2,"turns":4},{"damage":1,"enemies":"Jaw Worm","floor":3,"turns":6},{"damage":17,"enemies":"Exordium Thugs","floor":4,"turns":4},{"damage":31,"enemies":"Gremlin Nob","floor":7,"turns":5},{"damage":4,"enemies":"Replay:BlueRogue","floor":11,"turns":4},{"damage":12,"enemies":"Blue Slaver","floor":12,"turns":3},{"damage":0,"enemies":"Looter","floor":13,"turns":2},{"damage":0,"enemies":"Slime Boss","floor":16,"turns":5},{"damage":12,"enemies":"Shell Parasite","floor":18,"turns":4},{"damage":27,"enemies":"2 Thieves","floor":20,"turns":3},{"damage":27,"enemies":"Snake Plant","floor":22,"turns":4},{"damage":18,"enemies":"Book of Stabbing","floor":23,"turns":2}],"seed_played":"-8497525560933572824","potions_obtained":[{"floor":4,"key":"ColorlessPotion"},{"floor":7,"key":"MagicPotion:ReiMu"},{"floor":13,"key":"PowerPotion"},{"floor":16,"key":"Energy Potion"},{"floor":18,"key":"Weak Potion"}],"is_trial":false,"path_per_floor":["M","M","M","M","?","R","E","R","T","?","E","M","M","T","R","B",null,"M","?","M","$","M","E"],"character_chosen":"THE_GATHERER","items_purchased":["Gatherer:Duplicator","Dota2Spire:MaskOfMadness"],"campfire_rested":2,"item_purchase_floors":[21,21],"current_hp_per_floor":[79,79,78,61,61,61,30,53,53,53,49,37,37,37,60,60,79,67,55,28,28,4,0,0,0],"gold":246,"neow_bonus":"TEN_PERCENT_HP_BONUS","is_daily":false,"chose_seed":false,"campfire_upgraded":1,"win_rate":0.0,"timestamp":1613396213,"path_taken":["M","M","M","M","?","R","E","R","T","?","E","M","M","?","R","BOSS","M","?","M","?","M","E"],"items_purchased_type":["Card","Relic"],"build_version":"2020-12-22","purchased_purges":1,"victory":false,"max_hp_per_floor":[79,79,79,79,79,79,79,79,79,79,79,79,79,79,79,79,79,79,79,79,79,79,79,79,79],"relic_stats":{"counters":[13,51],"Kunai":[8],"obtain_stats":[{"KeepersGift":0,"GuppysTail":0,"Dota2Spire:MaskOfMadness":21,"AT_ATBox":0,"LagranYue:RandomDrawCardRelic":0,"AntiCross":9,"Philosopher\u0027s Stone":17,"Kunai":11,"HushsDoor":0,"Gatherer:AlchemyBag":0,"Dota2Spire:LotusOrb":7,"LagranYue:ReturningEmperorRelic":14},{"KeepersGift":0,"GuppysTail":0,"Dota2Spire:MaskOfMadness":11,"AT_ATBox":0,"LagranYue:RandomDrawCardRelic":0,"AntiCross":5,"Philosopher\u0027s Stone":9,"Kunai":6,"HushsDoor":0,"Gatherer:AlchemyBag":0,"Dota2Spire:LotusOrb":5,"LagranYue:ReturningEmperorRelic":8},{"KeepersGift":0,"GuppysTail":0,"Dota2Spire:MaskOfMadness":45,"AT_ATBox":0,"LagranYue:RandomDrawCardRelic":0,"AntiCross":24,"Philosopher\u0027s Stone":38,"Kunai":28,"HushsDoor":0,"Gatherer:AlchemyBag":0,"Dota2Spire:LotusOrb":24,"LagranYue:ReturningEmperorRelic":33}]},"card_choices":[{"not_picked":["Gatherer:Herbalism","Gatherer:CursedBlade"],"picked":"Gatherer:Snatch","floor":1},{"not_picked":["Gatherer:Frenzy","Gatherer:PotentialSlash"],"picked":"Gatherer:BalancedGrowth","floor":2},{"not_picked":["Gatherer:BigPouch","Gatherer:DrugPower"],"picked":"Gatherer:Liquidism","floor":3},{"not_picked":["Gatherer:PotentialSlash","Gatherer:Duplicator","Gatherer:Herbalism"],"picked":"SKIP","floor":4},{"not_picked":["Gatherer:BambuSword","Gatherer:WoolGloves"],"picked":"Gatherer:Snatch","floor":7},{"not_picked":["Gatherer:UpgradeBag","Gatherer:Overflowing"],"picked":"Gatherer:ScrollOfWall","floor":11},{"not_picked":["Gatherer:Misfortune","Gatherer:Frenzy"],"picked":"Gatherer:Snatch","floor":12},{"not_picked":["Bomb","Gatherer:ScentOfRosmari"],"picked":"Gatherer:BambuSword","floor":13},{"not_picked":["Gatherer:Overflowing","Gatherer:LuckyClover"],"picked":"Gatherer:StoneFence","floor":16},{"not_picked":["Gatherer:CarefulStrike","Gatherer:Frenzy"],"picked":"Gatherer:EnergyBasket","floor":18},{"not_picked":["Gatherer:Enchant","Gatherer:ScrollOfWall"],"picked":"Gatherer:RecipeChange","floor":20},{"not_picked":["Gatherer:CollectorsShot","Gatherer:Frenzy"],"picked":"Gatherer:RecoveryHerb+1","floor":22}],"player_experience":77554,"relics_obtained":[{"floor":7,"key":"Dota2Spire:LotusOrb"},{"floor":9,"key":"AntiCross"},{"floor":11,"key":"Kunai"},{"floor":14,"key":"LagranYue:ReturningEmperorRelic"}],"event_choices":[{"cards_removed":["Gatherer:Snatch"],"damage_healed":0,"gold_gain":0,"player_choice":"Got a Spare Bottle","damage_taken":0,"max_hp_gain":0,"max_hp_loss":0,"event_name":"Gatherer:BottleCollector","floor":10,"gold_loss":0,"cards_obtained":["Gatherer:SpareBottle"]},{"damage_healed":0,"gold_gain":90,"player_choice":"GOLD ","damage_taken":12,"max_hp_gain":0,"max_hp_loss":0,"event_name":"Knowing Skull","floor":19,"potions_obtained":[],"gold_loss":0,"cards_obtained":[]}],"is_beta":false,"boss_relics":[{"not_picked":["Runic Pyramid","Abe\u0027s Treasure"],"picked":"Philosopher\u0027s Stone"},{"not_picked":[]}],"items_purged_floors":[21],"is_endless":false,"potions_floor_spawned":[4,7,13,16,18],"killed_by":"Book of Stabbing","ascension_level":0}}