{"host":"64qzurqwi0x0qgxo","time":1613364377,"event":{"mods":["ATMod(°¢èªMod)","Act Like it!","BaseMod","Colored Map","Colored Powertips","Downfall","Googly Eyes","Keyboard Shortcuts","Minty Spire (QoL Compilation)","MostiFishMod","Rare Cards Sparkle","Relic Stats","Replay The Spire","StSLib","The Poker Player","noobMod"],"gold_per_floor":[99,111,11,11,11,24,50,65,65,90,265,65,79,92,112,217,217,217,78,78,89,189,189,189,217,231,131,29,45,72,87,102,279,279,279,370,472,472,609,664,664,664,664,777,828,828,828,869,964,989,989,1048,18,18,143,168],"floor_reached":57,"language":"ZHS","playtime":2262,"items_purged":["sneckomod:Strike","sneckomod:Strike"],"score":1751,"play_id":"e56f6a73-8c9b-4c98-a47d-e292c44ac6d1","local_time":"20210215124617","is_ascension_mode":false,"campfire_choices":[{"data":"sneckomod:Unknown","floor":1.0,"key":"SMITH"},{"floor":9.0,"key":"RECALL"},{"data":"sneckomod:UnknownDraw","floor":12,"key":"SMITH"},{"floor":27,"key":"DIG"},{"floor":35,"key":"DIG"},{"data":"Hello World","floor":46,"key":"SMITH"},{"data":"sneckomod:RainOfDice","floor":46,"key":"SMITH"},{"floor":54,"key":"DIG"}],"circlet_count":0,"master_deck":["sneckomod:Strike+1","sneckomod:TailWhip","sneckomod:SnekBite","sneckomod:Unknown+1","sneckomod:Unknown","sneckomod:UnknownVulnerable","sneckomod:UnknownDraw+1","sneckomod:WideSting+1","sneckomod:Nope+1","Iron Wave","Hello World+1","sneckomod:DiceBoulder+1","sneckomod:DiceBlock","Doubt","sneckomod:Unknown2Cost","sneckomod:UnknownExhaust","sneckomod:WideSting","sneckomod:UnknownBoss","sneckomod:UnknownBoss+1","sneckomod:MasterEye+1","sneckomod:UnknownWeak+1","sneckomod:SnakeSap","sneckomod:RainOfDice+1","downfall:Bewildered","sneckomod:UnknownDraw+1","sneckomod:RainOfDice","Hallucinations","sneckomod:UnknownVulnerable+1","sneckomod:UnknownUncommonPower+1","sneckomod:UnknownStrike","sneckomod:WideSting","sneckomod:DiceBoulder+1","sneckomod:UnendingSupply","sneckomod:DiceCrush","sneckomod:UnknownClassRED+1","sneckomod:UnknownDraw+1","sneckomod:DangerNoodle+1","sneckomod:UnknownDraw","sneckomod:SnekBeam+1","sneckomod:SnakeSap","sneckomod:Unknown3Cost","Writhe","sneckomod:SnakeSap+1","sneckomod:Cheat","expansioncontent:Hexaburn","expansioncontent:Chronoboost","expansioncontent:YouAreMine","Parasite","sneckomod:Unknown3Cost","sneckomod:QuickBite","sneckomod:UnknownUncommonSkill+1","Finesse","sneckomod:IronFang","sneckomod:UnknownStrike","sneckomod:UnknownUncommonSkill","sneckomod:UnendingSupply"],"relics":["sneckomod:SneckoSoul","DaveBox","ice","AT_ATBox","m_SnakeBloodCore","AT_BellowingDragoncrestRing","downfall:HeartBlessingRed","downfall:HeartBlessingBlue","Replay:Grab Bag","Cursed Key","Sozu","Astrolabe","sneckomod:BabySnecko","Shovel","Bottled Lightning","ReplayTheSpireMod:Ninjato","AT_BellDemon","Mummified Hand","downfall:HeartBlessingGreen","SynthV:C4","Counterbalance","AT_ChloranthyRing","Technique","Bronze Scales","StoneCalendar","Snack Pack","Replay:Arrowhead","AT_MibuBalloonWealth","Replay:Baseball","PatriotShield","Torii","Replay:Bottled Flurry","Question Card","Thread and Needle","Strawberry","Letter Opener","DianDianMeat","Spirit Poop","Ring of Misfortune","Ring of Searing","AT_SilvercatRing","Lizard Tail","AT_RedTearstoneRing","BranchBurnRelic","AT_Kusabimaru","InkBottle","Pantograph","ReplayTheSpireMod:TigerMarble","BrkXgEgg","Calipers","ReplayFunnel","AT_RedNoBalance"],"acts_visited":["Exordium","TheCity","TheBeyond","TheEnding"],"potions_floor_usage":[],"damage_taken":[{"damage":7.0,"enemies":"2 Louse","floor":2.0,"turns":2.0},{"damage":10.0,"enemies":"downfall:FleeingMerchant","floor":3.0,"turns":4.0},{"damage":8.0,"enemies":"Jaw Worm","floor":6.0,"turns":1.0},{"damage":0.0,"enemies":"Cultist","floor":8.0,"turns":3.0},{"damage":40.0,"enemies":"3 Sentries","floor":10.0,"turns":7.0},{"damage":0,"enemies":"downfall:LooterAlt","floor":13,"turns":1},{"damage":18,"enemies":"Large Slime","floor":14,"turns":5},{"damage":24,"enemies":"Blue Slaver","floor":15,"turns":3},{"damage":38,"enemies":"SI_SHIV_ARCHETYPE","floor":16,"turns":12},{"damage":15,"enemies":"downfall:FleeingMerchant","floor":19,"turns":4},{"damage":0,"enemies":"Chosen","floor":21,"turns":3},{"damage":9,"enemies":"WA_ARCHETYPE_RETAIN","floor":22,"turns":4},{"damage":11,"enemies":"Book of Stabbing","floor":25,"turns":2},{"damage":23,"enemies":"Spheric Guardian","floor":26,"turns":3},{"damage":0,"enemies":"downfall:FleeingMerchant","floor":28,"turns":1},{"damage":18,"enemies":"3 Cultists","floor":29,"turns":3},{"damage":15,"enemies":"Gremlin Leader","floor":30,"turns":2},{"damage":0,"enemies":"Snake Plant","floor":31,"turns":2},{"damage":8,"enemies":"Chosen and Byrds","floor":32,"turns":2},{"damage":35,"enemies":"IC_MUSHROOM_ARCHETYPE","floor":33,"turns":4},{"damage":18,"enemies":"3 Shapes","floor":36,"turns":1},{"damage":0,"enemies":"2 Orb Walkers","floor":37,"turns":1},{"damage":0,"enemies":"3 Darklings","floor":39,"turns":1},{"damage":4,"enemies":"R_Hoarder","floor":40,"turns":1},{"damage":13,"enemies":"4 Shapes","floor":44,"turns":1},{"damage":7,"enemies":"Nemesis","floor":45,"turns":1},{"damage":6,"enemies":"Writhing Mass","floor":48,"turns":2},{"damage":3,"enemies":"Sphere and 2 Shapes","floor":49,"turns":1},{"damage":0,"enemies":"DF_ARCHETYPE_ORBS","floor":50,"turns":1},{"damage":0,"enemies":"downfall:CharBossMerchant","floor":52,"turns":1},{"damage":0,"enemies":"downfall:NeowBoss","floor":55,"turns":6},{"damage":4,"enemies":"downfall:NeowBossFinal","floor":56,"turns":3}],"seed_played":"-7247588602453394194","potions_obtained":[{"floor":15,"key":"Fire Potion"},{"floor":16,"key":"EssenceOfSteel"}],"is_trial":false,"path_per_floor":["R","M","$","?","?","M","T","M","R","E","?","R","M","M","M","B",null,"R_BF","$","?","M","?","?","T","E","M","R","$","M","E","M","M","B",null,"R","M","?","?","M","E","T","?","?","M","E","R","?","M","M","B",null,"E","$","R","B","B",null],"character_chosen":"THE_SNECKO","items_purchased":["sneckomod:WideSting","sneckomod:Nope+1","sneckomod:RainOfDice","AT_ChloranthyRing","sneckomod:WideSting","sneckomod:DiceBoulder","Technique","BrkXgEgg","Calipers","ReplayFunnel","Finesse","sneckomod:IronFang","sneckomod:UnknownStrike","sneckomod:UnknownUncommonSkill","sneckomod:UnendingSupply"],"campfire_rested":0,"item_purchase_floors":[3,3,19,28,28,28,28,53,53,53,53,53,53,53,53],"current_hp_per_floor":[99,92,82,82,82,77,77,80,80,47,47,57,60,45,24,95,122,96,84,84,87,87,87,87,79,59,59,62,47,35,42,37,148,152,152,139,144,144,151,161,161,161,161,156,156,156,158,174,182,189,208,217,277,277,206,246],"gold":168,"neow_bonus":"TEN_PERCENT_HP_BONUS","is_daily":false,"chose_seed":false,"campfire_upgraded":4,"win_rate":0.0,"timestamp":1613364377,"path_taken":["R","M","$","?","?","M","T","?","R","E","?","R","M","M","M","BOSS","R_BF","$","?","M","?","?","T","E","M","R","$","M","E","M","M","BOSS","R","M","?","?","?","E","T","?","?","M","E","R","?","M","M","BOSS","E","$","R","BOSS","BOSS"],"items_purchased_type":["Card","Card","Card","Relic","Card","Card","Relic","Relic","Relic","Relic","Card","Card","Card","Card","Card"],"build_version":"2020-12-22","purchased_purges":2,"victory":true,"max_hp_per_floor":[99,99,99,99,99,99,99,99,99,99,99,109,109,109,109,122,122,127,132,132,134,137,137,137,138,139,139,139,141,144,144,148,152,152,152,158,158,158,158,165,165,165,165,171,173,173,185,198,208,208,208,217,277,277,281,286],"relic_stats":{"Torii":0,"counters":[32,88],"Astrolabe":["sneckomod:UnknownBoss","sneckomod:MasterEye","sneckomod:UnknownWeak"],"StoneCalendar":[0],"Letter Opener":[35],"Cursed Key":2,"Question Card":11,"Sozu":8,"Lizard Tail":0,"Shovel":3,"Mummified Hand":[52],"Bronze Scales":[51],"Pantograph":50,"obtain_stats":[{"PatriotShield":34,"AT_ATBox":0,"Calipers":53,"AT_MibuBalloonWealth":32,"Spirit Poop":42,"downfall:HeartBlessingGreen":27,"ice":0,"sneckomod:SneckoSoul":0,"Ring of Searing":43,"Sozu":17,"Lizard Tail":45,"m_SnakeBloodCore":4,"Strawberry":40,"Replay:Bottled Flurry":36,"AT_RedNoBalance":55,"DianDianMeat":41,"AT_RedTearstoneRing":45,"Replay:Grab Bag":17,"Astrolabe":17,"Counterbalance":28,"Dead Branch":37,"AT_SilverBalance":54,"Letter Opener":40,"AT_SilvercatRing":44,"Question Card":37,"Replay:Baseball":33,"Bronze Scales":29,"ReplayTheSpireMod:TigerMarble":52,"Technique":28,"AT_BellDemon":25,"ReplayFunnel":53,"DaveBox":0,"Torii":35,"StoneCalendar":30,"Cursed Key":17,"SynthV:C4":27,"BranchBurnRelic":46,"Shovel":22,"AT_Kusabimaru":48,"downfall:HeartBlessingBlue":12,"Mummified Hand":26,"Pantograph":52,"InkBottle":49,"AT_ChloranthyRing":28,"ReplayTheSpireMod:Ninjato":24,"downfall:HeartBlessingRed":12,"Thread and Needle":39,"BrkXgEgg":53,"Replay:Arrowhead":31,"sneckomod:BabySnecko":20,"AT_BellowingDragoncrestRing":10,"Ring of Misfortune":43,"Snack Pack":30,"Bottled Lightning":22},{"PatriotShield":20,"AT_ATBox":0,"Calipers":30,"AT_MibuBalloonWealth":19,"Spirit Poop":24,"downfall:HeartBlessingGreen":14,"ice":0,"sneckomod:SneckoSoul":0,"Ring of Searing":24,"Sozu":9,"Lizard Tail":26,"m_SnakeBloodCore":2,"Strawberry":24,"Replay:Bottled Flurry":21,"AT_RedNoBalance":31,"DianDianMeat":24,"AT_RedTearstoneRing":26,"Replay:Grab Bag":9,"Astrolabe":9,"Counterbalance":15,"Dead Branch":22,"AT_SilverBalance":30,"Letter Opener":24,"AT_SilvercatRing":25,"Question Card":22,"Replay:Baseball":20,"Bronze Scales":16,"ReplayTheSpireMod:TigerMarble":30,"Technique":15,"AT_BellDemon":13,"ReplayFunnel":30,"DaveBox":0,"Torii":20,"StoneCalendar":17,"Cursed Key":9,"SynthV:C4":14,"BranchBurnRelic":26,"Shovel":12,"AT_Kusabimaru":27,"downfall:HeartBlessingBlue":5,"Mummified Hand":14,"Pantograph":30,"InkBottle":28,"AT_ChloranthyRing":15,"ReplayTheSpireMod:Ninjato":12,"downfall:HeartBlessingRed":5,"Thread and Needle":23,"BrkXgEgg":30,"Replay:Arrowhead":18,"sneckomod:BabySnecko":10,"AT_BellowingDragoncrestRing":5,"Ring of Misfortune":24,"Snack Pack":17,"Bottled Lightning":12},{"PatriotShield":68,"AT_ATBox":0,"Calipers":79,"AT_MibuBalloonWealth":64,"Spirit Poop":72,"downfall:HeartBlessingGreen":54,"ice":0,"sneckomod:SneckoSoul":0,"Ring of Searing":72,"Sozu":38,"Lizard Tail":74,"m_SnakeBloodCore":6,"Strawberry":72,"Replay:Bottled Flurry":69,"AT_RedNoBalance":79,"DianDianMeat":72,"AT_RedTearstoneRing":74,"Replay:Grab Bag":38,"Astrolabe":38,"Counterbalance":55,"Dead Branch":70,"AT_SilverBalance":79,"Letter Opener":72,"AT_SilvercatRing":73,"Question Card":70,"Replay:Baseball":68,"Bronze Scales":58,"ReplayTheSpireMod:TigerMarble":79,"Technique":55,"AT_BellDemon":51,"ReplayFunnel":79,"DaveBox":0,"Torii":68,"StoneCalendar":60,"Cursed Key":38,"SynthV:C4":54,"BranchBurnRelic":74,"Shovel":49,"AT_Kusabimaru":76,"downfall:HeartBlessingBlue":17,"Mummified Hand":54,"Pantograph":79,"InkBottle":77,"AT_ChloranthyRing":55,"ReplayTheSpireMod:Ninjato":49,"downfall:HeartBlessingRed":17,"Thread and Needle":71,"BrkXgEgg":79,"Replay:Arrowhead":62,"sneckomod:BabySnecko":42,"AT_BellowingDragoncrestRing":17,"Ring of Misfortune":72,"Snack Pack":60,"Bottled Lightning":49}],"InkBottle":[10]},"card_choices":[{"not_picked":["sneckomod:IronFang","sneckomod:ImprovisedAttack"],"picked":"sneckomod:UnknownVulnerable","floor":2.0},{"not_picked":["sneckomod:IronFang","sneckomod:UnknownBlock"],"picked":"sneckomod:UnknownDraw","floor":3.0},{"not_picked":["sneckomod:SoulCleanse","sneckomod:UnknownX"],"picked":"Hello World","floor":6.0},{"not_picked":["sneckomod:UnknownCommonAttack","sneckomod:Nope"],"picked":"sneckomod:DiceBoulder","floor":8.0},{"not_picked":["Dagger Throw","Distraction"],"picked":"sneckomod:DiceBlock","floor":10.0},{"not_picked":["sneckomod:QuickMove","sneckomod:Unknown1Cost"],"picked":"sneckomod:Unknown2Cost","floor":13},{"not_picked":["sneckomod:QuickMove","sneckomod:Nope"],"picked":"sneckomod:UnknownExhaust","floor":14},{"not_picked":["sneckomod:IronFang","sneckomod:SnekBeam"],"picked":"sneckomod:WideSting","floor":15},{"not_picked":["sneckomod:MorePower","sneckomod:Mudshield"],"picked":"sneckomod:UnknownBoss","floor":16},{"not_picked":["sneckomod:Unknown1Cost+1","sneckomod:SnekBeam"],"picked":"sneckomod:SnakeSap","floor":19},{"not_picked":["sneckomod:SoulDraw","sneckomod:UnknownUncommonSkill"],"picked":"sneckomod:UnknownDraw+1","floor":21},{"not_picked":["sneckomod:UnknownCommonAttack","sneckomod:UnknownClassTHE_BRONZE_AUTOMATON"],"picked":"sneckomod:RainOfDice","floor":22},{"not_picked":["sneckomod:SoulDraw+1","sneckomod:UnendingSupply"],"picked":"sneckomod:UnknownVulnerable+1","floor":25},{"not_picked":["sneckomod:UnknownClassRED+1","sneckomod:Nope+1"],"picked":"sneckomod:UnknownUncommonPower+1","floor":26},{"not_picked":["sneckomod:SoulRoll","sneckomod:UnknownBlock"],"picked":"sneckomod:UnknownStrike","floor":28},{"not_picked":["sneckomod:UnknownClassTHE_BRONZE_AUTOMATON","sneckomod:DiceCrush"],"picked":"sneckomod:UnendingSupply","floor":29},{"not_picked":["sneckomod:Mudshield","sneckomod:UnknownWeak"],"picked":"sneckomod:DiceCrush","floor":30},{"not_picked":["sneckomod:UnknownClassSLIMEBOUND","sneckomod:QuickMove+1"],"picked":"sneckomod:UnknownClassRED+1","floor":31},{"not_picked":["sneckomod:UnknownUncommonSkill","sneckomod:QuickMove"],"picked":"sneckomod:UnknownDraw+1","floor":32},{"not_picked":["sneckomod:UnknownBoss","sneckomod:UnknownRarePower"],"picked":"sneckomod:DangerNoodle","floor":33},{"not_picked":["sneckomod:Unknown2Cost","sneckomod:DiceBlock+1"],"picked":"sneckomod:UnknownDraw","floor":36},{"not_picked":["sneckomod:MasterEye+1","sneckomod:Unknown1Cost+1"],"picked":"sneckomod:SnekBeam+1","floor":37},{"not_picked":["sneckomod:QuickMove","sneckomod:DiceBlock","sneckomod:SoulDraw"],"picked":"sneckomod:SnakeSap","floor":39},{"not_picked":["sneckomod:UnknownClassTHE_BRONZE_AUTOMATON+1","sneckomod:UnknownUncommonSkill","sneckomod:SerpentIdol+1"],"picked":"sneckomod:Unknown3Cost","floor":40},{"not_picked":["sneckomod:UnknownVulnerable+1","sneckomod:UnknownClassSLIMEBOUND+1","sneckomod:UnknownDraw+1"],"picked":"sneckomod:SnakeSap+1","floor":44},{"not_picked":["sneckomod:ImprovisedGuard","sneckomod:Restock","sneckomod:UnknownStrike+1"],"picked":"sneckomod:Cheat","floor":45},{"not_picked":["expansioncontent:LastStand","expansioncontent:PolyBeam"],"picked":"expansioncontent:Hexaburn","floor":47},{"not_picked":["expansioncontent:HyperBeam","expansioncontent:YouAreMine"],"picked":"expansioncontent:Chronoboost","floor":47},{"not_picked":["expansioncontent:InvincibleStrength","expansioncontent:PolyBeam"],"picked":"expansioncontent:YouAreMine","floor":47},{"not_picked":["sneckomod:UnknownExhaust+1","sneckomod:UnknownDraw","sneckomod:UnknownCommonSkill+1"],"picked":"sneckomod:Unknown3Cost","floor":48},{"not_picked":["sneckomod:UnknownCommonAttack+1","sneckomod:Unknown2Cost+1","sneckomod:IronFang+1"],"picked":"sneckomod:QuickBite","floor":49},{"not_picked":["sneckomod:UnknownWeak+1","sneckomod:UnknownClassTHE_BRONZE_AUTOMATON+1","sneckomod:QuickMove+1"],"picked":"sneckomod:UnknownUncommonSkill+1","floor":52}],"player_experience":127463,"relics_obtained":[{"floor":10.0,"key":"AT_BellowingDragoncrestRing"},{"floor":22,"key":"Shovel"},{"floor":22,"key":"Bottled Lightning"},{"floor":24,"key":"ReplayTheSpireMod:Ninjato"},{"floor":25,"key":"AT_BellDemon"},{"floor":26,"key":"Mummified Hand"},{"floor":27,"key":"SynthV:C4"},{"floor":28,"key":"Counterbalance"},{"floor":29,"key":"Bronze Scales"},{"floor":30,"key":"StoneCalendar"},{"floor":30,"key":"Snack Pack"},{"floor":31,"key":"Replay:Arrowhead"},{"floor":32,"key":"AT_MibuBalloonWealth"},{"floor":33,"key":"Replay:Baseball"},{"floor":35,"key":"Torii"},{"floor":36,"key":"Replay:Bottled Flurry"},{"floor":37,"key":"Dead Branch"},{"floor":37,"key":"Question Card"},{"floor":39,"key":"Thread and Needle"},{"floor":40,"key":"Strawberry"},{"floor":40,"key":"Letter Opener"},{"floor":41,"key":"DianDianMeat"},{"floor":43,"key":"Ring of Misfortune"},{"floor":43,"key":"Ring of Searing"},{"floor":44,"key":"AT_SilvercatRing"},{"floor":45,"key":"Lizard Tail"},{"floor":45,"key":"AT_RedTearstoneRing"},{"floor":48,"key":"AT_Kusabimaru"},{"floor":49,"key":"InkBottle"},{"floor":52,"key":"Pantograph"},{"floor":52,"key":"ReplayTheSpireMod:TigerMarble"},{"floor":54,"key":"AT_SilverBalance"}],"event_choices":[{"cards_removed":["Delirium"],"damage_healed":0.0,"max_hp_gain":0.0,"max_hp_loss":0.0,"gold_gain":0.0,"event_name":"NoteForYourself","player_choice":"Took Card","floor":5.0,"gold_loss":0.0,"damage_taken":0.0,"cards_obtained":["Iron Wave"]},{"damage_healed":0,"gold_gain":0,"player_choice":"Fight","damage_taken":0,"max_hp_gain":0,"max_hp_loss":0,"event_name":"Mysterious Sphere","floor":37,"gold_loss":0},{"cards_removed":["Overencumbered"],"damage_healed":0,"gold_gain":0,"player_choice":"Offered Curse","damage_taken":0,"relics_obtained":["Spirit Poop"],"max_hp_gain":0,"max_hp_loss":0,"event_name":"Bonfire Elementals","floor":42,"gold_loss":0}],"is_beta":false,"boss_relics":[{"not_picked":["Tiny House","Replay:Ancient Bell"],"picked":"Replay:Grab Bag"},{"not_picked":["Fusion Hammer","Runic Dome"],"picked":"Cursed Key"},{"not_picked":["Coffee Dripper","Busted Crown"],"picked":"Sozu"},{"not_picked":["MoonlightInvasionPlan","Runic Pyramid"],"picked":"Astrolabe"},{"not_picked":["EE1DDrone","Replay:Drink Me"],"picked":"PatriotShield"}],"items_purged_floors":[19,53],"is_endless":false,"potions_floor_spawned":[6,15,16,21,29,31,32,33,36,39,44,49,52],"ascension_level":0}}