{"host":"b7dyfc527bmrkvbm","time":1613415592,"event":{"mods":["2.2 Compatiblity","Act Like it!","BaseMod","Better Altar","Better Match","Better Note","Better Sensory Stone","Better Skull","Better Third Choice","BetterRewards","Conspire","Downfall","Duelist Mod","Ekko","Elementarium","Hubris","Infinite Spire","Mimic Mod","Minty Spire (QoL Compilation)","Rare Cards Sparkle","Reliquary","Replay The Spire","Shop Mod","Smile Girya","Spire Arcade","StSLib","The Accelerator","The Animator","The Blackbeard","The Construct","The Cursed","The Disciple","The Jungle","The Runesmith","The Vixen"],"gold_per_floor":[114,130,130,130,146,179,200,200,246,127,127,170,189,189,189,315,315,331,344,344,452,473,473,473,488,488,488,488,501,515,101,101,101,101],"floor_reached":33,"language":"ENG","playtime":3878,"items_purged":["Runesmith:Strike_RS","Runesmith:Strike_RS","Runesmith:Strike_RS"],"score":257,"play_id":"6a4181e0-f37c-470a-87ca-61c0197dba63","local_time":"20210215135952","is_ascension_mode":false,"campfire_choices":[{"data":"Runesmith:ArcReactor","floor":8,"key":"SMITH"},{"floor":11,"key":"REST"},{"floor":15,"key":"REST"},{"floor":24,"key":"REST"},{"floor":28,"key":"REST"},{"floor":32,"key":"DIG"}],"circlet_count":0,"master_deck":["Runesmith:Strike_RS","Runesmith:Defend_RS","Runesmith:Defend_RS","Runesmith:Defend_RS","Runesmith:Defend_RS","Runesmith:CraftFirestone+1","Runesmith:Fortify","Runesmith:Grindstone","Runesmith:HeatExchange","Runesmith:Discharge","Runesmith:ArcReactor+1","Runesmith:CraftIncendium","Runesmith:Permafrost+1","Runesmith:RuneHurl","Runesmith:Grindstone","Pot Of Greed","Pot Of Greed","Runesmith:UnlimitedPower+1","Runesmith:BackupBattery","Specialist","HandOfGreed+1","Elementarium:StickyTar","Runesmith:Firewall+1","Runesmith:CraftVitae","Pot Of Greed","Runesmith:CraftProtectio+1","Runesmith:CraftObretio+1"],"relics":["Runesmith:BrokenRuby","Golden Idol","Boot","Smiling Mask","hubris:Reverence","Grinning Jar","Replay:Grab Bag","Replay:Bronze Core","conspire:SlowCooker","conspire:SpecialSausage","reliquary:RoseTintedGlasses","Mummified Hand","reliquary:BrokenClock","Blood Vial","Art of War"],"acts_visited":["Exordium","Exordium"],"potions_floor_usage":[19,19,30,33],"damage_taken":[{"damage":0,"enemies":"Cultist","floor":1,"turns":4},{"damage":0,"enemies":"Jaw Worm","floor":2,"turns":4},{"damage":0,"enemies":"2 Louse","floor":5,"turns":2},{"damage":7,"enemies":"3 Sentries","floor":6,"turns":6},{"damage":35,"enemies":"Gremlin Gang","floor":7,"turns":6},{"damage":3,"enemies":"3 Louse","floor":9,"turns":5},{"damage":14,"enemies":"Lagavulin","floor":12,"turns":8},{"damage":14,"enemies":"3 Louse","floor":13,"turns":3},{"damage":29,"enemies":"Fading Forest","floor":16,"turns":11},{"damage":10,"enemies":"Elementarium:VoidCorruption","floor":18,"turns":7},{"damage":5,"enemies":"Elementarium:Cyclone","floor":19,"turns":8},{"damage":17,"enemies":"Elementarium:3_ELEMENTALS","floor":22,"turns":6},{"damage":17,"enemies":"Elementarium:VOID_CORRUPTION_AND_TAR_GOLEM","floor":25,"turns":9},{"damage":15,"enemies":"Elementarium:VoidBeast","floor":29,"turns":6},{"damage":0,"enemies":"Elementarium:VOID_CORRUPTION_AND_ORB_OF_FIRE","floor":30,"turns":9},{"damage":81,"enemies":"Elementarium:PHOENIXES","floor":33,"turns":9}],"seed_played":"-573732318389503974","potions_obtained":[{"floor":5,"key":"Adrenaline Potion"},{"floor":12,"key":"FearPotion"},{"floor":13,"key":"construct:ShiftPotion"},{"floor":25,"key":"Regen Potion"},{"floor":29,"key":"FairyPotion"},{"floor":30,"key":"CultistPotion"}],"is_trial":false,"path_per_floor":["M","M","?","?","M","E","M","R","MIM","$","R","E","M","?","R","B",null,"M","M","?","?","M","$","R","M","T","?","R","M","M","$","R","B"],"character_chosen":"RUNESMITH_CLASS","items_purchased":["Runesmith:Permafrost","reliquary:BrokenClock","Runesmith:CraftObretio+1","Blood Vial"],"campfire_rested":4,"item_purchase_floors":[10,31,31,31],"current_hp_per_floor":[70,70,65,65,65,58,23,23,20,20,39,25,11,11,30,1,65,55,50,50,28,11,6,25,8,8,8,27,12,27,27,27,0,0],"gold":101,"neow_bonus":"THREE_CARDS","is_daily":false,"chose_seed":false,"campfire_upgraded":1,"win_rate":0.0,"timestamp":1613415592,"path_taken":["M","?","?","?","M","E","?","R","MIM","$","R","E","M","?","R","BOSS","M","?","?","?","?","?","R","M","T","?","R","M","M","$","R","BOSS"],"items_purchased_type":["Card","Relic","Card","Relic"],"build_version":"2020-12-22","purchased_purges":3,"victory":false,"max_hp_per_floor":[70,70,65,65,65,65,65,65,65,65,65,65,65,65,65,65,65,65,65,65,65,65,65,65,65,65,65,65,65,65,65,65,65,65],"card_choices":[{"not_picked":["Runesmith:PerfectChisel","Runesmith:ChargedHammer"],"picked":"Runesmith:Grindstone","floor":1},{"not_picked":["Runesmith:HammerTime","Runesmith:ChiselStab"],"picked":"Runesmith:HeatExchange","floor":2},{"not_picked":["Runesmith:ShiftingStrike","Runesmith:UnstableHammer"],"picked":"Runesmith:Discharge","floor":5},{"not_picked":["Runesmith:LithiumIon","Runesmith:ChiselStab"],"picked":"Runesmith:ArcReactor","floor":6},{"not_picked":["Runesmith:UnstableHammer","Runesmith:ShiftingStrike","Runesmith:EnergizedChisel"],"picked":"SKIP","floor":7},{"not_picked":["Runesmith:RuneHurl","Runesmith:HammerThrow"],"picked":"Runesmith:CraftIncendium","floor":9},{"not_picked":["Runesmith:PoweredAnvil","Runesmith:NanitesCloud"],"picked":"Runesmith:RuneHurl","floor":12},{"not_picked":["Runesmith:Discharge","Runesmith:HammerThrow"],"picked":"Runesmith:Grindstone","floor":13},{"not_picked":["Runesmith:LastStand","Runesmith:CraftIndustria"],"picked":"Runesmith:UnlimitedPower","floor":16},{"not_picked":["Runesmith:EarthShield","Runesmith:PoweredAnvil"],"picked":"Runesmith:BackupBattery","floor":18},{"not_picked":["Runesmith:HammerThrow","Runesmith:FrozenChisel","Runesmith:EnergizedChisel"],"picked":"SKIP","floor":19},{"not_picked":["Mind Blast","Chrysalis"],"picked":"Specialist","floor":20},{"not_picked":["Replay:Dark Deal","Thinking Ahead"],"picked":"HandOfGreed","floor":20},{"not_picked":["Runesmith:Overpower","Runesmith:HammerThrow","Runesmith:Permafrost"],"picked":"SKIP","floor":22},{"not_picked":["Runesmith:NanitesCloud+1","Runesmith:ChiselStab"],"picked":"Runesmith:Firewall+1","floor":25},{"not_picked":["Runesmith:CraftObretio","Runesmith:Overpower+1"],"picked":"Runesmith:CraftVitae","floor":29},{"not_picked":["Runesmith:BackupBattery","Runesmith:DoubleUp"],"picked":"Runesmith:CraftProtectio+1","floor":30}],"player_experience":614527,"relics_obtained":[{"floor":6,"key":"Boot"},{"floor":9,"key":"Smiling Mask"},{"floor":12,"key":"hubris:Reverence"},{"floor":26,"key":"Mummified Hand"},{"floor":32,"key":"Art of War"}],"event_choices":[{"damage_healed":0,"gold_gain":0,"player_choice":"Lose Max HP","damage_taken":0,"relics_obtained":["Golden Idol"],"max_hp_gain":0,"max_hp_loss":5,"event_name":"Golden Idol","floor":3,"gold_loss":0},{"damage_healed":0,"gold_gain":0,"player_choice":"Upgraded","damage_taken":0,"max_hp_gain":0,"max_hp_loss":0,"event_name":"Upgrade Shrine","floor":4,"gold_loss":0,"cards_upgraded":["Runesmith:CraftFirestone"]},{"damage_healed":0,"gold_gain":0,"player_choice":"Gave Potion","damage_taken":0,"relics_obtained":["Grinning Jar"],"max_hp_gain":0,"max_hp_loss":0,"event_name":"WeMeetAgain","floor":14,"gold_loss":0},{"damage_healed":0,"gold_gain":2,"player_choice":"1","damage_taken":0,"max_hp_gain":0,"max_hp_loss":0,"event_name":"betterStone:BetterStone","floor":20,"gold_loss":0},{"damage_healed":0,"gold_gain":108,"player_choice":"RE GO ","damage_taken":25,"relics_obtained":["reliquary:RoseTintedGlasses"],"max_hp_gain":0,"max_hp_loss":0,"event_name":"betterSkull:BetterSkull","floor":21,"gold_loss":0,"cards_upgraded":[]},{"damage_healed":0,"gold_gain":0,"player_choice":"Meditate","damage_taken":0,"max_hp_gain":0,"max_hp_loss":0,"event_name":"Elementarium:SculptureGarden","floor":27,"gold_loss":0,"cards_upgraded":["Runesmith:Permafrost","Runesmith:UnlimitedPower","HandOfGreed"]}],"is_beta":false,"boss_relics":[{"not_picked":["reliquary:Ember","Runic Dome"],"picked":"Replay:Grab Bag"},{"not_picked":["Fusion Hammer","Replay:Fungal Core"],"picked":"Replay:Bronze Core"},{"not_picked":["Sozu","reliquary:KinkedSpring"],"picked":"conspire:SlowCooker"},{"not_picked":["hubris:ScarierMask","Replay:Drink Me"],"picked":"conspire:SpecialSausage"}],"items_purged_floors":[10,23,31],"is_endless":false,"potions_floor_spawned":[5,12,13,25,29,30],"killed_by":"Elementarium:PHOENIXES","ascension_level":0}}