{"host":"zxkjcgzis4pm3za5","time":1613357836,"event":{"mods":["AchievementEnabler","BaseMod","Colored Map","Colored Powertips","Minty Spire (QoL Compilation)","Quick Restart","Random Character Button","Relic Sorter","Relic Stats","StSLib"],"gold_per_floor":[111,111,121,121,139,171,171,184,184,200,233,233,262,272,272,347,347,366,327,346,15,15,42,42,58,58,92,102,120,120,139,139,216,216,232,507,522,540,617,642,642,674,674,54,72,72,105,105,105,105,105,105,105,3,37,37],"floor_reached":57,"language":"ENG","playtime":3802,"items_purged":["Regret","Regret"],"score":2854,"play_id":"a886198a-e4ae-4a1c-91df-cb7a7bd39077","local_time":"20210215082716","is_ascension_mode":true,"campfire_choices":[{"data":"Malaise","floor":7.0,"key":"SMITH"},{"data":"Tactician","floor":12.0,"key":"SMITH"},{"floor":15.0,"key":"REST"},{"floor":24.0,"key":"REST"},{"data":"J.A.X.","floor":30.0,"key":"SMITH"},{"floor":32.0,"key":"REST"},{"floor":41.0,"key":"RECALL"},{"floor":46.0,"key":"REST"},{"floor":49.0,"key":"REST"},{"data":"1","floor":53,"key":"LIFT"}],"circlet_count":0,"master_deck":["AscendersBane","Strike_G+1","Defend_G","Defend_G","Defend_G","Defend_G","Defend_G","Survivor","Neutralize+1","After Image","Reflex+1","Malaise+1","Quick Slash","Tactician+1","Dash","Acrobatics","Adrenaline","Die Die Die","Wraith Form v2+1","PiercingWail","Footwork+1","J.A.X.+1","Riddle With Holes","Parasite","Blade Dance","Backflip+1","Dagger Throw","After Image+1","Dagger Spray+1","Cloak And Dagger+1","Envenom+1","Concentrate","Pain","Tools of the Trade+1","PiercingWail+1","Tactician+1","Prepared+1","Burst","Blade Dance","Concentrate","Acrobatics+1","Acrobatics"],"relics":["Runic Pyramid","Mercury Hourglass","Frozen Egg 2","Singing Bowl","Matryoshka","Whetstone","Cursed Key","TungstenRod","Torii","Regal Pillow","Bottled Tornado","Vajra","Astrolabe","Oddly Smooth Stone","Girya","Potion Belt","The Courier","Pantograph","Mummified Hand","Orrery","War Paint","Lizard Tail"],"acts_visited":["Exordium","TheCity","TheBeyond","TheEnding"],"potions_floor_usage":[56,56],"damage_taken":[{"damage":2.0,"enemies":"2 Louse","floor":1.0,"turns":4.0},{"damage":1.0,"enemies":"Jaw Worm","floor":3.0,"turns":5.0},{"damage":0.0,"enemies":"Cultist","floor":5.0,"turns":4.0},{"damage":10.0,"enemies":"3 Sentries","floor":6.0,"turns":10.0},{"damage":8.0,"enemies":"Exordium Thugs","floor":8.0,"turns":4.0},{"damage":2.0,"enemies":"Red Slaver","floor":10.0,"turns":4.0},{"damage":8.0,"enemies":"Lagavulin","floor":11.0,"turns":11.0},{"damage":22.0,"enemies":"Gremlin Nob","floor":13.0,"turns":5.0},{"damage":0.0,"enemies":"Large Slime","floor":14.0,"turns":5.0},{"damage":21.0,"enemies":"Hexaghost","floor":16.0,"turns":15.0},{"damage":6.0,"enemies":"3 Byrds","floor":18.0,"turns":5.0},{"damage":6.0,"enemies":"2 Thieves","floor":20.0,"turns":4.0},{"damage":22.0,"enemies":"Gremlin Leader","floor":23.0,"turns":9.0},{"damage":2.0,"enemies":"Centurion and Healer","floor":25.0,"turns":11.0},{"damage":5.0,"enemies":"Slavers","floor":27.0,"turns":8.0},{"damage":0.0,"enemies":"Sentry and Sphere","floor":28.0,"turns":6.0},{"damage":0.0,"enemies":"Chosen and Byrds","floor":29.0,"turns":6.0},{"damage":8.0,"enemies":"Centurion and Healer","floor":31.0,"turns":6.0},{"damage":9.0,"enemies":"Collector","floor":33.0,"turns":12.0},{"damage":7.0,"enemies":"Orb Walker","floor":35.0,"turns":4.0},{"damage":8.0,"enemies":"3 Darklings","floor":37.0,"turns":4.0},{"damage":7.0,"enemies":"Jaw Worm Horde","floor":38.0,"turns":4.0},{"damage":10.0,"enemies":"Reptomancer","floor":40.0,"turns":7.0},{"damage":8.0,"enemies":"Giant Head","floor":42.0,"turns":10.0},{"damage":29.0,"enemies":"Transient","floor":45.0,"turns":6.0},{"damage":4.0,"enemies":"Nemesis","floor":47.0,"turns":9.0},{"damage":26.0,"enemies":"Donu and Deca","floor":50.0,"turns":10.0},{"damage":55,"enemies":"Time Eater","floor":51,"turns":18},{"damage":6,"enemies":"Shield and Spear","floor":55,"turns":8},{"damage":27,"enemies":"The Heart","floor":56,"turns":11}],"seed_played":"6034114976631531087","potions_obtained":[{"floor":6.0,"key":"Poison Potion"},{"floor":10.0,"key":"ColorlessPotion"},{"floor":11.0,"key":"Energy Potion"},{"floor":16.0,"key":"BlessingOfTheForge"},{"floor":20.0,"key":"Block Potion"},{"floor":25.0,"key":"ColorlessPotion"},{"floor":28.0,"key":"Poison Potion"},{"floor":29.0,"key":"ColorlessPotion"},{"floor":33.0,"key":"Strength Potion"},{"floor":35.0,"key":"GamblersBrew"},{"floor":47.0,"key":"DuplicationPotion"}],"is_trial":false,"path_per_floor":["M","?","M","?","M","E","R","M","T","M","E","R","E","M","R","B",null,"M","$","M","$","?","E","R","M","T","E","M","M","R","M","R","B",null,"M","?","M","M","T","E","R","E","T","$","M","R","E","?","R","B","B",null,"R","$","E","B",null],"character_chosen":"THE_SILENT","items_purchased":["Footwork+1","TungstenRod","Pantograph","Mummified Hand","Orrery","Acrobatics"],"campfire_rested":5,"item_purchase_floors":[19,21,44,44,44,54],"current_hp_per_floor":[57,57,56,56,56,46,46,38,38,36,28,28,6,6,25,4,51,45,45,41,41,41,21,42,40,40,37,37,37,37,29,65,56,68,63,63,55,50,50,40,40,32,32,32,3,40,38,38,76,52,22,64,64,64,60,53],"gold":37,"neow_bonus":"BOSS_RELIC","is_daily":false,"chose_seed":false,"campfire_upgraded":3,"win_rate":0.0,"timestamp":1613357836,"path_taken":["M","?","M","?","M","E","R","M","T","M","E","R","E","M","R","BOSS","M","$","M","$","?","E","R","M","T","E","M","M","R","M","R","BOSS","M","?","?","M","?","E","R","E","T","$","M","R","E","?","R","BOSS","BOSS","R","$","E","BOSS"],"items_purchased_type":["Card","Relic","Relic","Relic","Relic","Card"],"build_version":"2020-12-22","purchased_purges":2,"victory":true,"max_hp_per_floor":[66,66,66,66,66,66,66,66,66,66,66,66,66,66,66,66,66,66,66,68,68,68,70,70,70,70,72,72,72,72,72,72,72,72,74,74,74,76,76,76,76,76,76,76,76,76,78,78,78,78,78,78,78,78,80,80],"relic_stats":{"Regal Pillow":45,"Singing Bowl":14,"Torii":40,"counters":[30,222],"Astrolabe":["Dagger Spray","Cloak And Dagger","Envenom"],"Whetstone":["Strike_G","Neutralize"],"War Paint":["Acrobatics","Reflex"],"Cursed Key":3,"Mercury Hourglass":[811],"Lizard Tail":0,"Mummified Hand":[42],"Pantograph":47,"obtain_stats":[{"Potion Belt":42,"Girya":40,"Regal Pillow":26,"Singing Bowl":9,"Torii":23,"Astrolabe":34,"Vajra":27,"Oddly Smooth Stone":39,"The Courier":43,"Whetstone":13,"Frozen Egg 2":6,"Bottled Tornado":26,"War Paint":47,"Cursed Key":17,"Mercury Hourglass":4,"Lizard Tail":55,"Matryoshka":11,"Mummified Hand":44,"Pantograph":44,"Orrery":44,"TungstenRod":21,"Ring of the Snake":0,"Runic Pyramid":0},{"Potion Belt":24,"Girya":23,"Regal Pillow":14,"Singing Bowl":5,"Torii":13,"Astrolabe":19,"Vajra":15,"Oddly Smooth Stone":22,"The Courier":24,"Whetstone":8,"Frozen Egg 2":4,"Bottled Tornado":14,"War Paint":26,"Cursed Key":10,"Mercury Hourglass":2,"Lizard Tail":29,"Matryoshka":7,"Mummified Hand":24,"Pantograph":24,"Orrery":24,"TungstenRod":12,"Ring of the Snake":0,"Runic Pyramid":0},{"Potion Belt":160,"Girya":150,"Regal Pillow":93,"Singing Bowl":26,"Torii":83,"Astrolabe":131,"Vajra":101,"Oddly Smooth Stone":143,"The Courier":160,"Whetstone":45,"Frozen Egg 2":22,"Bottled Tornado":93,"War Paint":175,"Cursed Key":65,"Mercury Hourglass":9,"Lizard Tail":211,"Matryoshka":40,"Mummified Hand":160,"Pantograph":160,"Orrery":160,"TungstenRod":74,"Ring of the Snake":0,"Runic Pyramid":0}],"TungstenRod":142},"card_choices":[{"not_picked":["Dodge and Roll","Cloak And Dagger"],"picked":"Flying Knee","floor":1.0},{"not_picked":["Outmaneuver","Bane"],"picked":"Reflex","floor":3.0},{"not_picked":["Bane","Accuracy"],"picked":"Malaise","floor":5.0},{"not_picked":["Outmaneuver","Distraction"],"picked":"Quick Slash","floor":6.0},{"not_picked":["Quick Slash","Accuracy+1"],"picked":"Tactician","floor":8.0},{"not_picked":["Endless Agony","Deadly Poison"],"picked":"Dash","floor":10.0},{"not_picked":["All Out Attack","Flechettes"],"picked":"Acrobatics","floor":11.0},{"not_picked":["Predator","Prepared"],"picked":"Adrenaline","floor":13.0},{"not_picked":["Acrobatics","Backflip"],"picked":"Die Die Die","floor":14.0},{"not_picked":["Phantasmal Killer","Unload"],"picked":"Wraith Form v2+1","floor":16.0},{"not_picked":["Dash","Backflip"],"picked":"PiercingWail","floor":18.0},{"not_picked":["Outmaneuver","Slice","Cloak And Dagger"],"picked":"Singing Bowl","floor":20.0},{"not_picked":["Crippling Poison","Flying Knee","Bane"],"picked":"Singing Bowl","floor":23.0},{"not_picked":["Outmaneuver","Malaise"],"picked":"Riddle With Holes","floor":25.0},{"not_picked":["Choke+1","All Out Attack","Backflip"],"picked":"Singing Bowl","floor":27.0},{"not_picked":["Dagger Throw","PiercingWail"],"picked":"Blade Dance","floor":28.0},{"not_picked":["Flying Knee","Escape Plan"],"picked":"Backflip+1","floor":29.0},{"not_picked":["Dash","Accuracy+1"],"picked":"Dagger Throw","floor":31.0},{"not_picked":["Venomology","Doppelganger"],"picked":"After Image+1","floor":33.0},{"not_picked":["Eviscerate","Flying Knee+1","Backflip"],"picked":"Singing Bowl","floor":35.0},{"not_picked":["Quick Slash","PiercingWail"],"picked":"Concentrate","floor":37.0},{"not_picked":["Slice","Quick Slash","Prepared"],"picked":"Singing Bowl","floor":38.0},{"not_picked":["Doppelganger","Skewer"],"picked":"Tools of the Trade+1","floor":40.0},{"not_picked":["Choke","Deflect"],"picked":"PiercingWail+1","floor":42.0},{"not_picked":["Underhanded Strike","Riddle With Holes"],"picked":"Tactician+1","floor":44.0},{"not_picked":["Deflect","Backflip"],"picked":"Prepared+1","floor":44.0},{"not_picked":["Quick Slash","Footwork+1"],"picked":"Burst","floor":44.0},{"not_picked":["Dagger Spray+1","Riddle With Holes+1"],"picked":"Blade Dance","floor":44.0},{"not_picked":["Crippling Poison","Bane"],"picked":"Concentrate","floor":44.0},{"not_picked":["Underhanded Strike","Quick Slash"],"picked":"Acrobatics","floor":45.0},{"not_picked":["Underhanded Strike","Concentrate","Sucker Punch"],"picked":"Singing Bowl","floor":47.0},{"not_picked":["Die Die Die","Flying Knee","Quick Slash+1"],"picked":"Singing Bowl","floor":55}],"player_experience":367815,"relics_obtained":[{"floor":6.0,"key":"Frozen Egg 2"},{"floor":9.0,"key":"Singing Bowl"},{"floor":11.0,"key":"Matryoshka"},{"floor":13.0,"key":"Whetstone"},{"floor":23.0,"key":"Torii"},{"floor":26.0,"key":"Regal Pillow"},{"floor":26.0,"key":"Bottled Tornado"},{"floor":27.0,"key":"Vajra"},{"floor":39.0,"key":"Oddly Smooth Stone"},{"floor":40.0,"key":"Girya"},{"floor":42.0,"key":"Potion Belt"},{"floor":43.0,"key":"The Courier"},{"floor":47.0,"key":"War Paint"},{"floor":55,"key":"Lizard Tail"}],"event_choices":[{"damage_healed":0.0,"max_hp_gain":0.0,"max_hp_loss":0.0,"gold_gain":0.0,"cards_transformed":["Strike_G"],"event_name":"Living Wall","player_choice":"Change","floor":2.0,"gold_loss":0.0,"damage_taken":0.0,"cards_obtained":["After Image"]},{"cards_removed":["Flying Knee"],"damage_healed":0.0,"max_hp_gain":0.0,"max_hp_loss":0.0,"gold_gain":0.0,"event_name":"WeMeetAgain","player_choice":"Gave Card","floor":4.0,"gold_loss":0.0,"damage_taken":0.0,"relics_obtained":["Mercury Hourglass"]},{"damage_healed":0.0,"max_hp_gain":0.0,"max_hp_loss":0.0,"gold_gain":0.0,"event_name":"Drug Dealer","player_choice":"Obtain J.A.X.","floor":22.0,"gold_loss":0.0,"damage_taken":0.0,"cards_obtained":["J.A.X."]},{"damage_healed":0.0,"max_hp_gain":0.0,"max_hp_loss":0.0,"gold_gain":275.0,"event_name":"Golden Shrine","player_choice":"Desecrate","floor":36.0,"gold_loss":0.0,"damage_taken":0.0,"cards_obtained":["Regret"]},{"damage_healed":0.0,"max_hp_gain":0.0,"max_hp_loss":0.0,"gold_gain":0.0,"event_name":"Tomb of Lord Red Mask","player_choice":"Ignored","floor":48.0,"gold_loss":0.0,"damage_taken":0.0}],"is_beta":false,"boss_relics":[{"not_picked":["SacredBark","Velvet Choker"],"picked":"Cursed Key"},{"not_picked":["Philosopher\u0027s Stone","Black Star"],"picked":"Astrolabe"}],"items_purged_floors":[44,54],"is_endless":false,"potions_floor_spawned":[6,10,11,16,20,25,28,29,33,35,47],"ascension_level":20}}