{"host":"e8062yfkmywf26f0","time":1613430203,"event":{"mods":["AchievementEnabler","BaseMod","Colored Map","Minty Spire (QoL Compilation)","Quick Restart","Reliquary","Replay The Spire","Shop Mod","StSLib"],"gold_per_floor":[115,126,126,51,71,111,111,59,59,94,94,94,108,108,108,147,147,267,267,283,283,92,92,115,115,151,171,171,184,228,228,251,7,7,7,7],"floor_reached":35,"language":"ENG","playtime":2028,"items_purged":["Injury"],"score":338,"play_id":"e54aeec2-fe36-4387-a703-7c24f2666881","local_time":"20210215230323","is_ascension_mode":false,"campfire_choices":[{"floor":11,"key":"REST"},{"floor":17,"key":"REST"},{"data":"Skewer","floor":25,"key":"SMITH"},{"floor":31,"key":"REST"},{"floor":34,"key":"REST"}],"circlet_count":0,"master_deck":["Strike_G","Strike_G","Strike_G","Strike_G","Strike_G","Defend_G","Defend_G","Defend_G","Defend_G","Defend_G","Survivor","Neutralize+1","Skewer+1","Poisoned Stab","Deadly Poison","Draining Mist+1","Distraction+1","Hidden Blade+1","Delirium","A Thousand Cuts+1","Adrenaline+1","Phantasmal Killer+1","Well Laid Plans+1","Blade Dance+1","Catalyst+1","Cloak And Dagger+1"],"relics":["Ring of the Snake","Golden Idol","reliquary:HotPoker","Vampiric Spirits","Golden Egg","Bottled Flame","Centennial Puzzle","reliquary:Craggleroot","reliquary:Buckler","TwistedFunnel","Replay:Mystery Machine","reliquary:SharkskinSheath","Snack Pack"],"acts_visited":["Exordium","TheCity"],"potions_floor_usage":[],"damage_taken":[{"damage":2,"enemies":"Small Slimes","floor":1,"turns":3},{"damage":4,"enemies":"Cultist","floor":2,"turns":5},{"damage":4,"enemies":"2 Louse","floor":5,"turns":2},{"damage":13,"enemies":"Replay:BlueRogue","floor":6,"turns":5},{"damage":23,"enemies":"Gremlin Nob","floor":10,"turns":5},{"damage":14,"enemies":"Red Slaver","floor":13,"turns":3},{"damage":0,"enemies":"Replay:BlueRogue","floor":16,"turns":6},{"damage":40,"enemies":"Slime Boss","floor":18,"turns":9},{"damage":17,"enemies":"Spheric Guardian","floor":20,"turns":4},{"damage":13,"enemies":"Shell Parasite","floor":24,"turns":3},{"damage":24,"enemies":"Slavers","floor":26,"turns":4},{"damage":6,"enemies":"3 Cultists","floor":27,"turns":3},{"damage":0,"enemies":"Centurion and Healer","floor":29,"turns":2},{"damage":19,"enemies":"Replay:Snechameleon","floor":30,"turns":4},{"damage":16,"enemies":"Snake Plant","floor":32,"turns":2},{"damage":70,"enemies":"Automaton","floor":35,"turns":6}],"seed_played":"-1599715675496004574","potions_obtained":[{"floor":1,"key":"SteroidPotion"},{"floor":2,"key":"Adrenaline Potion"},{"floor":13,"key":"Block Potion"},{"floor":16,"key":"Elixir"},{"floor":24,"key":"Reflective Coating"}],"is_trial":false,"path_per_floor":["M","M","?","$","M","E","?","$","T","E","R","?","M","PTL","PTL","E","R","B",null,"M","T","$","?","M","R","E","M","T","M","E","R","M","$","R","B"],"character_chosen":"THE_SILENT","items_purchased":["Distraction+1","TwistedFunnel","Well Laid Plans","Snack Pack"],"campfire_rested":4,"item_purchase_floors":[8,22,22,33],"current_hp_per_floor":[75,71,71,71,67,54,47,47,47,24,47,47,36,36,36,37,60,21,77,60,60,60,60,48,48,26,27,27,27,8,31,15,15,38,0,0],"gold":7,"neow_bonus":"TEN_PERCENT_HP_BONUS","is_daily":false,"chose_seed":false,"campfire_upgraded":1,"win_rate":0.0,"timestamp":1613430203,"path_taken":["M","M","?","$","M","E","?","$","T","E","R","?","M","PTL","PTL","E","R","BOSS","M","?","$","?","?","R","E","M","T","M","E","R","M","$","R","BOSS"],"items_purchased_type":["Card","Relic","Card","Relic"],"build_version":"2020-12-22","purchased_purges":1,"victory":false,"max_hp_per_floor":[77,77,77,77,77,77,77,77,77,77,77,77,77,77,77,77,77,77,77,77,77,77,77,77,77,77,77,77,77,77,77,77,77,77,77,77],"card_choices":[{"not_picked":["ReplayTheSpireMod:Scrap Shanks","Dagger Throw"],"picked":"Skewer","floor":1},{"not_picked":["ReplayTheSpireMod:Speed Training","Sucker Punch"],"picked":"Poisoned Stab","floor":2},{"not_picked":["Outmaneuver","Poisoned Stab"],"picked":"Deadly Poison","floor":5},{"not_picked":["Heel Hook","Catalyst"],"picked":"Draining Mist","floor":6},{"not_picked":["PiercingWail","Bane","Choke"],"picked":"SKIP","floor":10},{"not_picked":["Acrobatics","Hidden Blade","Endless Agony"],"picked":"SKIP","floor":13},{"not_picked":["Calculated Gamble","Sucker Punch"],"picked":"Adrenaline","floor":16},{"not_picked":["Bullet Time","Night Terror"],"picked":"Phantasmal Killer","floor":18},{"not_picked":["Dagger Throw","Heel Hook","Deadly Poison"],"picked":"SKIP","floor":20},{"not_picked":["Well Laid Plans","PiercingWail+1","Prepared"],"picked":"SKIP","floor":24},{"not_picked":["Flechettes+1","Backflip+1"],"picked":"Blade Dance+1","floor":26},{"not_picked":["Dagger Spray","Bane+1"],"picked":"Catalyst+1","floor":27},{"not_picked":["Deflect","Backflip+1","Distraction"],"picked":"SKIP","floor":29},{"not_picked":["Footwork","Deflect"],"picked":"Cloak And Dagger+1","floor":30},{"not_picked":["Outmaneuver","Distraction","Slice"],"picked":"SKIP","floor":32}],"player_experience":111952,"relics_obtained":[{"floor":6,"key":"reliquary:HotPoker"},{"floor":9,"key":"Golden Egg"},{"floor":10,"key":"Bottled Flame"},{"floor":16,"key":"Centennial Puzzle"},{"floor":21,"key":"reliquary:Buckler"},{"floor":26,"key":"Replay:Mystery Machine"},{"floor":28,"key":"reliquary:SharkskinSheath"},{"floor":30,"key":"reliquary:FerryPass"}],"event_choices":[{"damage_healed":0,"gold_gain":0,"player_choice":"Take Wound","damage_taken":0,"relics_obtained":["Golden Idol"],"max_hp_gain":0,"max_hp_loss":0,"event_name":"Golden Idol","floor":3,"gold_loss":0,"cards_obtained":["Injury"]},{"damage_healed":0,"gold_gain":0,"player_choice":"Success","damage_taken":7,"relics_obtained":["Vampiric Spirits"],"max_hp_gain":0,"max_hp_loss":0,"event_name":"Scrap Ooze","floor":7,"gold_loss":0},{"damage_healed":0,"gold_gain":0,"player_choice":"3 cards matched","damage_taken":0,"max_hp_gain":0,"max_hp_loss":0,"event_name":"Match and Keep!","floor":12,"gold_loss":0,"cards_obtained":["Hidden Blade","Delirium","A Thousand Cuts"]},{"damage_healed":0,"gold_gain":0,"player_choice":"Upgraded","damage_taken":0,"max_hp_gain":0,"max_hp_loss":0,"event_name":"Upgrade Shrine","floor":23,"gold_loss":0,"cards_upgraded":["Draining Mist"]}],"is_beta":false,"boss_relics":[{"not_picked":["Empty Cage","SlaversCollar"],"picked":"reliquary:Craggleroot"}],"items_purged_floors":[4],"is_endless":false,"potions_floor_spawned":[1,2,13,16,24,29],"killed_by":"Automaton","ascension_level":0}}