{"host":"c59zqhrgluvxuu0k","time":1613408698,"event":{"mods":["100% Spire Juice","BaseMod","Better Altar","Better Third Choice","BetterRewards","Colored Map","Colored Powertips","Curses Come First","Downfall","Friendly Minions","Hermit","Minty Spire (QoL Compilation)","Replay The Spire","Shop Mod","Spicy Shops","StSLib","The Blackbeard","The Cursed","The Death Knight","The Druid","The Jungle","The Necromancer","The Runesmith","The Wild Card"],"gold_per_floor":[112,131,131,151,10,39,39,59,86,101,54,72,72,90,90,90,90],"floor_reached":16,"language":"ENG","playtime":1335,"items_purged":["Pain"],"score":104,"play_id":"a7f0d193-c731-4319-8009-c50ebbcccef6","local_time":"20210215100458","is_ascension_mode":false,"campfire_choices":[{"data":"Runesmith:Permafrost","floor":7,"key":"SMITH"},{"data":"Runesmith:Fortify","floor":15,"key":"SMITH"}],"circlet_count":0,"master_deck":["Runesmith:Strike_RS","Runesmith:Strike_RS","Runesmith:Strike_RS","Runesmith:Defend_RS","Runesmith:Defend_RS","Runesmith:Defend_RS","Runesmith:Defend_RS","Runesmith:CraftFirestone","Runesmith:Fortify+1","Runesmith:FissionHammer","Runesmith:CraftProtectio","Runesmith:CraftMagma","Iron Wave","Runesmith:Terraform","Runesmith:Permafrost+1","Runesmith:CraftSpiculum","Runesmith:HammerThrow","ReplayTheSpireMod:Splinters","Runesmith:HammerAndChisel","Runesmith:Firewall"],"relics":["Runesmith:BrokenRuby","Simple Rune","Replay:Baseball","Anchor","ReplayTheSpireMod:CursedCoin","Runesmith:Nanobots"],"acts_visited":["Exordium"],"potions_floor_usage":[14,16,16],"damage_taken":[{"damage":0,"enemies":"2 Louse","floor":1,"turns":1},{"damage":0,"enemies":"Cultist","floor":2,"turns":4},{"damage":0,"enemies":"Small Slimes","floor":4,"turns":2},{"damage":12,"enemies":"Lagavulin","floor":6,"turns":8},{"damage":3,"enemies":"2 Fungi Beasts","floor":8,"turns":3},{"damage":6,"enemies":"Exordium Wildlife","floor":10,"turns":8},{"damage":0,"enemies":"Blue Slaver","floor":12,"turns":2},{"damage":23,"enemies":"Gremlin Gang","floor":14,"turns":5},{"damage":32,"enemies":"Slime Boss","floor":16,"turns":3}],"seed_played":"1735887456803645522","potions_obtained":[{"floor":2,"key":"hexamod:SoulburnPotion"},{"floor":4,"key":"DistilledChaos"},{"floor":8,"key":"Elixir"},{"floor":10,"key":"SpeedPotion"}],"is_trial":false,"path_per_floor":["M","M","?","M","$","E","R","M","T","M","$","M","$","M","R","B"],"character_chosen":"RUNESMITH_CLASS","items_purchased":["Runesmith:Permafrost","Simple Rune","ReplayTheSpireMod:CursedCoin","Runesmith:Nanobots"],"campfire_rested":0,"item_purchase_floors":[5,5,11,11],"current_hp_per_floor":[70,70,70,70,70,58,58,55,55,49,49,49,49,26,26,0,0],"gold":90,"neow_bonus":"ONE_RANDOM_RARE_CARD","is_daily":false,"chose_seed":false,"campfire_upgraded":2,"win_rate":0.0,"timestamp":1613408698,"path_taken":["M","M","?","M","$","E","R","?","T","?","?","M","$","M","R","BOSS"],"items_purchased_type":["Card","Relic","Relic","Relic"],"build_version":"2020-12-22","purchased_purges":1,"victory":false,"max_hp_per_floor":[70,70,70,70,70,70,70,70,70,70,70,70,70,70,70,70,70],"card_choices":[{"not_picked":["Runesmith:Overpower","Runesmith:ShiftingStrike"],"picked":"Runesmith:CraftProtectio","floor":1},{"not_picked":["Runesmith:EarthShield","Runesmith:ShiftingStrike"],"picked":"Runesmith:CraftMagma","floor":2},{"not_picked":["Runesmith:ChiselStab","Runesmith:Superposition"],"picked":"Runesmith:Terraform","floor":4},{"not_picked":["Runesmith:StaticCage","Runesmith:GrandSlam"],"picked":"Runesmith:CraftSpiculum","floor":6},{"not_picked":["Runesmith:Repurpose","Runesmith:Retool","Runesmith:EarthShield"],"picked":"SKIP","floor":8},{"not_picked":["Runesmith:CraftMagma","Runesmith:EarthShield"],"picked":"Runesmith:HammerThrow","floor":10},{"not_picked":["Runesmith:Refine","Runesmith:BackupBattery"],"picked":"Runesmith:HammerAndChisel","floor":12},{"not_picked":["Runesmith:ChiselStab","Runesmith:CraftMagma"],"picked":"Runesmith:Firewall","floor":14}],"player_experience":2238957,"relics_obtained":[{"floor":6,"key":"Replay:Baseball"},{"floor":9,"key":"Anchor"}],"event_choices":[{"cards_removed":["Runesmith:Strike_RS"],"damage_healed":0,"gold_gain":0,"player_choice":"Took Card","damage_taken":0,"max_hp_gain":0,"max_hp_loss":0,"event_name":"NoteForYourself","floor":3,"gold_loss":0,"cards_obtained":["Iron Wave"]}],"is_beta":false,"boss_relics":[],"items_purged_floors":[11],"is_endless":false,"potions_floor_spawned":[2,4,8,10],"killed_by":"Slime Boss","ascension_level":0}}