{"host":"2pffx5rqbod9ds0c","time":1613365052,"event":{"mods":["BaseMod","Better Altar","Better Match","Better Note","Better Sensory Stone","Better Skull","Better Third Choice","Bossed Relics","Custom Start","Hubris","MarisaÅiñ∂âJÅ@ñÇóùçπÅj","Minty Spire (QoL Compilation)","Quick Restart","Relic Stats","Spicy Shops","StSLib"],"gold_per_floor":[111,136,110299,110315,110315,110315,110333,110333,110333],"floor_reached":8,"language":"ENG","playtime":244,"items_purged":["Strike_MRS"],"score":92,"play_id":"0063a106-a0e5-4cd2-8eda-730f45272e74","local_time":"20210214205732","is_ascension_mode":true,"campfire_choices":[{"data":"ChargingUp","floor":6,"key":"SMITH"}],"circlet_count":0,"master_deck":["AscendersBane","TreasureHunter+1","Strike_MRS","Strike_MRS","Strike_MRS","Defend_MRS","Defend_MRS","Defend_MRS","Defend_MRS","MasterSpark","UpSweep","ChargingUp+1"],"relics":["MiniHakkero","Ancient Tea Set","Strawberry","Omamori","Regal Pillow","Oddly Smooth Stone","Dream Catcher","Orrery"],"acts_visited":["Exordium"],"potions_floor_usage":[8],"damage_taken":[{"damage":1.0,"enemies":"Cultist","floor":1.0,"turns":3.0},{"damage":6.0,"enemies":"Small Slimes","floor":4.0,"turns":4.0},{"damage":0,"enemies":"2 Louse","floor":7,"turns":1},{"damage":64,"enemies":"Gremlin Nob","floor":8,"turns":4}],"seed_played":"3760620142518940570","potions_obtained":[{"floor":1.0,"key":"Swift Potion"},{"floor":4.0,"key":"Dexterity Potion"}],"is_trial":false,"path_per_floor":["M","T","$","M","?","R","M","E"],"character_chosen":"MARISA","items_purchased":["Omamori","Regal Pillow","Oddly Smooth Stone","Dream Catcher","ChargingUp","Orrery"],"campfire_rested":0,"item_purchase_floors":[3,3,3,3,3,3],"current_hp_per_floor":[62,69,69,63,63,63,63,0,0],"gold":110333,"neow_bonus":"RANDOM_COMMON_RELIC","is_daily":false,"chose_seed":false,"campfire_upgraded":1,"win_rate":0.0,"timestamp":1613365052,"path_taken":["M","?","$","M","?","R","?","E"],"items_purchased_type":["Relic","Relic","Relic","Relic","Card","Relic"],"build_version":"2020-12-22","purchased_purges":1,"victory":false,"max_hp_per_floor":[70,77,77,77,77,77,77,77,77],"relic_stats":{"Regal Pillow":0,"Dream Catcher":0,"counters":[4,12],"obtain_stats":[{"Regal Pillow":3,"Dream Catcher":3,"Strawberry":2,"Oddly Smooth Stone":3,"Orrery":3,"Omamori":3,"MiniHakkero":0,"Ancient Tea Set":0},{"Regal Pillow":1,"Dream Catcher":1,"Strawberry":1,"Oddly Smooth Stone":1,"Orrery":1,"Omamori":1,"MiniHakkero":0,"Ancient Tea Set":0},{"Regal Pillow":3,"Dream Catcher":3,"Strawberry":3,"Oddly Smooth Stone":3,"Orrery":3,"Omamori":3,"MiniHakkero":0,"Ancient Tea Set":0}]},"card_choices":[{"not_picked":["Occultation","DarkMatter","Orbital"],"picked":"SKIP","floor":1.0},{"not_picked":["AsteroidBelt","MilkyWay","PulseMagic"],"picked":"SKIP","floor":4.0},{"not_picked":["OortCloud","WitchLeyline","6A"],"picked":"SKIP","floor":7}],"player_experience":871080,"relics_obtained":[{"floor":2.0,"key":"Strawberry"}],"event_choices":[{"damage_healed":0,"gold_gain":0,"player_choice":"Leave","damage_taken":0,"max_hp_gain":0,"max_hp_loss":0,"event_name":"FaceTrader","floor":5,"gold_loss":0}],"is_beta":false,"boss_relics":[],"items_purged_floors":[3],"is_endless":false,"potions_floor_spawned":[1,4],"killed_by":"Gremlin Nob","ascension_level":20}}