{"host":"ufhw4cf0hh51lveu","time":1613391092,"event":{"mods":["BaseMod","DeckTracker","Minty Spire (QoL Compilation)","SuperFastMode"],"gold_per_floor":[119,69,69,90,165,165,186,186,210,223,244,258,272,288,288,288,288],"floor_reached":16,"language":"KOR","playtime":612,"items_purged":[],"score":96,"play_id":"5d07b4c0-2688-4b1d-917f-3ea3713d776e","local_time":"20210215211132","is_ascension_mode":false,"campfire_choices":[{"data":"Twin Strike","floor":6,"key":"SMITH"},{"data":"Heavy Blade","floor":8,"key":"SMITH"},{"floor":15,"key":"REST"}],"circlet_count":0,"master_deck":["Strike_R","Strike_R","Strike_R","Strike_R","Defend_R","Defend_R","Defend_R","Defend_R","Bash","Twin Strike+1","Injury","Heavy Blade+1","Heavy Blade","Flex"],"relics":["Burning Blood","WingedGreaves","Golden Idol","Anchor"],"acts_visited":["Exordium"],"potions_floor_usage":[16,16],"damage_taken":[{"damage":0,"enemies":"Small Slimes","floor":1,"turns":3},{"damage":0,"enemies":"2 Louse","floor":4,"turns":4},{"damage":1,"enemies":"Jaw Worm","floor":7,"turns":3},{"damage":5,"enemies":"Looter","floor":10,"turns":3},{"damage":12,"enemies":"Blue Slaver","floor":11,"turns":3},{"damage":12,"enemies":"Gremlin Gang","floor":12,"turns":5},{"damage":0,"enemies":"3 Louse","floor":13,"turns":3},{"damage":0,"enemies":"2 Fungi Beasts","floor":14,"turns":4},{"damage":82,"enemies":"Hexaghost","floor":16,"turns":12}],"seed_played":"7875394996583971886","potions_obtained":[{"floor":1,"key":"Fire Potion"},{"floor":10,"key":"AttackPotion"},{"floor":11,"key":"Explosive Potion"}],"is_trial":false,"path_per_floor":["M","?","?","M","?","R","M","R","T","M","M","M","M","M","R","B"],"character_chosen":"IRONCLAD","items_purchased":[],"campfire_rested":1,"item_purchase_floors":[],"current_hp_per_floor":[62,62,62,68,57,57,62,62,62,63,57,51,57,63,80,0,0],"gold":288,"neow_bonus":"ONE_RARE_RELIC","is_daily":false,"chose_seed":false,"campfire_upgraded":2,"win_rate":0.0,"timestamp":1613391092,"path_taken":["M","?","?","M","?","R","M","R","T","M","M","M","M","M","R","BOSS"],"items_purchased_type":[],"build_version":"2020-12-22","purchased_purges":0,"victory":false,"max_hp_per_floor":[80,80,80,80,80,80,80,80,80,80,80,80,80,80,80,80,80],"card_choices":[{"not_picked":["Blood for Blood","Reckless Charge"],"picked":"Twin Strike","floor":1},{"not_picked":["Battle Trance","Bloodletting","Reckless Charge"],"picked":"SKIP","floor":4},{"not_picked":["Reckless Charge","Armaments"],"picked":"Heavy Blade","floor":7},{"not_picked":["Second Wind","Dual Wield"],"picked":"Heavy Blade","floor":10},{"not_picked":["Feel No Pain","Shrug It Off","Body Slam"],"picked":"SKIP","floor":11},{"not_picked":["Hemokinesis","Clothesline","Dark Embrace"],"picked":"SKIP","floor":12},{"not_picked":["Shrug It Off","Cleave","Iron Wave"],"picked":"SKIP","floor":13},{"not_picked":["Twin Strike","Clothesline"],"picked":"Flex","floor":14}],"player_experience":16757,"relics_obtained":[{"floor":9,"key":"Anchor"}],"event_choices":[{"cards_removed":["Strike_R"],"damage_healed":0,"gold_gain":0,"player_choice":"Card Removal","damage_taken":0,"max_hp_gain":0,"max_hp_loss":0,"event_name":"The Cleric","floor":2,"gold_loss":50},{"damage_healed":0,"gold_gain":0,"player_choice":"Take Wound","damage_taken":0,"relics_obtained":["Golden Idol"],"max_hp_gain":0,"max_hp_loss":0,"event_name":"Golden Idol","floor":3,"gold_loss":0,"cards_obtained":["Injury"]},{"damage_healed":0,"gold_gain":75,"player_choice":"Gather Gold","damage_taken":11,"max_hp_gain":0,"max_hp_loss":0,"event_name":"World of Goop","floor":5,"gold_loss":0}],"is_beta":false,"boss_relics":[],"items_purged_floors":[],"is_endless":false,"potions_floor_spawned":[1,10,11,12,13],"killed_by":"Hexaghost","ascension_level":0}}