{"host":"gtoa8h4im74f14p0","time":1613366108,"event":{"mods":["AchievementEnabler","BaseMod","Better Silent Start","Block Reminder","Colored Powertips","Custom Start","Downfall","Hermit","Minty Spire (QoL Compilation)","Reliquary","Shop Mod","StSLib","Swap Starting Deck Mod","The Cursed","The Marked"],"gold_per_floor":[110,110,110,134,42,82,82,98,121,134,148,40,54,77,77,207,207,227,227,250,263,263,263,299,299,299,299,313,313,338,354,354,354,354],"floor_reached":33,"language":"ENG","playtime":1855,"items_purged":[],"score":296,"play_id":"4bfc3b3f-832c-4b3b-a102-f7f5ee4ceef7","local_time":"20210215001508","is_ascension_mode":false,"campfire_choices":[{"floor":7.0,"key":"REST"},{"floor":15.0,"key":"REST"},{"floor":23.0,"key":"REST"},{"floor":27.0,"key":"REST"},{"floor":29.0,"key":"REST"},{"floor":32,"key":"REST"}],"circlet_count":0,"master_deck":["Strike_B","Strike_B","Strike_B","Strike_B","Defend_B","Defend_B","Defend_B","Defend_B","Zap","Dualcast","Buffer+1","Beam Cell","Sweeping Beam","Storm","Ball Lightning","Sweeping Beam","Beam Cell","Reboot","Turbo","Lockon","Ball Lightning","Beam Cell","Defragment","Machine Learning","CurseOfTheBell","Sunder","Redo+1","Beam Cell","downfall:Bewildered","Hologram+1","Beam Cell","Reboot","Leap"],"relics":["Cracked Core","Golden Idol","Blood Vial","reliquary:PorcupineQuills","Calling Bell","Centennial Puzzle","reliquary:NewFriend","Peace Pipe","sneckomod:BabySnecko","Ginger","Mango"],"acts_visited":["Exordium","TheCity"],"potions_floor_usage":[31],"damage_taken":[{"damage":6.0,"enemies":"2 Louse","floor":1.0,"turns":4.0},{"damage":0.0,"enemies":"Small Slimes","floor":4.0,"turns":3.0},{"damage":27.0,"enemies":"3 Sentries","floor":6.0,"turns":6.0},{"damage":0.0,"enemies":"Cultist","floor":8.0,"turns":4.0},{"damage":12.0,"enemies":"3 Louse","floor":10.0,"turns":3.0},{"damage":5.0,"enemies":"Looter","floor":11.0,"turns":2.0},{"damage":0.0,"enemies":"Red Slaver","floor":13.0,"turns":3.0},{"damage":2.0,"enemies":"Blue Slaver","floor":14.0,"turns":2.0},{"damage":31.0,"enemies":"The Guardian","floor":16.0,"turns":10.0},{"damage":10.0,"enemies":"Shell Parasite","floor":18.0,"turns":3.0},{"damage":23.0,"enemies":"3 Byrds","floor":20.0,"turns":4.0},{"damage":7.0,"enemies":"Snake Plant","floor":21.0,"turns":3.0},{"damage":62.0,"enemies":"Gremlin Leader","floor":24.0,"turns":6.0},{"damage":16.0,"enemies":"Centurion and Healer","floor":28.0,"turns":4.0},{"damage":39.0,"enemies":"Cultist and Chosen","floor":30.0,"turns":5.0},{"damage":9,"enemies":"Sentry and Sphere","floor":31,"turns":5},{"damage":45,"enemies":"Collector","floor":33,"turns":3}],"seed_played":"-3243899171842180043","potions_obtained":[{"floor":11.0,"key":"Dexterity Potion"},{"floor":14.0,"key":"Energy Potion"},{"floor":16.0,"key":"PowerPotion"},{"floor":21.0,"key":"Guardian:BlockOnCardUsePotion"},{"floor":24.0,"key":"ColorlessPotion"}],"is_trial":false,"path_per_floor":["M","?","?","M","$","E","R","M","T","M","M","$","M","M","R","B",null,"M","?","M","M","?","R","E","?","T","R","M","R","M","M","R","B"],"character_chosen":"DEFECT","items_purchased":["Storm","Ball Lightning","Lockon","Ball Lightning"],"campfire_rested":6,"item_purchase_floors":[5,5,12,12],"current_hp_per_floor":[69,51,51,51,51,24,46,48,48,38,35,35,37,37,59,30,75,65,65,44,39,39,61,1,1,15,41,27,53,16,9,35,0,0],"gold":354,"neow_bonus":"ONE_RANDOM_RARE_CARD","is_daily":false,"chose_seed":false,"campfire_upgraded":0,"win_rate":0.0,"timestamp":1613366108,"path_taken":["M","?","?","M","$","E","R","M","T","?","M","$","M","M","R","BOSS","M","?","M","M","?","R","E","?","T","R","M","R","M","M","R","BOSS"],"items_purchased_type":["Card","Card","Card","Card"],"build_version":"2020-12-22","purchased_purges":0,"victory":false,"max_hp_per_floor":[75,75,75,75,75,75,75,75,75,75,75,75,75,75,75,75,75,75,75,75,75,75,75,75,75,89,89,89,89,89,89,89,89,89],"card_choices":[{"not_picked":["Stack","Fusion"],"picked":"Beam Cell","floor":1.0},{"not_picked":["Compile Driver","Streamline"],"picked":"Sweeping Beam","floor":4.0},{"not_picked":["Undo","Rebound"],"picked":"Sweeping Beam","floor":6.0},{"not_picked":["Streamline","Glacier"],"picked":"Beam Cell","floor":8.0},{"not_picked":["Darkness","Force Field"],"picked":"Reboot","floor":10.0},{"not_picked":["Reprogram","Tempest"],"picked":"Turbo","floor":11.0},{"not_picked":["Steam Power","Turbo"],"picked":"Beam Cell","floor":13.0},{"not_picked":["Hello World","Double Energy"],"picked":"Defragment","floor":14.0},{"not_picked":["Biased Cognition","All For One"],"picked":"Machine Learning","floor":16.0},{"not_picked":["Sweeping Beam","Turbo"],"picked":"Sunder","floor":18.0},{"not_picked":["Reprogram","Blizzard"],"picked":"Redo+1","floor":20.0},{"not_picked":["FTL","Hologram"],"picked":"Beam Cell","floor":21.0},{"not_picked":["Ball Lightning+1","Conserve Battery"],"picked":"Hologram+1","floor":24.0},{"not_picked":["Glacier","Redo"],"picked":"Beam Cell","floor":28.0},{"not_picked":["Reinforced Body","Coolheaded"],"picked":"Reboot","floor":30.0},{"not_picked":["Consume","Storm+1"],"picked":"Leap","floor":31}],"player_experience":43437,"relics_obtained":[{"floor":6.0,"key":"Blood Vial"},{"floor":9.0,"key":"reliquary:PorcupineQuills"},{"floor":17.0,"key":"Centennial Puzzle"},{"floor":17.0,"key":"reliquary:NewFriend"},{"floor":17.0,"key":"Peace Pipe"},{"floor":24.0,"key":"Ginger"},{"floor":26.0,"key":"Mango"}],"event_choices":[{"damage_healed":0.0,"max_hp_gain":0.0,"max_hp_loss":0.0,"gold_gain":0.0,"event_name":"Golden Idol","player_choice":"Take Damage","floor":2.0,"gold_loss":0.0,"damage_taken":18.0,"relics_obtained":["Golden Idol"]},{"damage_healed":0.0,"max_hp_gain":0.0,"max_hp_loss":0.0,"gold_gain":0.0,"event_name":"Upgrade Shrine","player_choice":"Upgraded","floor":3.0,"gold_loss":0.0,"damage_taken":0.0,"cards_upgraded":["Buffer"]},{"damage_healed":0.0,"max_hp_gain":0.0,"max_hp_loss":0.0,"gold_gain":0.0,"event_name":"Ghosts","player_choice":"Ignored","floor":19.0,"gold_loss":0.0,"damage_taken":0.0},{"damage_healed":0.0,"max_hp_gain":0.0,"max_hp_loss":0.0,"gold_gain":0.0,"event_name":"N\u0027loth","player_choice":"Ignored","floor":25.0,"gold_loss":0.0,"damage_taken":0.0}],"is_beta":false,"boss_relics":[{"not_picked":["Sozu","reliquary:WritOfMandamus"],"picked":"Calling Bell"}],"items_purged_floors":[],"is_endless":false,"potions_floor_spawned":[11,14,16,21,24],"killed_by":"Collector","ascension_level":0}}