{"host":"5dk97cf2ubw2v967","time":1613391967,"event":{"mods":["AlwaysNeverKeys","BaseMod","Better Altar","Better Vampires","Block Reminder","Card Filter","Colored Powertips","Downfall","Googly Eyes","Highlight Path","Minty Spire (QoL Compilation)","Permanent Neow","Potion Indicator Mod","Quick Restart","Relic Filter","Relic Stats","Say the Spire","Spicy Shops","StSLib","Waifu the Spire","everything is the same but u backflip on backflip"],"gold_per_floor":[114,389,408,408,420,420,445,130,130,157,171,251,251,67,67,139,139,153,171,171,190,65,96,96,123,147,147,165,199,199,230,230,230,230],"floor_reached":33,"language":"ENG","playtime":2252,"items_purged":["Injury","Defend_R","Strike_R"],"score":686,"play_id":"e3de87a4-2232-4807-ba16-7755633a87ca","local_time":"20210215122607","is_ascension_mode":true,"campfire_choices":[{"data":"Bash","floor":6.0,"key":"SMITH"},{"data":"Disarm","floor":13.0,"key":"SMITH"},{"data":"Flame Barrier","floor":15.0,"key":"SMITH"},{"floor":24.0,"key":"REST"},{"data":"Barricade","floor":27,"key":"SMITH"},{"data":"Disarm","floor":30,"key":"SMITH"},{"floor":32,"key":"REST"}],"circlet_count":0,"master_deck":["AscendersBane","Strike_R","Strike_R+1","Strike_R","Strike_R","Defend_R+1","Defend_R","Defend_R","Bash+1","Flame Barrier","Flame Barrier+1","Flame Barrier+1","Immolate","Disarm+1","Barricade+1","Juggernaut","Disarm+1"],"relics":["Burning Blood","Pocketwatch","Spirit Poop","War Paint","Orrery","Singing Bowl","Anchor","Tiny House","Sozu","Bag of Marbles","MealTicket","Mercury Hourglass","Question Card","Ornamental Fan"],"acts_visited":["Exordium","TheCity"],"potions_floor_usage":[],"damage_taken":[{"damage":6.0,"enemies":"2 Louse","floor":1.0,"turns":3.0},{"damage":23.0,"enemies":"Cultist","floor":3.0,"turns":4.0},{"damage":1.0,"enemies":"Small Slimes","floor":5.0,"turns":3.0},{"damage":23.0,"enemies":"3 Sentries","floor":7.0,"turns":11.0},{"damage":22.0,"enemies":"Gremlin Nob","floor":10.0,"turns":4.0},{"damage":9.0,"enemies":"Exordium Wildlife","floor":11.0,"turns":4.0},{"damage":12.0,"enemies":"The Guardian","floor":16.0,"turns":14.0},{"damage":0.0,"enemies":"Spheric Guardian","floor":18.0,"turns":8.0},{"damage":8.0,"enemies":"Shell Parasite","floor":19.0,"turns":7.0},{"damage":27.0,"enemies":"Chosen and Byrds","floor":21.0,"turns":8.0},{"damage":40.0,"enemies":"Slavers","floor":23.0,"turns":6.0},{"damage":4,"enemies":"Book of Stabbing","floor":25,"turns":6},{"damage":1,"enemies":"Centurion and Healer","floor":28,"turns":6},{"damage":31,"enemies":"Slavers","floor":29,"turns":5},{"damage":2,"enemies":"Book of Stabbing","floor":31,"turns":7},{"damage":81,"enemies":"Automaton","floor":33,"turns":18}],"seed_played":"957301765986630305","potions_obtained":[{"floor":5.0,"key":"SteroidPotion"},{"floor":10.0,"key":"Ancient Potion"},{"floor":11.0,"key":"SkillPotion"}],"is_trial":false,"path_per_floor":["M","?","M","?","M","R","E","$","T","E","M","?","R","$","R","B",null,"M","M","?","M","$","E","R","E","T","R","M","E","R","E","R","B"],"character_chosen":"IRONCLAD","items_purchased":["Orrery","Disarm","Regen Potion"],"campfire_rested":2,"item_purchase_floors":[8,8,14],"current_hp_per_floor":[68,68,51,51,56,56,39,39,39,25,24,29,29,29,29,38,73,81,81,81,62,62,28,55,59,59,59,64,41,41,47,75,0,0],"gold":230,"neow_bonus":"ONE_RARE_RELIC","is_daily":false,"chose_seed":false,"campfire_upgraded":5,"win_rate":0.0,"timestamp":1613391967,"path_taken":["M","?","?","?","?","R","E","$","T","E","M","?","R","?","R","BOSS","M","M","?","M","$","E","R","E","T","R","M","E","R","E","R","BOSS"],"items_purchased_type":["Relic","Card","Potion"],"build_version":"2020-12-22","purchased_purges":3,"victory":false,"max_hp_per_floor":[75,75,75,75,75,75,75,75,75,77,79,84,84,84,84,84,84,86,88,88,90,90,90,90,92,92,92,92,94,94,96,96,96,96],"relic_stats":{"Sozu":4,"Singing Bowl":16,"counters":[16,114],"Ornamental Fan":[0],"MealTicket":0,"War Paint":["Flame Barrier","Defend_R"],"Question Card":1,"obtain_stats":[{"Tiny House":12,"Singing Bowl":9,"Spirit Poop":4,"War Paint":7,"Question Card":29,"Burning Blood":0,"Mercury Hourglass":25,"Sozu":17,"Anchor":10,"Ornamental Fan":31,"Orrery":8,"MealTicket":23,"Bag of Marbles":20,"Pocketwatch":0},{"Tiny House":6,"Singing Bowl":4,"Spirit Poop":2,"War Paint":4,"Question Card":14,"Burning Blood":0,"Mercury Hourglass":12,"Sozu":7,"Anchor":5,"Ornamental Fan":15,"Orrery":4,"MealTicket":11,"Bag of Marbles":9,"Pocketwatch":0},{"Tiny House":29,"Singing Bowl":21,"Spirit Poop":7,"War Paint":21,"Question Card":89,"Burning Blood":0,"Mercury Hourglass":78,"Sozu":43,"Anchor":25,"Ornamental Fan":96,"Orrery":21,"MealTicket":72,"Bag of Marbles":58,"Pocketwatch":0}],"Burning Blood":90,"Pocketwatch":[294],"Mercury Hourglass":[145]},"card_choices":[{"not_picked":["Headbutt","Rage","Clash"],"picked":"SKIP","floor":1.0},{"not_picked":["Dark Embrace","Heavy Blade"],"picked":"Flame Barrier","floor":3.0},{"not_picked":["Cleave","Whirlwind"],"picked":"Flame Barrier","floor":5.0},{"not_picked":["Cleave","Impervious"],"picked":"Flame Barrier","floor":7.0},{"not_picked":["Armaments","Havoc"],"picked":"Immolate","floor":8.0},{"not_picked":["Body Slam","Clothesline","Twin Strike"],"picked":"Singing Bowl","floor":10.0},{"not_picked":["Clothesline","Thunderclap","Havoc"],"picked":"Singing Bowl","floor":11.0},{"not_picked":["Fiend Fire","Berserk"],"picked":"Barricade","floor":16.0},{"not_picked":["Heavy Blade","Iron Wave","Twin Strike"],"picked":"Singing Bowl","floor":18.0},{"not_picked":["Sword Boomerang","Pommel Strike","Evolve"],"picked":"Singing Bowl","floor":19.0},{"not_picked":["Pommel Strike","Twin Strike","Iron Wave"],"picked":"Singing Bowl","floor":21.0},{"not_picked":["Warcry","Sword Boomerang"],"picked":"Juggernaut","floor":23.0},{"not_picked":["Warcry","Battle Trance","Cleave"],"picked":"Singing Bowl","floor":25},{"not_picked":["Twin Strike+1","Fire Breathing"],"picked":"Disarm","floor":28},{"not_picked":["Twin Strike","Warcry+1","Intimidate"],"picked":"Singing Bowl","floor":29},{"not_picked":["Limit Break","Sword Boomerang","Warcry","Cleave"],"picked":"Singing Bowl","floor":31}],"player_experience":1320545,"relics_obtained":[{"floor":7.0,"key":"War Paint"},{"floor":9.0,"key":"Singing Bowl"},{"floor":10.0,"key":"Anchor"},{"floor":20.0,"key":"Bag of Marbles"},{"floor":23.0,"key":"MealTicket"},{"floor":25,"key":"Mercury Hourglass"},{"floor":29,"key":"Question Card"},{"floor":31,"key":"Ornamental Fan"}],"event_choices":[{"damage_healed":0.0,"max_hp_gain":0.0,"max_hp_loss":0.0,"gold_gain":275.0,"event_name":"Golden Shrine","player_choice":"Desecrate","floor":2.0,"gold_loss":0.0,"damage_taken":0.0,"cards_obtained":["Regret"]},{"cards_removed":["Regret"],"damage_healed":0.0,"max_hp_gain":0.0,"max_hp_loss":0.0,"gold_gain":0.0,"event_name":"Bonfire Elementals","player_choice":"Offered Curse","floor":4.0,"gold_loss":0.0,"damage_taken":0.0,"relics_obtained":["Spirit Poop"]},{"damage_healed":0.0,"max_hp_gain":0.0,"max_hp_loss":0.0,"gold_gain":30.0,"event_name":"Dead Adventurer","player_choice":"Searched \u00273\u0027 times","floor":12.0,"gold_loss":0.0,"damage_taken":0.0,"relics_obtained":["Tiny House"]},{"damage_healed":0.0,"max_hp_gain":0.0,"max_hp_loss":0.0,"gold_gain":0.0,"event_name":"Wheel of Change","player_choice":"Relic","floor":20.0,"gold_loss":0.0,"damage_taken":0.0}],"is_beta":false,"boss_relics":[{"not_picked":["Black Star","Black Blood"],"picked":"Sozu"}],"items_purged_floors":[8,14,22],"is_endless":false,"potions_floor_spawned":[5,10,11,18,19,25,28],"killed_by":"Automaton","ascension_level":20}}