{"host":"d52brwsy6af8zvaq","time":1613425448,"event":{"mods":["AchievementEnabler","BaseMod","Bestiary","Highlight Path","Minty Spire (QoL Compilation)","Quick Restart","Relic Stats","ojb\u0027s Better Paths Mod"],"gold_per_floor":[109,109,127,139,159,159,159,187,187,213,230,230,19,19,19,93,93,109,121,135,50,61,61,61],"floor_reached":23,"language":"ENG","playtime":806,"items_purged":["Strike_B"],"score":406,"play_id":"9d846f94-fe53-43cb-a830-ca232e4aba18","local_time":"20210215144408","is_ascension_mode":true,"campfire_choices":[{"data":"Go for the Eyes","floor":6.0,"key":"SMITH"},{"floor":12.0,"key":"REST"},{"data":"Defragment","floor":15.0,"key":"SMITH"}],"circlet_count":0,"master_deck":["AscendersBane","Strike_B","Strike_B","Defend_B","Defend_B","Defend_B","Defend_B","Zap+1","Dualcast","Streamline","Leap","Cold Snap","Go for the Eyes+1","Genetic Algorithm","Doom and Gloom","Sunder","Static Discharge","Defragment+1","Storm","Seek","Conserve Battery","Stack"],"relics":["Cracked Core","Ginger","Eternal Feather","The Courier","Cursed Key","Kunai"],"acts_visited":["Exordium","TheCity"],"potions_floor_usage":[22],"damage_taken":[{"damage":8.0,"enemies":"2 Louse","floor":1.0,"turns":2.0},{"damage":3.0,"enemies":"Small Slimes","floor":3.0,"turns":3.0},{"damage":1.0,"enemies":"Cultist","floor":4.0,"turns":3.0},{"damage":1.0,"enemies":"Blue Slaver","floor":5.0,"turns":4.0},{"damage":22.0,"enemies":"3 Sentries","floor":8.0,"turns":6.0},{"damage":24.0,"enemies":"Lagavulin","floor":10.0,"turns":7.0},{"damage":7.0,"enemies":"2 Fungi Beasts","floor":11.0,"turns":3.0},{"damage":28.0,"enemies":"Slime Boss","floor":16.0,"turns":8.0},{"damage":13.0,"enemies":"3 Byrds","floor":18.0,"turns":1.0},{"damage":9,"enemies":"Spheric Guardian","floor":19,"turns":4},{"damage":19,"enemies":"Snake Plant","floor":20,"turns":4},{"damage":13,"enemies":"Centurion and Healer","floor":22,"turns":10},{"damage":32,"enemies":"Slavers","floor":23,"turns":2}],"seed_played":"-403771617370809568","potions_obtained":[{"floor":1.0,"key":"DuplicationPotion"},{"floor":3.0,"key":"AttackPotion"},{"floor":11.0,"key":"Fruit Juice"},{"floor":18.0,"key":"Regen Potion"},{"floor":22,"key":"GamblersBrew"}],"is_trial":false,"path_per_floor":["M","?","M","M","M","R","?","E","T","E","M","R","$","?","R","B",null,"M","M","M","?","M","E"],"character_chosen":"DEFECT","items_purchased":["Static Discharge","Defragment","Storm"],"campfire_rested":1,"item_purchase_floors":[13,13,13],"current_hp_per_floor":[63,63,60,59,58,58,58,36,36,12,10,43,43,43,52,24,68,55,46,27,27,29,0,0],"gold":61,"neow_bonus":"TEN_PERCENT_HP_BONUS","is_daily":false,"chose_seed":false,"campfire_upgraded":2,"win_rate":0.0,"timestamp":1613425448,"path_taken":["M","?","M","M","M","R","?","E","T","E","M","R","$","?","R","BOSS","M","?","M","?","M","E"],"items_purchased_type":["Card","Card","Card"],"build_version":"2020-12-22","purchased_purges":1,"victory":false,"max_hp_per_floor":[78,78,78,78,78,78,78,78,78,78,83,83,83,83,83,83,83,83,83,83,83,83,83,83],"relic_stats":{"counters":[13,57],"Eternal Feather":18,"Ginger":[4],"Kunai":[2],"Cursed Key":0,"obtain_stats":[{"Eternal Feather":9,"The Courier":10,"Ginger":8,"Kunai":21,"Cracked Core":0,"Cursed Key":17},{"Eternal Feather":5,"The Courier":6,"Ginger":5,"Kunai":11,"Cracked Core":0,"Cursed Key":8},{"Eternal Feather":18,"The Courier":25,"Ginger":18,"Kunai":45,"Cracked Core":0,"Cursed Key":36}]},"card_choices":[{"not_picked":["Steam","Scrape"],"picked":"Streamline","floor":1.0},{"not_picked":["Scrape","Barrage"],"picked":"Leap","floor":3.0},{"not_picked":["Hologram","Rebound"],"picked":"Cold Snap","floor":4.0},{"not_picked":["Hologram","Rebound"],"picked":"Go for the Eyes","floor":5.0},{"not_picked":["Meteor Strike","Steam"],"picked":"Genetic Algorithm","floor":8.0},{"not_picked":["All For One","Machine Learning"],"picked":"Doom and Gloom","floor":10.0},{"not_picked":["Conserve Battery","Turbo"],"picked":"Sunder","floor":11.0},{"not_picked":["Rainbow","All For One"],"picked":"Seek","floor":16.0},{"not_picked":["Gash+1","Compile Driver"],"picked":"Conserve Battery","floor":18.0},{"not_picked":["Loop","Steam"],"picked":"Stack","floor":19},{"not_picked":["Blizzard","Go for the Eyes","Gash"],"picked":"SKIP","floor":20},{"not_picked":["Conserve Battery","Aggregate+1","Recycle"],"picked":"SKIP","floor":22}],"player_experience":2278957,"relics_obtained":[{"floor":8.0,"key":"Ginger"},{"floor":9.0,"key":"Eternal Feather"},{"floor":10.0,"key":"The Courier"}],"event_choices":[{"damage_healed":0.0,"max_hp_gain":0.0,"max_hp_loss":0.0,"gold_gain":0.0,"event_name":"Living Wall","player_choice":"Grow","floor":2.0,"gold_loss":0.0,"damage_taken":0.0,"cards_upgraded":["Zap"]},{"damage_healed":0.0,"max_hp_gain":0.0,"max_hp_loss":0.0,"gold_gain":0.0,"event_name":"Shining Light","player_choice":"Ignored","floor":7.0,"gold_loss":0.0,"damage_taken":0.0},{"cards_removed":["Strike_B"],"damage_healed":0.0,"max_hp_gain":0.0,"max_hp_loss":0.0,"gold_gain":0.0,"event_name":"Purifier","player_choice":"Purged","floor":14.0,"gold_loss":0.0,"damage_taken":0.0},{"damage_healed":0,"gold_gain":0,"player_choice":"Obtained Relic","damage_taken":0,"relics_obtained":["Kunai"],"max_hp_gain":0,"max_hp_loss":0,"event_name":"Addict","floor":21,"gold_loss":85}],"is_beta":false,"boss_relics":[{"not_picked":["Sozu","Inserter"],"picked":"Cursed Key"}],"items_purged_floors":[13],"is_endless":false,"potions_floor_spawned":[1,3,5,11,18,22],"killed_by":"Slavers","ascension_level":20}}