{"host":"3jpcvpprzj9sjffh","time":1613397514,"event":{"mods":["AchievementEnabler","BaseMod","Colored Map","Minty Spire (QoL Compilation)","Rare Cards Sparkle","SuperFastMode","everything is the same but u backflip on backflip"],"gold_per_floor":[113,130,141,141,141,168,179,179,179,179,179,192,192,203,203,203,203],"floor_reached":16,"language":"KOR","playtime":421,"items_purged":[],"score":102,"play_id":"70a65cbc-c3fc-4fa8-978c-19ee986c70bf","local_time":"20210215225834","is_ascension_mode":false,"campfire_choices":[{"data":"Rage","floor":8,"key":"SMITH"},{"data":"Pommel Strike","floor":11,"key":"SMITH"},{"data":"Heavy Blade","floor":13,"key":"SMITH"},{"floor":15,"key":"REST"}],"circlet_count":0,"master_deck":["Strike_R","Strike_R","Strike_R","Strike_R","Strike_R","Defend_R","Defend_R","Defend_R","Defend_R","Bash","Evolve","Power Through","Rage+1","Twin Strike+1","Pommel Strike+1","Heavy Blade+1","Wild Strike"],"relics":["Burning Blood","NeowsBlessing","Kunai"],"acts_visited":["Exordium"],"potions_floor_usage":[6,16],"damage_taken":[{"damage":0,"enemies":"2 Louse","floor":1,"turns":1},{"damage":0,"enemies":"Small Slimes","floor":2,"turns":1},{"damage":0,"enemies":"Jaw Worm","floor":3,"turns":1},{"damage":37,"enemies":"Lagavulin","floor":6,"turns":8},{"damage":0,"enemies":"Large Slime","floor":7,"turns":6},{"damage":3,"enemies":"3 Louse","floor":12,"turns":3},{"damage":17,"enemies":"Gremlin Gang","floor":14,"turns":4},{"damage":81,"enemies":"The Guardian","floor":16,"turns":13}],"seed_played":"6877713170349032603","potions_obtained":[{"floor":1,"key":"SkillPotion"},{"floor":2,"key":"PowerPotion"}],"is_trial":false,"path_per_floor":["M","M","M","?","?","E","M","R","T","?","R","M","R","M","R","B"],"character_chosen":"IRONCLAD","items_purchased":[],"campfire_rested":1,"item_purchase_floors":[],"current_hp_per_floor":[80,80,80,80,85,54,60,60,60,60,60,63,63,52,77,0,0],"gold":203,"neow_bonus":"THREE_ENEMY_KILL","is_daily":false,"chose_seed":false,"campfire_upgraded":3,"win_rate":0.0,"timestamp":1613397514,"path_taken":["M","M","M","?","?","E","M","R","T","?","R","M","R","M","R","BOSS"],"items_purchased_type":[],"build_version":"2020-12-22","purchased_purges":0,"victory":false,"max_hp_per_floor":[80,80,80,80,85,85,85,85,85,85,85,85,85,85,85,85,85],"card_choices":[{"not_picked":["Combust","Clothesline"],"picked":"Evolve","floor":1},{"not_picked":["Clothesline","Perfected Strike"],"picked":"Power Through","floor":2},{"not_picked":["Sever Soul","Twin Strike"],"picked":"Rage","floor":3},{"not_picked":["Juggernaut","Pommel Strike"],"picked":"Twin Strike","floor":6},{"not_picked":["Twin Strike","Searing Blow"],"picked":"Pommel Strike","floor":7},{"not_picked":["True Grit","Armaments"],"picked":"Heavy Blade","floor":12},{"not_picked":["Headbutt","Warcry"],"picked":"Wild Strike","floor":14}],"player_experience":331474,"relics_obtained":[{"floor":6,"key":"Kunai"}],"event_choices":[{"damage_healed":0,"gold_gain":0,"player_choice":"Ignored","damage_taken":0,"max_hp_gain":0,"max_hp_loss":0,"event_name":"Liars Game","floor":4,"gold_loss":0},{"damage_healed":0,"gold_gain":0,"player_choice":"Donut","damage_taken":0,"max_hp_gain":5,"max_hp_loss":0,"event_name":"Big Fish","floor":5,"gold_loss":0},{"damage_healed":0,"gold_gain":0,"player_choice":"Grow","damage_taken":0,"max_hp_gain":0,"max_hp_loss":0,"event_name":"Living Wall","floor":10,"gold_loss":0,"cards_upgraded":["Twin Strike"]}],"is_beta":false,"boss_relics":[],"items_purged_floors":[],"is_endless":false,"potions_floor_spawned":[1,2],"killed_by":"The Guardian","ascension_level":0}}