{"host":"p9vmbvw2hh2n16dn","time":1613384561,"event":{"mods":["AchievementEnabler","BaseMod","Block Reminder","Minty Spire (QoL Compilation)","Relic Stats","SuperFastMode"],"gold_per_floor":[119,131,306,319,332,360,374,374,451,451,477,487,504,538,538,635,635,647,659,659,659,678,678,678],"floor_reached":23,"language":"ENG","playtime":774,"items_purged":[],"score":347,"play_id":"974cd88b-fb44-4c78-944e-a232d3e4bb62","local_time":"20210215112241","is_ascension_mode":true,"campfire_choices":[{"floor":8.0,"key":"REST"},{"data":"Darkness","floor":10.0,"key":"SMITH"},{"data":"Rip and Tear","floor":15.0,"key":"SMITH"}],"circlet_count":0,"master_deck":["AscendersBane","Strike_B","Strike_B","Strike_B","Strike_B","Defend_B","Defend_B","Defend_B","Defend_B","Zap","Dualcast","Leap","Rip and Tear+1","Doubt","Darkness+1","Cold Snap","Cold Snap","BootSequence","Self Repair","Multi-Cast","Double Energy+1"],"relics":["Cracked Core","DataDisk","Torii","Eternal Feather","Pocketwatch","Oddly Smooth Stone","Coffee Dripper"],"acts_visited":["Exordium","TheCity"],"potions_floor_usage":[23],"damage_taken":[{"damage":10.0,"enemies":"Small Slimes","floor":1.0,"turns":3.0},{"damage":0.0,"enemies":"Jaw Worm","floor":2.0,"turns":4.0},{"damage":0.0,"enemies":"Cultist","floor":4.0,"turns":3.0},{"damage":28.0,"enemies":"Lots of Slimes","floor":5.0,"turns":4.0},{"damage":27.0,"enemies":"3 Sentries","floor":6.0,"turns":8.0},{"damage":2.0,"enemies":"2 Fungi Beasts","floor":7.0,"turns":3.0},{"damage":11.0,"enemies":"Gremlin Nob","floor":11.0,"turns":5.0},{"damage":0.0,"enemies":"Looter","floor":12.0,"turns":2.0},{"damage":0.0,"enemies":"Blue Slaver","floor":13.0,"turns":3.0},{"damage":7.0,"enemies":"Lagavulin","floor":14.0,"turns":6.0},{"damage":13.0,"enemies":"Slime Boss","floor":16.0,"turns":11.0},{"damage":0.0,"enemies":"Spheric Guardian","floor":18.0,"turns":3.0},{"damage":2.0,"enemies":"2 Thieves","floor":19.0,"turns":4.0},{"damage":0.0,"enemies":"Centurion and Healer","floor":21.0,"turns":3.0},{"damage":41.0,"enemies":"3 Cultists","floor":22.0,"turns":5.0},{"damage":46,"enemies":"Slavers","floor":23,"turns":3}],"seed_played":"6045320108829954087","potions_obtained":[{"floor":4.0,"key":"SmokeBomb"},{"floor":7.0,"key":"SteroidPotion"},{"floor":11.0,"key":"Fruit Juice"},{"floor":12.0,"key":"PowerPotion"},{"floor":14.0,"key":"FearPotion"},{"floor":18.0,"key":"GamblersBrew"}],"is_trial":false,"path_per_floor":["M","M","?","M","M","E","M","R","T","R","E","M","M","E","R","B",null,"M","M","?","M","M","E"],"character_chosen":"DEFECT","items_purchased":[],"campfire_rested":1,"item_purchase_floors":[],"current_hp_per_floor":[58,58,58,58,30,3,1,23,23,32,26,26,26,19,28,22,66,66,71,71,78,44,0,0],"gold":678,"neow_bonus":"RANDOM_COMMON_RELIC","is_daily":false,"chose_seed":false,"campfire_upgraded":2,"win_rate":0.0,"timestamp":1613384561,"path_taken":["M","M","?","M","M","E","M","R","T","R","E","M","M","E","R","BOSS","M","M","?","?","M","E"],"items_purchased_type":[],"build_version":"2020-12-22","purchased_purges":0,"victory":false,"max_hp_per_floor":[75,75,75,75,75,75,75,75,75,75,80,80,80,80,80,80,80,80,80,80,80,80,80,80],"relic_stats":{"Torii":28,"counters":[16,70],"Eternal Feather":18,"obtain_stats":[{"DataDisk":0,"Torii":6,"Oddly Smooth Stone":14,"Eternal Feather":9,"Coffee Dripper":17,"Cracked Core":0,"Pocketwatch":11},{"DataDisk":0,"Torii":5,"Oddly Smooth Stone":10,"Eternal Feather":6,"Coffee Dripper":11,"Cracked Core":0,"Pocketwatch":7},{"DataDisk":0,"Torii":22,"Oddly Smooth Stone":41,"Eternal Feather":25,"Coffee Dripper":52,"Cracked Core":0,"Pocketwatch":30}],"Pocketwatch":[60]},"card_choices":[{"not_picked":["Steam","Ball Lightning"],"picked":"Leap","floor":1.0},{"not_picked":["Chaos","Beam Cell"],"picked":"Rip and Tear","floor":2.0},{"not_picked":["Go for the Eyes","Barrage"],"picked":"Darkness","floor":4.0},{"not_picked":["Stack","Barrage"],"picked":"Cold Snap","floor":5.0},{"not_picked":["Darkness","Meteor Strike"],"picked":"Cold Snap","floor":6.0},{"not_picked":["Stack","Gash"],"picked":"BootSequence","floor":7.0},{"not_picked":["Conserve Battery","Steam","Streamline"],"picked":"SKIP","floor":11.0},{"not_picked":["Turbo","Leap","Rebound"],"picked":"SKIP","floor":12.0},{"not_picked":["Steam","Streamline","Chaos"],"picked":"SKIP","floor":13.0},{"not_picked":["Blizzard","Turbo"],"picked":"Self Repair","floor":14.0},{"not_picked":["Creative AI","Thunder Strike"],"picked":"Multi-Cast","floor":16.0},{"not_picked":["Sweeping Beam","Rebound"],"picked":"Double Energy+1","floor":18.0},{"not_picked":["Loop","Recycle","Aggregate"],"picked":"SKIP","floor":19.0},{"not_picked":["Go for the Eyes+1","Coolheaded","Hello World"],"picked":"SKIP","floor":22.0}],"player_experience":333739,"relics_obtained":[{"floor":6.0,"key":"Torii"},{"floor":9.0,"key":"Eternal Feather"},{"floor":11.0,"key":"Pocketwatch"},{"floor":14.0,"key":"Oddly Smooth Stone"}],"event_choices":[{"damage_healed":0.0,"max_hp_gain":0.0,"max_hp_loss":0.0,"gold_gain":175.0,"event_name":"Liars Game","player_choice":"AGREE","floor":3.0,"gold_loss":0.0,"damage_taken":0.0,"cards_obtained":["Doubt"]},{"damage_healed":0.0,"max_hp_gain":0.0,"max_hp_loss":0.0,"gold_gain":0.0,"event_name":"The Woman in Blue","player_choice":"Bought 0 Potions","floor":20.0,"gold_loss":0.0,"damage_taken":0.0}],"is_beta":false,"boss_relics":[{"not_picked":["Astrolabe","Calling Bell"],"picked":"Coffee Dripper"}],"items_purged_floors":[],"is_endless":false,"potions_floor_spawned":[4,7,11,12,14,18,19],"killed_by":"Slavers","ascension_level":12}}