{"host":"0mhttqdumuceah7q","time":1613397814,"event":{"mods":["AchievementEnabler","BaseMod","Colored Map","DeckTracker","Minty Spire (QoL Compilation)","Permanent Neow"],"gold_per_floor":[116,130,144,162,182,182,182,32,80,80,90,123,185,216,216,311,311,321,321,337,352,367,367,367],"floor_reached":23,"language":"KOR","playtime":962,"items_purged":[],"score":215,"play_id":"d187180d-7b69-4b3c-92b8-ff0bf387e036","local_time":"20210215230334","is_ascension_mode":true,"campfire_choices":[{"data":"Zap","floor":6.0,"key":"SMITH"},{"data":"Biased Cognition","floor":15.0,"key":"SMITH"}],"circlet_count":0,"master_deck":["Strike_B","Strike_B","Defend_B","Defend_B","Defend_B","Defend_B","Zap+1","Dualcast","Ball Lightning","Go for the Eyes","Ball Lightning","Biased Cognition+1","Barrage","Reboot","Sweeping Beam","Steam","Redo","Conserve Battery","Thunder Strike","Beam Cell+1","Pain","White Noise"],"relics":["Cracked Core","Smiling Mask","Art of War","Dream Catcher","The Courier","Akabeko","Singing Bowl","Nuclear Battery","WarpedTongs"],"acts_visited":["Exordium","TheCity"],"potions_floor_usage":[23],"damage_taken":[{"damage":15.0,"enemies":"Jaw Worm","floor":1.0,"turns":5.0},{"damage":3.0,"enemies":"Small Slimes","floor":2.0,"turns":3.0},{"damage":5.0,"enemies":"2 Louse","floor":3.0,"turns":2.0},{"damage":0.0,"enemies":"Large Slime","floor":4.0,"turns":3.0},{"damage":4.0,"enemies":"Red Slaver","floor":5.0,"turns":2.0},{"damage":8.0,"enemies":"Lots of Slimes","floor":11.0,"turns":2.0},{"damage":13.0,"enemies":"Lagavulin","floor":12.0,"turns":5.0},{"damage":15.0,"enemies":"Gremlin Nob","floor":13.0,"turns":3.0},{"damage":9.0,"enemies":"3 Sentries","floor":14.0,"turns":3.0},{"damage":20.0,"enemies":"Slime Boss","floor":16.0,"turns":7.0},{"damage":0.0,"enemies":"Spheric Guardian","floor":18.0,"turns":3.0},{"damage":10.0,"enemies":"2 Thieves","floor":20.0,"turns":2.0},{"damage":12.0,"enemies":"3 Cultists","floor":21.0,"turns":4.0},{"damage":25.0,"enemies":"Snake Plant","floor":22.0,"turns":3.0},{"damage":40,"enemies":"Gremlin Leader","floor":23,"turns":3}],"seed_played":"-2293638524889424402","potions_obtained":[{"floor":1.0,"key":"Energy Potion"},{"floor":4.0,"key":"LiquidMemories"},{"floor":12.0,"key":"FairyPotion"},{"floor":13.0,"key":"BlessingOfTheForge"},{"floor":22.0,"key":"LiquidMemories"}],"is_trial":false,"path_per_floor":["M","M","M","M","M","R","?","$","T","?","M","E","?","E","R","B",null,"M","?","M","M","M","E"],"character_chosen":"DEFECT","items_purchased":["Art of War"],"campfire_rested":0,"item_purchase_floors":[8],"current_hp_per_floor":[60,57,52,52,48,48,41,41,41,41,33,20,5,22,22,2,75,75,75,65,55,32,0,0],"gold":367,"neow_bonus":"RANDOM_COMMON_RELIC","is_daily":false,"chose_seed":false,"campfire_upgraded":2,"win_rate":0.0,"timestamp":1613397814,"path_taken":["M","M","M","M","M","R","?","$","T","?","M","E","?","E","R","BOSS","M","?","M","?","M","E"],"items_purchased_type":["Relic"],"build_version":"2020-12-22","purchased_purges":0,"victory":false,"max_hp_per_floor":[75,75,75,75,75,75,75,75,75,75,75,75,75,75,75,75,75,75,75,75,77,79,79,79],"card_choices":[{"not_picked":["Auto Shields","Cold Snap"],"picked":"Ball Lightning","floor":1.0},{"not_picked":["Beam Cell","Cold Snap"],"picked":"Go for the Eyes","floor":2.0},{"not_picked":["Self Repair","Reinforced Body"],"picked":"Ball Lightning","floor":3.0},{"not_picked":["Redo","Aggregate"],"picked":"Biased Cognition","floor":4.0},{"not_picked":["Turbo","Go for the Eyes"],"picked":"Barrage","floor":5.0},{"not_picked":["Barrage","Doom and Gloom"],"picked":"Sweeping Beam","floor":11.0},{"not_picked":["Steam Power","Lockon"],"picked":"Steam","floor":12.0},{"not_picked":["Cold Snap","Rebound"],"picked":"Redo","floor":13.0},{"not_picked":["Doom and Gloom","Static Discharge"],"picked":"Conserve Battery","floor":14.0},{"not_picked":["All For One","Echo Form"],"picked":"Thunder Strike","floor":16.0},{"not_picked":["Defragment","Steam"],"picked":"Beam Cell+1","floor":18.0},{"not_picked":["Glacier","Redo"],"picked":"White Noise","floor":20.0},{"not_picked":["Gash+1","Hello World","Redo"],"picked":"Singing Bowl","floor":21.0},{"not_picked":["Turbo+1","Gash","Scrape"],"picked":"Singing Bowl","floor":22.0}],"player_experience":99316,"relics_obtained":[{"floor":9.0,"key":"Dream Catcher"},{"floor":12.0,"key":"The Courier"},{"floor":14.0,"key":"Singing Bowl"}],"event_choices":[{"cards_removed":["Strike_B"],"damage_healed":0.0,"max_hp_gain":0.0,"max_hp_loss":0.0,"gold_gain":0.0,"event_name":"Golden Wing","player_choice":"Card Removal","floor":7.0,"gold_loss":0.0,"damage_taken":7.0},{"damage_healed":0.0,"max_hp_gain":0.0,"max_hp_loss":0.0,"gold_gain":0.0,"cards_transformed":["Strike_B"],"event_name":"Living Wall","player_choice":"Change","floor":10.0,"gold_loss":0.0,"damage_taken":0.0,"cards_obtained":["Reboot"]},{"damage_healed":0.0,"max_hp_gain":0.0,"max_hp_loss":0.0,"gold_gain":0.0,"event_name":"Dead Adventurer","player_choice":"Searched \u00273\u0027 times","floor":13.0,"gold_loss":0.0,"damage_taken":0.0,"relics_obtained":["Akabeko"]},{"damage_healed":0.0,"max_hp_gain":0.0,"max_hp_loss":0.0,"gold_gain":0.0,"event_name":"Accursed Blacksmith","player_choice":"Rummage","floor":19.0,"gold_loss":0.0,"damage_taken":0.0,"relics_obtained":["WarpedTongs"],"cards_obtained":["Pain"]}],"is_beta":false,"boss_relics":[{"not_picked":["Cursed Key","Astrolabe"],"picked":"Nuclear Battery"}],"items_purged_floors":[],"is_endless":false,"potions_floor_spawned":[1,4,12,13,22],"killed_by":"Gremlin Leader","ascension_level":1}}