{"host":"df48i9djcn92c5sx","time":1613370988,"event":{"mods":["Act Like it!","Arknights","BaseMod","Decade(王小明)","Downfall","Gensokyo","Marisa（F雨　魔理沙）","Minty Spire (QoL Compilation)","READ ME - Guardian Mod","READ ME - Snecko Mod","Reimu（博丽灵梦）","Remilia（蕾米莉亚）","Shop Mod","StSLib","The Jungle","The Servant 0.9.4"],"gold_per_floor":[99,99,199,199,44,44,44,44,44,73,94,94,94,194,210,306,306,306,320,344,344,354,365,365,215,215,165,165,193,193,204,220,316,316,316,334,347,332,432,451,451,151,201,201,201,201,201,231,242,242,242,242],"floor_reached":50,"language":"ZHS","playtime":2192,"items_purged":[],"score":505,"play_id":"6e68a885-fa64-432e-af04-60b048e743aa","local_time":"20210215143628","is_ascension_mode":false,"campfire_choices":[{"data":"champ:Execute","floor":1.0,"key":"SMITH"},{"data":"champ:StrikeOfGenius","floor":9.0,"key":"SMITH"},{"data":"champ:Taunt","floor":12.0,"key":"SMITH"},{"data":"champ:IgnorePain","floor":18.0,"key":"SMITH"},{"data":"champ:HoldFirm","floor":30.0,"key":"SMITH"},{"floor":35.0,"key":"RECALL"},{"data":"champ:DancingMaster","floor":42,"key":"SMITH"},{"data":"champ:StanceDance","floor":44,"key":"SMITH"},{"data":"champ:AdrenalArmor","floor":46,"key":"SMITH"}],"circlet_count":0,"master_deck":["champ:Strike","champ:Strike","champ:Strike","champ:Defend","champ:Defend","champ:Defend","champ:Defend","champ:Execute+1","champ:Taunt+1","champ:DancingMaster+1","champ:StrikeOfGenius+1","champ:FlashCut+1","champ:FanOfKnives+1","champ:ShieldWall","champ:CalledShot","champ:IgnorePain+1","champ:StanceDance+1","expansioncontent:PolyBeam+1","champ:HoldFirm+1","champ:AdrenalArmor+1","champ:SteelEdge+1","champ:SetATrap+1","champ:IronFortress+1","champ:SwordThrow+1"],"relics":["champ:ChampionCrown","downfall:HeartsMalice","champ:BerserkersGuideToSlaughter","Molten Egg 2","Vajra","Odd Mushroom","Potion Belt","sneckomod:SneckoTalon","downfall:RedIOU","Guardian:PocketSentry","Runic Dome","Meat on the Bone","downfall:HeartBlessingRed","downfall:HeartBlessingGreen","downfall:HeartBlessingBlue","Calipers","Sundial"],"acts_visited":["Exordium","TheCity","TheBeyond"],"potions_floor_usage":[43,43,49,50,50],"damage_taken":[{"damage":0.0,"enemies":"2 Louse","floor":2.0,"turns":1.0},{"damage":0.0,"enemies":"downfall:FleeingMerchant","floor":5.0,"turns":1.0},{"damage":0.0,"enemies":"Jaw Worm","floor":8.0,"turns":1.0},{"damage":30.0,"enemies":"Gremlin Nob","floor":10.0,"turns":4.0},{"damage":10.0,"enemies":"The Mushroom Lair","floor":11.0,"turns":4.0},{"damage":0.0,"enemies":"Cultist","floor":13.0,"turns":1.0},{"damage":28.0,"enemies":"downfall:LadyInBlue","floor":14.0,"turns":8.0},{"damage":11.0,"enemies":"Large Slime","floor":15.0,"turns":3.0},{"damage":17.0,"enemies":"SI_SHIV_ARCHETYPE","floor":16.0,"turns":6.0},{"damage":11.0,"enemies":"Spheric Guardian","floor":19.0,"turns":4.0},{"damage":12.0,"enemies":"3 Byrds","floor":22.0,"turns":5.0},{"damage":47.0,"enemies":"Snake Plant","floor":23.0,"turns":6.0},{"damage":0.0,"enemies":"downfall:FleeingMerchant","floor":25.0,"turns":4.0},{"damage":34.0,"enemies":"Slavers","floor":29.0,"turns":5.0},{"damage":10.0,"enemies":"Shelled Parasite and Fungi","floor":31.0,"turns":4.0},{"damage":0.0,"enemies":"Centurion and Healer","floor":32.0,"turns":6.0},{"damage":46.0,"enemies":"WA_ARCHETYPE_CALM","floor":33.0,"turns":10.0},{"damage":5.0,"enemies":"3 Darklings","floor":36.0,"turns":6.0},{"damage":4.0,"enemies":"Orb Walker","floor":37.0,"turns":3.0},{"damage":5.0,"enemies":"downfall:FleeingMerchant","floor":38.0,"turns":4.0},{"damage":15,"enemies":"3 Darklings","floor":40,"turns":7},{"damage":24,"enemies":"2 Orb Walkers","floor":43,"turns":5},{"damage":42,"enemies":"Reptomancer","floor":48,"turns":6},{"damage":2,"enemies":"Jaw Worm Horde","floor":49,"turns":4},{"damage":86,"enemies":"IC_BLOCK_ARCHETYPE","floor":50,"turns":4}],"seed_played":"-4403022283918577283","potions_obtained":[{"floor":10.0,"key":"Guardian:BlockOnCardUsePotion"},{"floor":14.0,"key":"LiquidBronze"},{"floor":14.0,"key":"Guardian:BlockOnCardUsePotion"},{"floor":14.0,"key":"AttackPotion"},{"floor":14.0,"key":"ZuzhouPotion:ReiMu"},{"floor":15.0,"key":"Block Potion"},{"floor":19.0,"key":"champ:OpenerPotion"},{"floor":29.0,"key":"champ:TechniquePotion"},{"floor":33.0,"key":"Guardian:BlockOnCardUsePotion"},{"floor":37.0,"key":"SkillPotion"},{"floor":40,"key":"Dexterity Potion"},{"floor":48,"key":"SkillPotion"}],"is_trial":false,"path_per_floor":["R","M","?","?","$","?","T","M","R","E","?","R","M","?","M","B",null,"R","M","T","?","M","M","T","$","?","?","?","E","R","M","M","B",null,"R","M","M","$","?","M","T","R","?","R","?","R","?","E","M","B"],"character_chosen":"THE_CHAMP","items_purchased":["champ:BerserkersGuideToSlaughter","champ:StanceDance","expansioncontent:PolyBeam"],"campfire_rested":0,"item_purchase_floors":[5,25,25],"current_hp_per_floor":[90,90,90,90,90,90,90,90,90,80,75,75,75,67,56,54,90,90,90,90,90,78,51,51,51,51,84,84,60,60,50,60,44,90,90,90,86,90,90,90,90,100,76,76,76,76,76,61,71,0,0,0],"gold":242,"neow_bonus":"THREE_ENEMY_KILL","is_daily":false,"chose_seed":false,"campfire_upgraded":8,"win_rate":0.0,"timestamp":1613370988,"path_taken":["R","M","?","?","$","?","T","?","R","E","?","R","M","?","M","BOSS","R","M","?","?","M","M","T","$","?","?","?","E","R","M","M","BOSS","R","M","M","$","?","?","T","R","?","R","?","R","?","E","M","BOSS"],"items_purchased_type":["Relic","Card","Card"],"build_version":"2020-12-22","purchased_purges":0,"victory":false,"max_hp_per_floor":[90,90,90,90,90,90,90,90,90,90,90,90,90,90,90,90,90,90,90,90,90,90,90,90,90,90,90,90,90,90,90,90,90,90,90,90,90,90,90,90,90,100,100,100,100,100,100,100,100,100,100,100],"card_choices":[{"not_picked":["champ:PerfectedStrike","champ:EnGarde","champ:PreciseThrust"],"picked":"SKIP","floor":2.0},{"not_picked":["champ:AdrenalArmor","champ:CrookedStrike"],"picked":"champ:DancingMaster","floor":5.0},{"not_picked":["champ:BerserkersShout","champ:StanceDance"],"picked":"champ:FlashCut+1","floor":8.0},{"not_picked":["champ:Haymaker+1","champ:DefensiveShout"],"picked":"champ:FanOfKnives+1","floor":10.0},{"not_picked":["champ:HeartStrike+1","champ:Backstep"],"picked":"champ:ShieldWall","floor":13.0},{"not_picked":["champ:EnGarde","champ:Backstep"],"picked":"champ:CalledShot","floor":14.0},{"not_picked":["champ:PreemptiveStrike+1","champ:EnGarde","champ:PerfectedStrike+1"],"picked":"SKIP","floor":15.0},{"not_picked":["champ:HeavySlash+1","champ:MurderStrike+1"],"picked":"champ:IgnorePain","floor":16.0},{"not_picked":["champ:EnGarde","champ:Backstep","champ:Endure"],"picked":"SKIP","floor":19.0},{"not_picked":["champ:Haymaker+1","champ:CrownThrow+1","champ:GutPunch+1"],"picked":"SKIP","floor":22.0},{"not_picked":["champ:CrownThrow+1","champ:RecklessLeap+1","champ:PreciseThrust+1"],"picked":"SKIP","floor":23.0},{"not_picked":["champ:StanceDance","champ:PreemptiveStrike+1","champ:FalseCounter"],"picked":"SKIP","floor":25.0},{"not_picked":["champ:CrownThrow+1","champ:BringItOn"],"picked":"champ:HoldFirm","floor":29.0},{"not_picked":["champ:PreciseThrust+1","champ:Haymaker+1"],"picked":"champ:AdrenalArmor","floor":31.0},{"not_picked":["champ:DeathBlow+1","champ:Lariat","champ:EndlessRage+1"],"picked":"SKIP","floor":32.0},{"not_picked":["champ:HeavySlash+1","champ:DancingMaster"],"picked":"champ:SteelEdge+1","floor":33.0},{"not_picked":["champ:FanOfKnives+1","champ:StanceDance+1","champ:Backstep"],"picked":"SKIP","floor":36.0},{"not_picked":["champ:DefensiveShout","champ:FalseCounter+1"],"picked":"champ:SetATrap+1","floor":37.0},{"not_picked":["champ:DefensiveShout","champ:Endure+1","champ:AdrenalArmor+1"],"picked":"SKIP","floor":38},{"not_picked":["champ:CrownThrow+1","champ:Circumvent+1"],"picked":"champ:IronFortress+1","floor":40},{"not_picked":["champ:AdrenalArmor","champ:EnGarde"],"picked":"champ:SwordThrow+1","floor":48},{"not_picked":["champ:DefensiveShout+1","champ:ArenaPreparation","champ:TornadoPunch+1"],"picked":"SKIP","floor":49}],"player_experience":1554914,"relics_obtained":[{"floor":7.0,"key":"Molten Egg 2"},{"floor":10.0,"key":"Vajra"},{"floor":11.0,"key":"Odd Mushroom"},{"floor":14.0,"key":"Potion Belt"},{"floor":20.0,"key":"Juzu Bracelet"},{"floor":29.0,"key":"Guardian:PocketSentry"},{"floor":41,"key":"Meat on the Bone"},{"floor":43,"key":"Calipers"},{"floor":48,"key":"Sundial"}],"event_choices":[{"damage_healed":0.0,"max_hp_gain":0.0,"max_hp_loss":0.0,"gold_gain":0.0,"event_name":"Mushrooms","player_choice":"Fought Mushrooms","floor":11.0,"gold_loss":0.0,"damage_taken":0.0},{"damage_healed":0,"gold_gain":0,"player_choice":"Fight","damage_taken":0,"max_hp_gain":0,"max_hp_loss":0,"event_name":"Mysterious Sphere","floor":43,"gold_loss":0}],"is_beta":false,"boss_relics":[{"not_picked":["RedLine:ReiMu","Runic Pyramid"],"picked":"sneckomod:SneckoTalon"},{"not_picked":["champ:ChampionCrownUpgraded","Snecko Eye"],"picked":"Runic Dome"}],"items_purged_floors":[],"is_endless":false,"potions_floor_spawned":[10,14,15,19,29,33,37,40,48],"killed_by":"IC_BLOCK_ARCHETYPE","ascension_level":0}}