{"host":"imuivj26agbrliq2","time":1613366524,"event":{"mods":["AchievementEnabler","Act Like it!","Aspiration","BaseMod","Colored Map","Colored Powertips","Dota2Spire","Friendly Minions","Gensokyo","GifTheSpireLib","Hallownest","Hermit","Highlight Path","KinomotoSakuraMod(木之本樱)","Koishi","Lobotomy","LobotomyExtend","Marisa（F雨　魔理沙）","Minty Spire (QoL Compilation)","Quick Restart","Rare Cards Sparkle","Relic Stats","Remilia（蕾米莉亚）","Replay The Spire","RumiaBox-露米娅的神秘盒子","Spicy Shops","StSLib","The Administrix","The Animator","The Blackbeard","The Bug Knight","The Cursed","The Hierophant","The Mystic","The Runesmith","The Servant 0.9.4","Yakumo Yukari mod","Youmu（魂魄妖梦）","Yuyuko","【功能Mod】混沌之环修复补丁","【功能Mod】聪明的最终Boss"],"gold_per_floor":[111,129,129,139,64,90,17,36,84,112,112,135,135,135,135,135,135,135],"floor_reached":16,"language":"ZHS","playtime":1434,"items_purged":[],"score":158,"play_id":"57f1aa9d-1993-41f1-bb24-d5205db65a3a","local_time":"20210215132204","is_ascension_mode":false,"campfire_choices":[{"floor":11,"key":"RECALL"},{"data":"blackbeard:BeatUp","floor":13,"key":"SMITH"},{"floor":15,"key":"REST"}],"circlet_count":0,"master_deck":["blackbeard:BlackbeardStrike","blackbeard:BlackbeardStrike","blackbeard:IntimidatingStrike+1","blackbeard:BlackbeardDefend","blackbeard:BlackbeardDefend","blackbeard:BlackbeardDefend","blackbeard:Shrapnel","blackbeard:Sword","Calculated Gamble","Grand Finale","Distraction+1","blackbeard:BeatUp+1","blackbeard:Dagger","blackbeard:DeadlyArsenal+1","blackbeard:RearmingStrike","blackbeard:AgileStrike","Prepared"],"relics":["blackbeard:LoadTheCannons","aspiration:Nostalgia","m_SnakeCloak","LetterFromLob","Hallownest:BankAccountRelic","blackbeard:WhitePearl","blackbeard:CannonballsOfSteel","Ccalipers","Moonlight_r"],"acts_visited":["Hallownest:Greenpath"],"potions_floor_usage":[8,16,16,16],"damage_taken":[{"damage":0.0,"enemies":"Hallownest:2_MossCreeps","floor":1.0,"turns":6.0},{"damage":0.0,"enemies":"Hallownest:2_Tiktiks_and_1_Crawlid","floor":2.0,"turns":2.0},{"damage":0.0,"enemies":"Hallownest:2_Baldur","floor":4.0,"turns":2.0},{"damage":0.0,"enemies":"Hallownest:eliteMossKnight","floor":6.0,"turns":2.0},{"damage":3,"enemies":"Hallownest:MossCreep_and_Mosskin","floor":8,"turns":3},{"damage":0,"enemies":"Hallownest:eliteCrystalGuardian","floor":10,"turns":3},{"damage":68,"enemies":"Hallownest:BossHornet","floor":16,"turns":7}],"seed_played":"-7682019186029604439","potions_obtained":[{"floor":1.0,"key":"Adrenaline Potion"},{"floor":4.0,"key":"Weak Potion"},{"floor":6.0,"key":"blackbeard:RumPotion"},{"floor":8,"key":"Dota2Spire:HealingSalve"}],"is_trial":false,"path_per_floor":["M","M","?","M","?","E","$","M","T","E","R","T","R","?","R","B"],"character_chosen":"BLACKBEARD_CLASS","items_purchased":["blackbeard:DeadlyArsenal+1","blackbeard:RearmingStrike"],"campfire_rested":1,"item_purchase_floors":[7,7],"current_hp_per_floor":[75,75,75,75,75,75,75,72,72,72,72,72,72,31,53,0,0,0],"gold":135,"neow_bonus":"NOSTALGIA","is_daily":false,"chose_seed":false,"campfire_upgraded":1,"win_rate":0.0,"timestamp":1613366524,"path_taken":["M","M","?","?","?","E","?","M","T","E","R","?","R","?","R","BOSS"],"items_purchased_type":["Card","Card"],"build_version":"2020-12-22","purchased_purges":0,"victory":false,"max_hp_per_floor":[75,75,75,75,75,75,75,75,75,75,75,75,75,75,75,75,75,75],"relic_stats":{"counters":[7,25],"obtain_stats":[{"m_SnakeCloak":0,"Moonlight_r":14,"aspiration:Nostalgia":0,"Hallownest:BankAccountRelic":5,"Ccalipers":12,"blackbeard:LoadTheCannons":0,"blackbeard:CannonballsOfSteel":10,"LetterFromLob":1,"blackbeard:WhitePearl":6},{"m_SnakeCloak":0,"Moonlight_r":6,"aspiration:Nostalgia":0,"Hallownest:BankAccountRelic":3,"Ccalipers":6,"blackbeard:LoadTheCannons":0,"blackbeard:CannonballsOfSteel":6,"LetterFromLob":1,"blackbeard:WhitePearl":4},{"m_SnakeCloak":0,"Moonlight_r":18,"aspiration:Nostalgia":0,"Hallownest:BankAccountRelic":10,"Ccalipers":18,"blackbeard:LoadTheCannons":0,"blackbeard:CannonballsOfSteel":18,"LetterFromLob":6,"blackbeard:WhitePearl":12}]},"card_choices":[{"not_picked":["Prepared","blackbeard:DoubleCannonball"],"picked":"blackbeard:Shrapnel","floor":1.0},{"not_picked":["blackbeard:Anchor","blackbeard:ChaoticDefense"],"picked":"blackbeard:Sword","floor":2.0},{"not_picked":["Dagger Throw","blackbeard:Salvager"],"picked":"blackbeard:BeatUp","floor":4.0},{"not_picked":["blackbeard:Lifeboat","blackbeard:Shrapnel"],"picked":"blackbeard:Dagger","floor":6.0},{"not_picked":["blackbeard:Shrapnel","blackbeard:Bandana"],"picked":"blackbeard:AgileStrike","floor":8},{"not_picked":["blackbeard:Lifeboat","blackbeard:Dagger"],"picked":"Prepared","floor":10}],"player_experience":46791,"relics_obtained":[{"floor":1.0,"key":"LetterFromLob"},{"floor":6.0,"key":"blackbeard:WhitePearl"},{"floor":10,"key":"blackbeard:CannonballsOfSteel"},{"floor":12,"key":"Ccalipers"}],"event_choices":[],"is_beta":false,"boss_relics":[],"items_purged_floors":[],"is_endless":false,"potions_floor_spawned":[1,4,6,8],"killed_by":"Hallownest:BossHornet","ascension_level":0}}