{"host":"ef1z5cliz73xsl4k","time":1613377375,"event":{"mods":["Aspiration","BaseMod","Colored Map","Colored Powertips","Conspire","Decade(王小明)","Downfall","GifTheSpireLib","Gremlin Mod","GungeonMod","Hermit","Hunter 猎人","Infinite Spire","Jedi Mod","KomeijiMod","Minty Spire (QoL Compilation)","READ ME - Guardian Mod","Replay The Spire","Robot Space Explorer","Shop Mod","StSLib","The Bladedancer","The Bug Knight","The Construct","The Cursed","The Death Knight","The Dragon Tamer","The Hierophant","The Jungle","The Marked","The Poker Player","The Runesmith","The Showman","UnlockEverythingMod","[IsaacMod]以撒尖塔"],"gold_per_floor":[109,109,109,109,125,125,125],"floor_reached":6,"language":"ZHS","playtime":227,"items_purged":[],"score":68,"play_id":"c32e028a-98b1-48ca-827d-30338012fa90","local_time":"20210215162255","is_ascension_mode":true,"campfire_choices":[],"circlet_count":0,"master_deck":["AscendersBane","Strike_R","Strike_R","Strike_R","Strike_R","Strike_R","Defend_R","Defend_R","Defend_R","Defend_R","Bash","Anger","Pommel Strike"],"relics":["Burning Blood","HushsDoor","Damocles","DoctorsRemote","HornCleat","HollowMod:PaleOreRelic"],"acts_visited":["Exordium"],"potions_floor_usage":[],"damage_taken":[{"damage":7,"enemies":"Small Slimes","floor":1,"turns":4},{"damage":12,"enemies":"conspire:RoseBush","floor":5,"turns":3},{"damage":14,"enemies":"Replay:BlueRogue","floor":6,"turns":3}],"seed_played":"3564182445980796759","potions_obtained":[],"is_trial":false,"path_per_floor":["M","?","$","?","M","E"],"character_chosen":"IRONCLAD","items_purchased":[],"campfire_rested":0,"item_purchase_floors":[],"current_hp_per_floor":[74,48,48,48,42,0,0],"gold":125,"neow_bonus":"TEN_PERCENT_HP_BONUS","is_daily":false,"chose_seed":false,"campfire_upgraded":0,"win_rate":0.0,"timestamp":1613377375,"path_taken":["M","?","$","?","?","E"],"items_purchased_type":[],"build_version":"2020-12-22","purchased_purges":0,"victory":false,"max_hp_per_floor":[82,82,82,82,82,82,82],"card_choices":[{"not_picked":["DemoMod:BlackBlade","jedi:suffering"],"picked":"Anger","floor":1},{"not_picked":["Bomb","ReplayTheSpireMod:Strike From Hell"],"picked":"Pommel Strike","floor":5}],"player_experience":49022,"relics_obtained":[{"floor":1,"key":"DoctorsRemote"},{"floor":5,"key":"HollowMod:PaleOreRelic"}],"event_choices":[{"damage_healed":0,"gold_gain":0,"player_choice":"Success","damage_taken":26,"relics_obtained":["HornCleat"],"max_hp_gain":0,"max_hp_loss":0,"event_name":"Scrap Ooze","floor":2,"gold_loss":0},{"damage_healed":0,"gold_gain":0,"player_choice":"Ignored","damage_taken":0,"max_hp_gain":0,"max_hp_loss":0,"event_name":"Shining Light","floor":4,"gold_loss":0}],"is_beta":false,"boss_relics":[],"items_purged_floors":[],"is_endless":false,"potions_floor_spawned":[],"killed_by":"Replay:BlueRogue","ascension_level":20}}