{"host":"ymmeoa1x24ihslbm","time":1613378318,"event":{"mods":["AchievementEnabler","BaseMod","Colored Map","Colored Powertips","Defuse TimeMaze Blight","Highlight Path","Minty Spire (QoL Compilation)","Permanent Neow","Quick Restart","StSLib","Unceasing Turn Reminder"],"gold_per_floor":[116,191,191,212,35,35,35,35,62,75,106,120,120,134,134,134,134],"floor_reached":16,"language":"ENG","playtime":594,"items_purged":[],"score":175,"play_id":"4f94fc13-0d9c-4f5c-b6d4-d0f8377b5abd","local_time":"20210215093838","is_ascension_mode":true,"campfire_choices":[{"data":"Dramatic Entrance","floor":6,"key":"SMITH"},{"data":"Neutralize","floor":8,"key":"SMITH"},{"data":"Survivor","floor":13,"key":"SMITH"},{"data":"Quick Slash","floor":15,"key":"SMITH"}],"circlet_count":0,"master_deck":["AscendersBane","Strike_G","Strike_G","Strike_G","Strike_G","Defend_G","Defend_G","Defend_G","Defend_G","Defend_G","Survivor+1","Neutralize+1","Dramatic Entrance+1","Quick Slash+1","Dagger Throw","Dodge and Roll","Slice","After Image","Finisher"],"relics":["Ring of the Snake","Golden Idol","Sling","Vajra","Dream Catcher"],"acts_visited":["Exordium"],"potions_floor_usage":[16,16],"damage_taken":[{"damage":2,"enemies":"2 Louse","floor":1,"turns":3},{"damage":0,"enemies":"Small Slimes","floor":4,"turns":3},{"damage":0,"enemies":"Cultist","floor":10,"turns":3},{"damage":1,"enemies":"3 Sentries","floor":11,"turns":4},{"damage":0,"enemies":"2 Fungi Beasts","floor":12,"turns":1},{"damage":0,"enemies":"Exordium Thugs","floor":14,"turns":3},{"damage":24,"enemies":"Hexaghost","floor":16,"turns":14}],"seed_played":"-3605234138194337993","potions_obtained":[{"floor":10,"key":"Weak Potion"},{"floor":11,"key":"Dexterity Potion"},{"floor":14,"key":"ColorlessPotion"}],"is_trial":false,"path_per_floor":["M","?","?","M","$","R","?","R","T","M","E","M","R","M","R","B"],"character_chosen":"THE_SILENT","items_purchased":["Sling","Dagger Throw"],"campfire_rested":0,"item_purchase_floors":[5,5],"current_hp_per_floor":[57,46,23,23,23,23,23,23,23,23,22,22,22,22,22,0,0],"gold":134,"neow_bonus":"RANDOM_COLORLESS","is_daily":false,"chose_seed":false,"campfire_upgraded":4,"win_rate":0.0,"timestamp":1613378318,"path_taken":["M","?","?","M","$","R","?","R","T","?","E","M","R","M","R","BOSS"],"items_purchased_type":["Relic","Card"],"build_version":"2020-12-22","purchased_purges":0,"victory":false,"max_hp_per_floor":[66,66,66,66,66,66,66,66,66,66,66,66,66,66,66,66,66],"card_choices":[{"not_picked":["Impatience","Forethought"],"picked":"Dramatic Entrance","floor":0},{"not_picked":["Slice","Crippling Poison"],"picked":"Quick Slash","floor":1},{"not_picked":["Bane","Expertise","Cloak And Dagger"],"picked":"SKIP","floor":4},{"not_picked":["Catalyst","Caltrops"],"picked":"Slice","floor":10},{"not_picked":["Bane","Backflip"],"picked":"After Image","floor":11},{"not_picked":["Bane","Slice"],"picked":"Finisher","floor":12},{"not_picked":["Sucker Punch","Outmaneuver","Dodge and Roll"],"picked":"SKIP","floor":14}],"player_experience":593312,"relics_obtained":[{"floor":9,"key":"Vajra"},{"floor":11,"key":"Dream Catcher"}],"event_choices":[{"damage_healed":0,"gold_gain":75,"player_choice":"Gather Gold","damage_taken":11,"max_hp_gain":0,"max_hp_loss":0,"event_name":"World of Goop","floor":2,"gold_loss":0},{"damage_healed":0,"gold_gain":0,"player_choice":"Take Damage","damage_taken":23,"relics_obtained":["Golden Idol"],"max_hp_gain":0,"max_hp_loss":0,"event_name":"Golden Idol","floor":3,"gold_loss":0},{"damage_healed":0,"gold_gain":0,"cards_transformed":["Strike_G"],"player_choice":"Transformed","damage_taken":0,"max_hp_gain":0,"max_hp_loss":0,"event_name":"Transmorgrifier","floor":7,"gold_loss":0,"cards_obtained":["Dodge and Roll"]}],"is_beta":false,"boss_relics":[],"items_purged_floors":[],"is_endless":false,"potions_floor_spawned":[10,11,14],"killed_by":"Hexaghost","ascension_level":15}}