{"host":"1lwxixhv2lzh5ag1","time":1613352222,"event":{"mods":["AchievementEnabler","BaseMod","Bestiary","Better Altar","Better Match","Better Note","Better Sensory Stone","Better Silent Start","Better Skull","Better Third Choice","BetterRewards","Colored Map","Colored Powertips","DeckTracker","Displayed Cursed Tome","Downfall","Fox Events","Hubris","Minty Spire (QoL Compilation)","Permanent Neow","Relic Stats","Reliquary","Replay The Spire","Spire Arcade","StSLib","Td1madao Mod","The Blue Laboratory","Uncapped","Waifu the Spire"],"gold_per_floor":[111,111,111,121,85,114,114,114,114,114,127,146,157,170,170,170,170],"floor_reached":16,"language":"ENG","playtime":734,"items_purged":[],"score":104,"play_id":"400f5141-9e17-4c31-9c37-34ea21a6df99","local_time":"20210214202342","is_ascension_mode":false,"campfire_choices":[{"floor":7,"key":"REST"},{"floor":15,"key":"REST"}],"circlet_count":0,"master_deck":["Strike_R","Strike_R","Strike_R","Strike_R","Defend_R","Defend_R","Defend_R","Defend_R","Bash","Shame","Iron Wave","Pommel Strike","Rage","Burning Pact","Inflame","Clumsy","hubris:SharpeningStone","Iron Wave","Whirlwind","Pummel"],"relics":["Burning Blood","hubris:64BitClover","hubris:Icosahedron","Replay:Wax Seal","Pantograph","Bottled Flame"],"acts_visited":["Exordium"],"potions_floor_usage":[6,12,16],"damage_taken":[{"damage":5,"enemies":"Small Slimes","floor":1,"turns":4},{"damage":10,"enemies":"2 Louse","floor":4,"turns":3},{"damage":10,"enemies":"Cultist","floor":5,"turns":4},{"damage":49,"enemies":"Lagavulin","floor":6,"turns":8},{"damage":10,"enemies":"3 Louse","floor":11,"turns":4},{"damage":32,"enemies":"2 Fungi Beasts","floor":12,"turns":6},{"damage":14,"enemies":"Blue Slaver","floor":13,"turns":5},{"damage":11,"enemies":"Exordium Wildlife","floor":14,"turns":3},{"damage":94,"enemies":"Slime Boss","floor":16,"turns":8}],"seed_played":"-4989425257469942995","potions_obtained":[{"floor":4,"key":"blueLaboratory:HorrorPotion"},{"floor":5,"key":"Toxic Potion"},{"floor":11,"key":"blueLaboratory:FruitPreserves"},{"floor":13,"key":"blueLaboratory:HorrorPotion"}],"is_trial":false,"path_per_floor":["M","?","?","M","M","E","R","?","T","$","M","M","M","M","R","B"],"character_chosen":"IRONCLAD","items_purchased":[],"campfire_rested":2,"item_purchase_floors":[],"current_hp_per_floor":[80,80,80,76,72,29,53,60,60,60,56,49,41,36,62,0,0],"gold":170,"neow_bonus":"ONE_RARE_RELIC","is_daily":false,"chose_seed":false,"campfire_upgraded":0,"win_rate":0.0,"timestamp":1613352222,"path_taken":["M","?","?","?","M","E","R","?","T","$","M","M","M","M","R","BOSS"],"items_purchased_type":[],"build_version":"2020-12-22","purchased_purges":0,"victory":false,"max_hp_per_floor":[80,80,80,80,80,80,80,87,87,87,87,87,87,87,87,87,87],"relic_stats":{"counters":[9,45],"Pantograph":25,"obtain_stats":[{"Bottled Flame":14,"hubris:Icosahedron":2,"hubris:64BitClover":0,"Pantograph":9,"Replay:Wax Seal":6,"Burning Blood":0},{"Bottled Flame":8,"hubris:Icosahedron":1,"hubris:64BitClover":0,"Pantograph":4,"Replay:Wax Seal":4,"Burning Blood":0},{"Bottled Flame":37,"hubris:Icosahedron":4,"hubris:64BitClover":0,"Pantograph":19,"Replay:Wax Seal":19,"Burning Blood":0}],"Burning Blood":47},"card_choices":[{"not_picked":["ReplayReversal","Whirlwind"],"picked":"Iron Wave","floor":1},{"not_picked":["Armaments","True Grit"],"picked":"Rage","floor":4},{"not_picked":["Clothesline","True Grit"],"picked":"Burning Pact","floor":5},{"not_picked":["Carnage","ReplayTheSpireMod:Muscle Training"],"picked":"Inflame","floor":6},{"not_picked":["hubris:ReadiedAction","Replay:Undeath\u0027s Touch"],"picked":"hubris:SharpeningStone","floor":11},{"not_picked":["Run Through","Armaments"],"picked":"Iron Wave","floor":12},{"not_picked":["Reaper","ReplayReversal"],"picked":"Whirlwind","floor":13},{"not_picked":["Clothesline","Reckless Charge"],"picked":"Pummel","floor":14}],"player_experience":27980,"relics_obtained":[{"floor":6,"key":"Replay:Wax Seal"},{"floor":9,"key":"Pantograph"},{"floor":14,"key":"Bottled Flame"}],"event_choices":[{"damage_healed":0,"gold_gain":0,"cards_transformed":["Strike_R"],"player_choice":"Transformed","damage_taken":0,"max_hp_gain":0,"max_hp_loss":0,"event_name":"Transmorgrifier","floor":3,"gold_loss":0,"cards_obtained":["Pommel Strike"]}],"is_beta":false,"boss_relics":[],"items_purged_floors":[],"is_endless":false,"potions_floor_spawned":[4,5,11,12,13],"killed_by":"Slime Boss","ascension_level":0}}