{"host":"d6ni0fvdmr494qs7","time":1613369152,"event":{"mods":["ATMod(°¢èªMod)","BaseMod","Colored Powertips","Minty Spire (QoL Compilation)","Replay The Spire","Spicy Shops","StSLib","The Blue Laboratory","¡¾ÒÅÎï¿¨ÅÆ¡¿REMEMod"],"gold_per_floor":[114,189,114,114,114,144,159,174,199,229,229,259,259,209,209,309,309,324,74,74,74,74,104,104,104,179,209,209,209,209,239,239,339,339,354,354,369,369,19,49,49,49,74,74,104,119,44,74,74,74],"floor_reached":51,"language":"ZHS","playtime":2106,"items_purged":["Strike_R","Strike_R","Strike_R","Armaments+1"],"score":1324,"play_id":"f0b016a3-c91c-441a-a82c-d16925a73bb0","local_time":"20210215140552","daily_mods":["Heirloom","Flight","Night Terrors"],"is_ascension_mode":false,"campfire_choices":[{"data":"AT_MyraUnstableElement","floor":11.0,"key":"SMITH"},{"data":"Crow Ritual","floor":13.0,"key":"SMITH"},{"data":"Armaments","floor":15.0,"key":"SMITH"},{"data":"REME_ACTH","floor":24,"key":"SMITH"},{"data":"AT_ShrugMaster","floor":29,"key":"SMITH"},{"data":"AT_EmpoweredMortalDraw","floor":30,"key":"SMITH"},{"data":"AT_EmpoweredMortalDraw","floor":32,"key":"SMITH"},{"data":"REME_ACTH","floor":41,"key":"SMITH"},{"data":"AT_GerminateFire","floor":42,"key":"SMITH"},{"data":"Defend_R","floor":44,"key":"SMITH"}],"circlet_count":0,"master_deck":["Strike_R+1","Strike_R+1","Defend_R+1","Defend_R+1","Defend_R+1","Crow Ritual+1","AT_MyraUnstableElement+1","AT_GerminateFire+1","REME_ACTH+1","AT_EmpoweredMortalDraw+1","AT_EmpoweredMortalDraw+1","AT_ShrugMaster+1","REME_ACTH+1","True Grit+1"],"relics":["Burning Blood","AT_ATBox","REME_ComplimentaryCards","TungstenRod","MealTicket","Art of War","PreservedInsect","Regal Pillow","StrikeDummy","AT_MortalBlade","DollysMirror","Gremlin Food","MutagenicStrength","Mirror","King of Hearts","Ancient Tea Set","Letter Opener","Coffee Dripper","Membership Card","Whetstone","Bronze Scales","AT_BladeRuinedKing","AT_TimeSand","REME_IWantAll"],"acts_visited":["Exordium","TheCity","TheBeyond"],"potions_floor_usage":[50],"damage_taken":[{"damage":1.0,"enemies":"2 Louse","floor":1.0,"turns":4.0},{"damage":12.0,"enemies":"Lagavulin","floor":6.0,"turns":5.0},{"damage":0.0,"enemies":"Jaw Worm","floor":7.0,"turns":5.0},{"damage":0.0,"enemies":"Cultist","floor":8.0,"turns":5.0},{"damage":6.0,"enemies":"3 Sentries","floor":10.0,"turns":11.0},{"damage":14.0,"enemies":"Lagavulin","floor":12.0,"turns":10.0},{"damage":0.0,"enemies":"Slime Boss","floor":16.0,"turns":4.0},{"damage":0.0,"enemies":"Spheric Guardian","floor":18.0,"turns":2.0},{"damage":17,"enemies":"Slavers","floor":23,"turns":2},{"damage":13,"enemies":"Book of Stabbing","floor":27,"turns":3},{"damage":0,"enemies":"Slavers","floor":31,"turns":1},{"damage":0,"enemies":"Pondfish","floor":33,"turns":5},{"damage":0,"enemies":"3 Shapes","floor":35,"turns":1},{"damage":0,"enemies":"3 Darklings","floor":37,"turns":1},{"damage":0,"enemies":"R_Hoarder","floor":40,"turns":4},{"damage":0,"enemies":"Reptomancer","floor":45,"turns":2},{"damage":0,"enemies":"Sphere and 2 Shapes","floor":46,"turns":1},{"damage":6,"enemies":"R_Hoarder","floor":48,"turns":4},{"damage":18,"enemies":"Donu and Deca","floor":50,"turns":2}],"seed_played":"5535013652570512859","potions_obtained":[{"floor":1.0,"key":"Energy Potion"},{"floor":7.0,"key":"DistilledChaos"},{"floor":12.0,"key":"blueLaboratory:ExaltedPotion"},{"floor":31,"key":"Dexterity Potion"},{"floor":37,"key":"blueLaboratory:PhilterOfMotion"}],"is_trial":false,"path_per_floor":["M","?","$","?","T","E","M","M","T","E","R","E","R","?","R","B",null,"M","$","?","?","?","E","R","?","T","E","T","R","R","E","R","B",null,"M","?","M","?","$","E","R","R","T","R","E","M","$","E","R","B",null],"character_chosen":"IRONCLAD","items_purchased":["DollysMirror","Membership Card","Whetstone"],"campfire_rested":0,"item_purchase_floors":[19,39,39],"current_hp_per_floor":[80,70,70,55,55,49,55,61,61,61,61,53,53,53,53,59,80,80,80,80,80,80,69,69,69,69,62,62,62,62,68,68,74,80,80,80,80,80,80,80,80,80,80,80,80,80,80,80,80,68],"gold":74,"neow_bonus":"","is_daily":true,"chose_seed":false,"campfire_upgraded":10,"win_rate":0.0,"timestamp":1613369152,"path_taken":["M","?","?","?","?","E","?","?","T","E","R","E","R","?","R","BOSS","M","$","?","?","?","E","R","?","T","E","?","R","R","E","R","BOSS","M","?","?","?","$","E","R","R","T","R","E","?","$","E","R","BOSS"],"items_purchased_type":["Relic","Relic","Relic"],"build_version":"2020-12-22","purchased_purges":4,"victory":true,"max_hp_per_floor":[80,80,80,80,80,80,80,80,80,80,80,80,80,80,80,80,80,80,80,80,80,80,80,80,80,80,80,80,80,80,80,80,80,80,80,80,80,80,80,80,80,80,80,80,80,80,80,80,80,80],"card_choices":[{"not_picked":["Replay:Undeath\u0027s Touch","Pommel Strike","True Grit"],"picked":"SKIP","floor":1.0},{"not_picked":["Clothesline","REME_Scribble","AT_IchimonjiDouble"],"picked":"SKIP","floor":6.0},{"not_picked":["Clothesline","Headbutt","REME_SingleHolding"],"picked":"SKIP","floor":7.0},{"not_picked":["AT_GerminateFire","Thunderclap"],"picked":"Armaments","floor":8.0},{"not_picked":["Bludgeon","Wild Strike"],"picked":"AT_GerminateFire","floor":10.0},{"not_picked":["AT_IchimonjiDouble","Warcry","Sword Boomerang"],"picked":"SKIP","floor":12.0},{"not_picked":["Replay:Many Hands","Eclipse"],"picked":"REME_ACTH","floor":16.0},{"not_picked":["Replay:Undeath\u0027s Touch","Spot Weakness+1","Havoc"],"picked":"SKIP","floor":18.0},{"not_picked":["Abandon","Heavy Blade","Massacre"],"picked":"SKIP","floor":23},{"not_picked":["Rage","Armaments","Whirlwind+1"],"picked":"SKIP","floor":27},{"not_picked":["Heavy Blade","Thunderclap","REME_TheLastStrike"],"picked":"SKIP","floor":31},{"not_picked":["Hemogenesis","Replay:Many Hands"],"picked":"REME_ACTH","floor":33},{"not_picked":["Power Through+1","Havoc+1","Iron Wave+1"],"picked":"SKIP","floor":35},{"not_picked":["AT_BodySlamDance+1","Clothesline","Body Slam"],"picked":"SKIP","floor":37},{"not_picked":["Warcry","Rupture+1","Anger+1"],"picked":"SKIP","floor":40},{"not_picked":["Intimidate+1","AT_BodySlamDance","Cleave"],"picked":"SKIP","floor":45},{"not_picked":["AT_IchimonjiDouble","Havoc","AT_DiedThrough"],"picked":"SKIP","floor":46},{"not_picked":["Immolate","ReplayTheSpireMod:Stacked+1"],"picked":"True Grit+1","floor":48}],"player_experience":203642,"relics_obtained":[{"floor":5.0,"key":"MealTicket"},{"floor":6.0,"key":"Art of War"},{"floor":9.0,"key":"PreservedInsect"},{"floor":10.0,"key":"Regal Pillow"},{"floor":12.0,"key":"StrikeDummy"},{"floor":23,"key":"Gremlin Food"},{"floor":26,"key":"Mirror"},{"floor":27,"key":"King of Hearts"},{"floor":28,"key":"Ancient Tea Set"},{"floor":31,"key":"Letter Opener"},{"floor":40,"key":"Bronze Scales"},{"floor":43,"key":"AT_BladeRuinedKing"},{"floor":45,"key":"AT_TimeSand"},{"floor":48,"key":"REME_IWantAll"}],"event_choices":[{"damage_healed":0.0,"max_hp_gain":0.0,"max_hp_loss":0.0,"gold_gain":75.0,"event_name":"World of Goop","player_choice":"Gather Gold","floor":2.0,"gold_loss":0.0,"damage_taken":11.0},{"damage_healed":0.0,"max_hp_gain":0.0,"max_hp_loss":0.0,"gold_gain":0.0,"event_name":"Shining Light","player_choice":"Entered Light","floor":4.0,"gold_loss":0.0,"damage_taken":16.0,"cards_upgraded":["Defend_R","Defend_R"]},{"cards_removed":["Defend_R"],"damage_healed":0.0,"max_hp_gain":0.0,"max_hp_loss":0.0,"gold_gain":0.0,"event_name":"The Cleric","player_choice":"Card Removal","floor":14.0,"gold_loss":50.0,"damage_taken":0.0},{"damage_healed":0.0,"max_hp_gain":0.0,"max_hp_loss":0.0,"gold_gain":0.0,"event_name":"Ghosts","player_choice":"Ignored","floor":20.0,"gold_loss":0.0,"damage_taken":0.0},{"damage_healed":0.0,"max_hp_gain":0.0,"max_hp_loss":0.0,"gold_gain":0.0,"event_name":"The Library","player_choice":"Read","floor":21.0,"gold_loss":0.0,"damage_taken":0.0,"cards_obtained":["AT_ShrugMaster"]},{"damage_healed":0,"gold_gain":0,"player_choice":"Inject Mutagens","damage_taken":0,"relics_obtained":["MutagenicStrength"],"max_hp_gain":0,"max_hp_loss":0,"event_name":"Drug Dealer","floor":25,"gold_loss":0},{"cards_removed":["Bash"],"damage_healed":0,"gold_gain":0,"player_choice":"Purged","damage_taken":0,"max_hp_gain":0,"max_hp_loss":0,"event_name":"Purifier","floor":36,"gold_loss":0},{"damage_healed":0,"gold_gain":0,"player_choice":"0 cards matched","damage_taken":0,"max_hp_gain":0,"max_hp_loss":0,"event_name":"Match and Keep!","floor":38,"gold_loss":0,"cards_obtained":[]}],"is_beta":false,"boss_relics":[{"not_picked":["Replay:Ancient Bell","Snecko Eye"],"picked":"AT_MortalBlade"},{"not_picked":["Painkiller Herb","AT_TrinityForce"],"picked":"Coffee Dripper"}],"items_purged_floors":[3,19,39,47],"is_endless":false,"potions_floor_spawned":[1,7,12,31,37,45],"ascension_level":0}}