{"host":"5dk97cf2ubw2v967","time":1613389690,"event":{"mods":["AlwaysNeverKeys","BaseMod","Better Altar","Better Vampires","Block Reminder","Card Filter","Colored Powertips","Downfall","Googly Eyes","Highlight Path","Minty Spire (QoL Compilation)","Permanent Neow","Potion Indicator Mod","Quick Restart","Relic Filter","Relic Stats","Say the Spire","Spicy Shops","StSLib","Waifu the Spire","everything is the same but u backflip on backflip"],"gold_per_floor":[117,117,182,232,242,270,270,285,312,312,312],"floor_reached":10,"language":"ENG","playtime":503,"items_purged":[],"score":136,"play_id":"d20ea44e-b798-46aa-9993-4ccd508b94ab","local_time":"20210215114810","is_ascension_mode":true,"campfire_choices":[{"data":"Apotheosis","floor":7,"key":"SMITH"}],"circlet_count":0,"master_deck":["AscendersBane","Strike_R","Strike_R","Strike_R","Strike_R","Strike_R","Defend_R","Defend_R","Defend_R","Defend_R","Bash","Apotheosis+1","Havoc","Regret","Shrug It Off","Battle Trance","Havoc"],"relics":["Burning Blood","SsserpentHead","Gambling Chip","Mummified Hand","Blood Vial"],"acts_visited":["Exordium"],"potions_floor_usage":[6,8],"damage_taken":[{"damage":15,"enemies":"Small Slimes","floor":1,"turns":5},{"damage":0,"enemies":"Cultist","floor":3,"turns":3},{"damage":2,"enemies":"2 Louse","floor":5,"turns":4},{"damage":35,"enemies":"Gremlin Nob","floor":6,"turns":4},{"damage":3,"enemies":"Large Slime","floor":8,"turns":4},{"damage":43,"enemies":"3 Sentries","floor":10,"turns":12}],"seed_played":"8409953800800508635","potions_obtained":[{"floor":1,"key":"AttackPotion"},{"floor":6,"key":"Fire Potion"},{"floor":8,"key":"SpeedPotion"}],"is_trial":false,"path_per_floor":["M","?","M","?","M","E","R","M","T","E"],"character_chosen":"IRONCLAD","items_purchased":[],"campfire_rested":0,"item_purchase_floors":[],"current_hp_per_floor":[59,59,65,65,68,39,39,42,42,1,1],"gold":312,"neow_bonus":"RANDOM_COLORLESS_2","is_daily":false,"chose_seed":false,"campfire_upgraded":1,"win_rate":0.0,"timestamp":1613389690,"path_taken":["M","?","?","?","M","E","R","M","T","E"],"items_purchased_type":[],"build_version":"2020-12-22","purchased_purges":0,"victory":false,"max_hp_per_floor":[68,68,68,68,68,68,68,68,68,68,68],"relic_stats":{"Blood Vial":2,"SsserpentHead":100,"counters":[6,32],"Mummified Hand":[0],"Gambling Chip":[19],"obtain_stats":[{"Blood Vial":9,"SsserpentHead":2,"Mummified Hand":6,"Gambling Chip":4,"Burning Blood":0},{"Blood Vial":5,"SsserpentHead":1,"Mummified Hand":4,"Gambling Chip":2,"Burning Blood":0},{"Blood Vial":20,"SsserpentHead":5,"Mummified Hand":16,"Gambling Chip":8,"Burning Blood":0}],"Burning Blood":29},"card_choices":[{"not_picked":["HandOfGreed","Sadistic Nature"],"picked":"Apotheosis","floor":0},{"not_picked":["Sword Boomerang","Pommel Strike"],"picked":"Havoc","floor":1},{"not_picked":["Headbutt","Pummel","Sever Soul"],"picked":"SKIP","floor":3},{"not_picked":["Warcry","Wild Strike"],"picked":"Shrug It Off","floor":5},{"not_picked":["Bludgeon","Ghostly Armor"],"picked":"Battle Trance","floor":6},{"not_picked":["Burning Pact","Thunderclap"],"picked":"Havoc","floor":8}],"player_experience":1320042,"relics_obtained":[{"floor":6,"key":"Mummified Hand"},{"floor":9,"key":"Blood Vial"}],"event_choices":[{"damage_healed":0,"gold_gain":0,"player_choice":"Trade","damage_taken":0,"relics_obtained":["SsserpentHead"],"max_hp_gain":0,"max_hp_loss":0,"event_name":"FaceTrader","floor":2,"gold_loss":0},{"damage_healed":0,"gold_gain":0,"player_choice":"Box","damage_taken":0,"relics_obtained":["Gambling Chip"],"max_hp_gain":0,"max_hp_loss":0,"event_name":"Big Fish","floor":4,"gold_loss":0,"cards_obtained":["Regret"]}],"is_beta":false,"boss_relics":[],"items_purged_floors":[],"is_endless":false,"potions_floor_spawned":[1,6,8],"killed_by":"3 Sentries","ascension_level":20}}