{"host":"u7y9frlpoazak2mn","time":1613424765,"event":{"mods":["AchievementEnabler","Act Like it!","Aspiration","BaseMod","Beaked The Cultist","Better Altar","Better Match","Better Note","Better Sensory Stone","Better Skull","Better Third Choice","Colored Map","Colored Powertips","Displayed Cursed Tome","Downfall","Emptier Cage","Energized Spire","GifTheSpireLib","Hermit","Marked Mod","Mimic Mod","Minty Spire (QoL Compilation)","Permanent Neow","Prisma Mod","Rare Cards Sparkle","Relic Stats","StSLib","The Construct","Waifu the Spire"],"gold_per_floor":[112,128,128,19,35,68,68,97,97,97,97],"floor_reached":10,"language":"ENG","playtime":319,"items_purged":["Strike_B"],"score":80,"play_id":"fe6d89dc-1f9b-4889-818b-58294a478942","local_time":"20210215163245","is_ascension_mode":true,"campfire_choices":[{"data":"Barrage","floor":7,"key":"SMITH"}],"circlet_count":0,"master_deck":["Strike_B","Strike_B","Defend_B","Defend_B","Defend_B","Defend_B","Zap","Dualcast","Melter","Barrage+1","Force Field","Melter","Steam Power+1","Rip and Tear","Barrage"],"relics":["Cracked Core","construct:RocketBooster","Gambling Chip","Bag of Marbles"],"acts_visited":["Exordium"],"potions_floor_usage":[6],"damage_taken":[{"damage":8,"enemies":"Jaw Worm","floor":1,"turns":4},{"damage":1,"enemies":"Cultist","floor":2,"turns":3},{"damage":0,"enemies":"2 Louse","floor":5,"turns":2},{"damage":43,"enemies":"3 Sentries","floor":6,"turns":7},{"damage":31,"enemies":"Lagavulin","floor":8,"turns":4},{"damage":18,"enemies":"3 Sentries","floor":10,"turns":2}],"seed_played":"8832589942156005605","potions_obtained":[{"floor":1,"key":"Regen Potion"},{"floor":8,"key":"SteroidPotion"}],"is_trial":false,"path_per_floor":["M","M","?","$","M","E","R","E","T","E"],"character_chosen":"DEFECT","items_purchased":["Melter"],"campfire_rested":0,"item_purchase_floors":[4],"current_hp_per_floor":[74,73,73,73,73,44,44,13,13,0,0],"gold":97,"neow_bonus":"TEN_PERCENT_HP_BONUS","is_daily":false,"chose_seed":false,"campfire_upgraded":1,"win_rate":0.0,"timestamp":1613424765,"path_taken":["M","M","?","$","?","E","R","E","T","E"],"items_purchased_type":["Card"],"build_version":"2020-12-22","purchased_purges":1,"victory":false,"max_hp_per_floor":[82,82,82,82,82,82,82,82,82,82,82],"relic_stats":{"counters":[6,22],"Gambling Chip":[3],"obtain_stats":[{"construct:RocketBooster":6,"Gambling Chip":8,"Bag of Marbles":9,"Cracked Core":0},{"construct:RocketBooster":4,"Gambling Chip":5,"Bag of Marbles":5,"Cracked Core":0},{"construct:RocketBooster":16,"Gambling Chip":20,"Bag of Marbles":20,"Cracked Core":0}]},"card_choices":[{"not_picked":["BootSequence","Sunder"],"picked":"Melter","floor":1},{"not_picked":["Go for the Eyes","Sunder"],"picked":"Barrage","floor":2},{"not_picked":["Hologram","Doom and Gloom"],"picked":"Steam Power","floor":5},{"not_picked":["Blizzard","Recycle"],"picked":"Rip and Tear","floor":6},{"not_picked":["Redo","Stack"],"picked":"Barrage","floor":8}],"player_experience":459339,"relics_obtained":[{"floor":6,"key":"construct:RocketBooster"},{"floor":8,"key":"Gambling Chip"},{"floor":9,"key":"Bag of Marbles"}],"event_choices":[{"damage_healed":0,"gold_gain":0,"cards_transformed":["Strike_B"],"player_choice":"Transformed","damage_taken":0,"max_hp_gain":0,"max_hp_loss":0,"event_name":"Transmorgrifier","floor":3,"gold_loss":0,"cards_obtained":["Force Field"]}],"is_beta":false,"boss_relics":[],"items_purged_floors":[4],"is_endless":false,"potions_floor_spawned":[1,8],"killed_by":"3 Sentries","ascension_level":1}}