{"host":"knk89g45d3vzr5fm","time":1613419944,"event":{"mods":["2.2 Compatiblity","BaseMod","Downfall","Minty Spire (QoL Compilation)","Relic Stats","Reliquary","Replay The Spire","StSLib","The Marked"],"gold_per_floor":[199,215,225,235,251,286,313,213,243,261,295,419,448,480,508,518,518,518],"floor_reached":16,"language":"FRA","playtime":786,"items_purged":[],"score":199,"play_id":"e52cec63-6717-4553-9a4e-989f4e481dcc","local_time":"20210215211224","is_ascension_mode":true,"campfire_choices":[{"floor":8,"key":"REST"}],"circlet_count":0,"master_deck":["AscendersBane","sneckomod:Strike","sneckomod:Strike","sneckomod:Strike","sneckomod:Defend","sneckomod:Defend","sneckomod:Defend","sneckomod:TailWhip","sneckomod:SnekBite","sneckomod:Unknown","sneckomod:Unknown","sneckomod:UnknownUncommonAttack","sneckomod:SerpentIdol","sneckomod:DiceBoulder","sneckomod:UnendingSupply","sneckomod:SoulRoll","sneckomod:SlitherStrike","sneckomod:UnknownClassPURPLE","sneckomod:PureSnecko","sneckomod:CheapStock","sneckomod:Unknown1Cost","sneckomod:SoulRoll"],"relics":["sneckomod:SneckoSoul","Orichalcum","downfall:HeartBlessingBlue","Odd Mushroom","Replay:Bandana","downfall:GremlinWheel"],"acts_visited":["Exordium"],"potions_floor_usage":[12,12,14],"damage_taken":[{"damage":4,"enemies":"Jaw Worm","floor":2,"turns":5},{"damage":0,"enemies":"2 Louse","floor":3,"turns":3},{"damage":6,"enemies":"Cultist","floor":4,"turns":3},{"damage":5,"enemies":"2 Fungi Beasts","floor":5,"turns":3},{"damage":39,"enemies":"Gremlin Nob","floor":6,"turns":4},{"damage":14,"enemies":"The Mushroom Lair","floor":9,"turns":4},{"damage":3,"enemies":"Blue Slaver","floor":10,"turns":4},{"damage":19,"enemies":"3 Sentries","floor":11,"turns":5},{"damage":12,"enemies":"3 Sentries","floor":12,"turns":4},{"damage":11,"enemies":"Exordium Thugs","floor":13,"turns":4},{"damage":0,"enemies":"Large Slime","floor":14,"turns":4},{"damage":0,"enemies":"3 Louse","floor":15,"turns":2},{"damage":33,"enemies":"WA_ARCHETYPE_RETAIN","floor":16,"turns":6}],"seed_played":"-3295173010745649483","potions_obtained":[{"floor":6,"key":"SpeedPotion"},{"floor":9,"key":"Weak Potion"},{"floor":10,"key":"Reflective Coating"},{"floor":13,"key":"Swift Potion"},{"floor":14,"key":"Elixir"}],"is_trial":false,"path_per_floor":["R","M","M","M","M","E","T","R","?","M","E","?","M","M","M","B"],"character_chosen":"THE_SNECKO","items_purchased":[],"campfire_rested":1,"item_purchase_floors":[],"current_hp_per_floor":[90,86,86,80,75,36,36,78,64,61,42,30,19,26,26,0,0,0],"gold":518,"neow_bonus":"TEN_PERCENT_HP_BONUS","is_daily":false,"chose_seed":false,"campfire_upgraded":0,"win_rate":0.0,"timestamp":1613419944,"path_taken":["R","M","?","M","M","E","T","R","?","M","E","?","M","M","M","BOSS"],"items_purchased_type":[],"build_version":"2020-12-22","purchased_purges":0,"victory":false,"max_hp_per_floor":[99,99,99,99,99,99,99,109,109,109,109,109,109,109,109,109,109,109],"relic_stats":{"counters":[13,51],"Orichalcum":[96],"obtain_stats":[{"Replay:Bandana":11,"downfall:GremlinWheel":12,"downfall:HeartBlessingBlue":8,"Orichalcum":6,"Odd Mushroom":9,"sneckomod:SneckoSoul":0},{"Replay:Bandana":8,"downfall:GremlinWheel":9,"downfall:HeartBlessingBlue":5,"Orichalcum":5,"Odd Mushroom":6,"sneckomod:SneckoSoul":0},{"Replay:Bandana":31,"downfall:GremlinWheel":35,"downfall:HeartBlessingBlue":18,"Orichalcum":18,"Odd Mushroom":22,"sneckomod:SneckoSoul":0}]},"card_choices":[{"not_picked":["sneckomod:DiceBlock","sneckomod:SlitherStrike"],"picked":"sneckomod:UnknownUncommonAttack","floor":2},{"not_picked":["sneckomod:DiceCrush","sneckomod:UnknownWeak"],"picked":"sneckomod:SerpentIdol","floor":3},{"not_picked":["sneckomod:UnknownClassTHE_BRONZE_AUTOMATON","sneckomod:UnknownClassBLUE"],"picked":"sneckomod:DiceBoulder","floor":4},{"not_picked":["sneckomod:UnknownClassTHE_BRONZE_AUTOMATON","sneckomod:UnknownClassTHE_CHAMP_GRAY"],"picked":"sneckomod:UnendingSupply","floor":5},{"not_picked":["sneckomod:UnknownClassBLUE","sneckomod:UnknownClassGREEN"],"picked":"sneckomod:SoulRoll","floor":6},{"not_picked":["sneckomod:SoulExchange","sneckomod:UnknownClassSLIMEBOUND"],"picked":"sneckomod:SlitherStrike","floor":9},{"not_picked":["sneckomod:UnknownClassTHE_BRONZE_AUTOMATON","sneckomod:UnknownCommonSkill"],"picked":"sneckomod:UnknownClassPURPLE","floor":10},{"not_picked":["sneckomod:SnekBeam","sneckomod:Rotation"],"picked":"sneckomod:PureSnecko","floor":11},{"not_picked":["sneckomod:DiceBlock","sneckomod:UnknownClassGUARDIAN"],"picked":"sneckomod:CheapStock","floor":13},{"not_picked":["sneckomod:DiceBlock","sneckomod:UnknownClassTHE_CHAMP_GRAY"],"picked":"sneckomod:Unknown1Cost","floor":14},{"not_picked":["sneckomod:SnakeSap","sneckomod:UnknownClassTHE_BRONZE_AUTOMATON"],"picked":"sneckomod:SoulRoll","floor":15}],"player_experience":2175511,"relics_obtained":[{"floor":6,"key":"Orichalcum"},{"floor":9,"key":"Odd Mushroom"},{"floor":11,"key":"Replay:Bandana"},{"floor":12,"key":"downfall:GremlinWheel"}],"event_choices":[{"damage_healed":0,"gold_gain":0,"player_choice":"Fought Mushrooms","damage_taken":0,"max_hp_gain":0,"max_hp_loss":0,"event_name":"Mushrooms","floor":9,"gold_loss":0}],"is_beta":false,"boss_relics":[],"items_purged_floors":[],"is_endless":false,"potions_floor_spawned":[6,9,10,13,14],"killed_by":"WA_ARCHETYPE_RETAIN","ascension_level":10}}