{"host":"nzc89rt2v0ulh15o","time":1613404346,"event":{"mods":["2.2 Compatiblity","BaseMod","Downfall","Hermit","Hubris","Minty Spire (QoL Compilation)","Replay The Spire","Shop Mod","StSLib","The Bug Knight","The Construct","The Cursed","The Disciple","The Hierophant","The Runesmith","The Servant 0.9.4"],"gold_per_floor":[114,114,114,134,54,83,100,100,149,149,161,191,191,207,207,308,308,325,240,260,260,275,275,275,275],"floor_reached":24,"language":"SPA","playtime":1426,"items_purged":["Hallucinations"],"score":323,"play_id":"65d233f8-6660-4b6e-ad54-f0b60b76c6fb","local_time":"20210215095226","is_ascension_mode":true,"campfire_choices":[{"data":"Uppercut","floor":8.0,"key":"SMITH"},{"data":"ReplayTheSpireMod:Stacked","floor":10.0,"key":"SMITH"},{"floor":15.0,"key":"REST"},{"data":"Uppercut","floor":23,"key":"SMITH"}],"circlet_count":0,"master_deck":["Strike_R","Strike_R","Strike_R","Strike_R","Strike_R+1","Defend_R+1","Defend_R","Defend_R+1","Defend_R","Bash+1","ReplayTheSpireMod:Stacked+1","ReplayTheSpireMod:Limb From Limb+1","Uppercut+1","ReplayTheSpireMod:Corrosion Curse+1","Reaper","Metallicize+1","Uppercut+1"],"relics":["Black Blood","NeowsBlessing","ReplayTheSpireMod:CursedCoin","Bag of Marbles","hubris:ChampionShield","Whetstone","Red Skull","HollowMod:PaleOreRelic"],"acts_visited":["Exordium","TheCity"],"potions_floor_usage":[24],"damage_taken":[{"damage":0.0,"enemies":"Small Slimes","floor":1.0,"turns":1.0},{"damage":0.0,"enemies":"2 Louse","floor":4.0,"turns":1.0},{"damage":0.0,"enemies":"3 Sentries","floor":6.0,"turns":1.0},{"damage":0.0,"enemies":"Jaw Worm","floor":7.0,"turns":3.0},{"damage":14.0,"enemies":"Exordium Wildlife","floor":11.0,"turns":4.0},{"damage":45.0,"enemies":"Gremlin Nob","floor":12.0,"turns":5.0},{"damage":3.0,"enemies":"Blue Slaver","floor":14.0,"turns":3.0},{"damage":47.0,"enemies":"Slime Boss","floor":16.0,"turns":11.0},{"damage":16,"enemies":"Chosen","floor":18,"turns":5},{"damage":62,"enemies":"3 Byrds","floor":20,"turns":8},{"damage":0,"enemies":"Snecko","floor":22,"turns":4},{"damage":63,"enemies":"Book of Stabbing","floor":24,"turns":5}],"seed_played":"1978180160004826414","potions_obtained":[{"floor":6.0,"key":"Milkshake"},{"floor":7.0,"key":"Fire Potion"},{"floor":16.0,"key":"SpeedPotion"},{"floor":20,"key":"Block Potion"}],"is_trial":false,"path_per_floor":["M","?","?","M","$","E","M","R","T","R","M","E","?","M","R","B",null,"M","?","M","?","M","R","E"],"character_chosen":"IRONCLAD","items_purchased":["ReplayTheSpireMod:CursedCoin","Bag of Marbles"],"campfire_rested":1,"item_purchase_floors":[5,5],"current_hp_per_floor":[78,78,62,68,68,74,80,80,80,80,72,33,33,36,60,19,65,61,61,15,41,61,61,0,0],"gold":275,"neow_bonus":"THREE_ENEMY_KILL","is_daily":false,"chose_seed":false,"campfire_upgraded":3,"win_rate":0.0,"timestamp":1613404346,"path_taken":["M","?","?","M","$","E","M","R","T","R","M","E","?","M","R","BOSS","M","?","M","?","M","R","E"],"items_purchased_type":["Relic","Relic"],"build_version":"2020-12-22","purchased_purges":1,"victory":false,"max_hp_per_floor":[80,80,80,80,80,80,80,80,80,80,80,80,80,80,80,80,80,80,80,80,80,80,80,80,80],"card_choices":[{"not_picked":["Run Through","Wild Strike","Anger"],"picked":"SKIP","floor":1.0},{"not_picked":["Iron Wave","Power Through"],"picked":"ReplayTheSpireMod:Stacked","floor":4.0},{"not_picked":["Sword Boomerang","Body Slam"],"picked":"ReplayTheSpireMod:Limb From Limb","floor":6.0},{"not_picked":["Flame Barrier","Run Through"],"picked":"Uppercut","floor":7.0},{"not_picked":["Massacre","Fire Breathing"],"picked":"ReplayTheSpireMod:Corrosion Curse","floor":11.0},{"not_picked":["Warcry","Second Wind","Massacre"],"picked":"SKIP","floor":12.0},{"not_picked":["Perfected Strike","Twin Strike","Uppercut"],"picked":"SKIP","floor":14.0},{"not_picked":["Double Tap","Fiend Fire"],"picked":"Reaper","floor":16.0},{"not_picked":["ReplayTheSpireMod:Limb From Limb","Thunderclap"],"picked":"Metallicize+1","floor":18},{"not_picked":["Twin Strike","Headbutt"],"picked":"Uppercut","floor":20},{"not_picked":["Searing Blow","Anger","Iron Wave+1"],"picked":"SKIP","floor":22}],"player_experience":481607,"relics_obtained":[{"floor":6.0,"key":"hubris:ChampionShield"},{"floor":9.0,"key":"Whetstone"},{"floor":12.0,"key":"Red Skull"}],"event_choices":[{"damage_healed":0.0,"max_hp_gain":0.0,"max_hp_loss":0.0,"gold_gain":0.0,"event_name":"Living Wall","player_choice":"Grow","floor":2.0,"gold_loss":0.0,"damage_taken":0.0,"cards_upgraded":["Bash"]},{"damage_healed":0.0,"max_hp_gain":0.0,"max_hp_loss":0.0,"gold_gain":0.0,"event_name":"Shining Light","player_choice":"Entered Light","floor":3.0,"gold_loss":0.0,"damage_taken":16.0,"cards_upgraded":["Defend_R","Defend_R"]},{"damage_healed":0,"gold_gain":0,"player_choice":"Obtained Relic","damage_taken":0,"relics_obtained":["HollowMod:PaleOreRelic"],"max_hp_gain":0,"max_hp_loss":0,"event_name":"Addict","floor":19,"gold_loss":85},{"damage_healed":26,"gold_gain":0,"player_choice":"Heal","damage_taken":0,"max_hp_gain":0,"max_hp_loss":0,"event_name":"The Library","floor":21,"gold_loss":0}],"is_beta":false,"boss_relics":[{"not_picked":["Runesmith:UraniumAnvil","Replay:Wanted Poster"],"picked":"Black Blood"}],"items_purged_floors":[5],"is_endless":false,"potions_floor_spawned":[6,7,16,20],"killed_by":"Book of Stabbing","ascension_level":8}}