{"host":"dn6kke80v5f7isus","time":1613416875,"event":{"mods":["AchievementEnabler","Act Like it!","BaseMod","Colored Powertips","Custom Start","Defuse TimeMaze Blight","Energized Spire","Gremlin Skip","Highlight Path","Hubris","Infinite Spire","Marisa????????","Minty Spire (QoL Compilation)","Quick Restart","Rare Cards Sparkle","Reliquary","Replay The Spire","StSLib","The Hierophant","The Servant 0.9.4","Uncapped","Unceasing Turn Reminder"],"gold_per_floor":[110,403,403,422,171,192,213,227,227,245,245,245,260,280,280,375,375,370,436,351,351,351,338,338,295,320,708,708,787,787,870,870,961,961,1025,1146,1204,1204,1319,1399,1399,1399,1425,1453,1453,1552,1590,1699,1699,1687],"floor_reached":51,"language":"ENG","playtime":1625,"items_purged":["hierophant:Strike_Hierophant+1","hierophant:Strike_Hierophant+1","hierophant:Defend_Hierophant+1","hierophant:Defend_Hierophant+1"],"score":1314,"play_id":"68ad464f-ca73-4a68-bc64-5d058e4df743","local_time":"20210215142115","is_ascension_mode":true,"campfire_choices":[{"data":"hierophant:Charity","floor":15.0,"key":"SMITH"},{"data":"hierophant:EyeForCoin","floor":24.0,"key":"SMITH"},{"data":"hierophant:CursedGold","floor":28,"key":"SMITH"},{"data":"hierophant:Doubloon","floor":32,"key":"SMITH"},{"data":"hierophant:CursedGold","floor":41,"key":"SMITH"},{"data":"hierophant:Refuge","floor":45,"key":"SMITH"}],"circlet_count":0,"master_deck":["hierophant:Punish+1","hierophant:Defend_Hierophant+1","hierophant:Defend_Hierophant+1","hierophant:ChurchCoffers+1","hierophant:FieryStrike+1","hierophant:CursedGold+1","hierophant:Doubloon+1","hierophant:Doubloon+1","hierophant:Charity+1","hierophant:Doubloon+1","hierophant:Doubloon+1","hierophant:Charity+1","hierophant:Doubloon+1","hierophant:RecallFunds+1","hierophant:Doubloon+1","hierophant:Cornucopia+1","hierophant:EyeForCoin+1","hierophant:Doubloon+1","hierophant:Embezzle+1","hierophant:CursedGold+1","hierophant:Doubloon+1","hierophant:Doubloon+1","hierophant:Doubloon+1","hierophant:Doubloon+1","hierophant:Doubloon+1","hierophant:Doubloon","hierophant:Refuge+1","hierophant:Doubloon+1","hierophant:Doubloon+1","hierophant:Doubloon","hierophant:CursedGold+1","hierophant:RustyCrate","hierophant:Doubloon","hierophant:Doubloon","hierophant:Doubloon+1","hierophant:RepressedViolence+1","infinitespire:Collect","hierophant:Doubloon","hierophant:Refuge+1","hierophant:Doubloon+1","hierophant:Community+1","hierophant:Doubloon+1","hierophant:AuricBeam+1","hierophant:RepressedViolence+1","hierophant:Doubloon","hierophant:Doubloon","hierophant:Refuge+1"],"relics":["hierophant:PropheticMaskRelic","NeowsBlessing","hubris:CuriousFeather","Orichalcum","Cauldron","Lee\u0027s Waffle","Bronze Scales","hubris:64BitClover","Whetstone","CaptainsWheel","reliquary:ExpiredCoupon","Turnip","reliquary:TuningFork","ReplayFunnel","reliquary:Bookmark","reliquary:Knoch","Darkstone Periapt","hierophant:DonationBoxRelic","hubris:BottledHeart","Black Star","Pet Ghost","StoneCalendar","Pondfish Scales","reliquary:Stiletto","Honey Jar","TungstenRod","Pen Nib","reliquary:PorcupineQuills","Vajra"],"acts_visited":["Exordium","TheCity","TheBeyond"],"potions_floor_usage":[33,33,33,35,36],"damage_taken":[{"damage":0.0,"enemies":"Small Slimes","floor":1.0,"turns":1.0},{"damage":0.0,"enemies":"Cultist","floor":4.0,"turns":1.0},{"damage":0.0,"enemies":"3 Sentries","floor":6.0,"turns":2.0},{"damage":0.0,"enemies":"2 Louse","floor":7.0,"turns":1.0},{"damage":0.0,"enemies":"Large Slime","floor":8.0,"turns":3.0},{"damage":0.0,"enemies":"Gremlin Nob","floor":10.0,"turns":3.0},{"damage":3.0,"enemies":"3 Sentries","floor":13.0,"turns":3.0},{"damage":0.0,"enemies":"Blue Slaver","floor":14.0,"turns":3.0},{"damage":0.0,"enemies":"Slime Boss","floor":16.0,"turns":2.0},{"damage":2.0,"enemies":"Spheric Guardian","floor":18.0,"turns":3.0},{"damage":4.0,"enemies":"3 Byrds","floor":19.0,"turns":2.0},{"damage":0.0,"enemies":"Replay:Snechameleon","floor":23.0,"turns":4.0},{"damage":6.0,"enemies":"Gremlin Leader","floor":25.0,"turns":4.0},{"damage":0,"enemies":"Shelled Parasite and Fungi","floor":31,"turns":3},{"damage":0,"enemies":"Champ","floor":33,"turns":7},{"damage":0,"enemies":"3 Shapes","floor":35,"turns":2},{"damage":0,"enemies":"3 Darklings","floor":36,"turns":3},{"damage":0,"enemies":"Mind Bloom Boss Battle","floor":37,"turns":4},{"damage":0,"enemies":"Sphere and 2 Shapes","floor":39,"turns":1},{"damage":0,"enemies":"Nemesis","floor":40,"turns":4},{"damage":0,"enemies":"Nightmare","floor":44,"turns":1},{"damage":0,"enemies":"Jaw Worm Horde","floor":46,"turns":2},{"damage":0,"enemies":"4 Shapes","floor":47,"turns":2},{"damage":0,"enemies":"Donu and Deca","floor":50,"turns":3}],"seed_played":"-4146311981653266624","potions_obtained":[{"floor":2.0,"key":"EntropicBrew"},{"floor":2.0,"key":"ColorlessPotion"},{"floor":2.0,"key":"Weak Potion"},{"floor":2.0,"key":"Block Potion"},{"floor":10.0,"key":"SpeedPotion"},{"floor":14.0,"key":"DuplicationPotion"},{"floor":16.0,"key":"EntropicBrew"},{"floor":31,"key":"Elixir"},{"floor":35,"key":"Weak Potion"},{"floor":36,"key":"Regen Potion"},{"floor":44,"key":"LiquidBronze"},{"floor":46,"key":"SpeedPotion"}],"is_trial":false,"path_per_floor":["M","$","?","M","$","E","M","M","T","E","?","?","E","M","R","B",null,"M","M","?","?","?","E","R","E","T","$","R","T","?","M","R","B",null,"M","M","?","?","M","E","R","AVR","T","NM","R","M","M","?","R","B",null],"character_chosen":"HIEROPHANT","items_purchased":["hubris:CuriousFeather","Orichalcum","Cauldron","hierophant:CursedGold","Lee\u0027s Waffle","reliquary:Bookmark","reliquary:Knoch","Darkstone Periapt","hierophant:CursedGold","hierophant:Doubloon"],"campfire_rested":0,"item_purchase_floors":[2,2,2,2,5,27,27,27,27,27],"current_hp_per_floor":[75,75,75,75,82,82,82,82,82,82,82,82,79,79,79,79,82,80,76,76,76,76,76,76,70,70,70,70,70,1,1,1,1,1,1,1,1,1,1,1,1,1,1,1,1,1,1,1,1,1],"gold":1687,"neow_bonus":"THREE_ENEMY_KILL","is_daily":false,"chose_seed":false,"campfire_upgraded":6,"win_rate":0.0,"timestamp":1613416875,"path_taken":["M","$","?","M","$","E","M","?","T","E","?","?","E","M","R","BOSS","M","M","?","?","?","E","R","E","T","?","R","?","?","M","R","BOSS","M","M","?","?","M","E","R","AVR","T","NM","R","M","M","?","R","BOSS"],"items_purchased_type":["Relic","Relic","Relic","Card","Relic","Relic","Relic","Relic","Card","Card"],"build_version":"2020-12-22","purchased_purges":4,"victory":true,"max_hp_per_floor":[75,75,75,75,82,82,82,82,82,82,82,82,82,82,82,82,82,82,82,82,82,82,82,82,82,82,82,82,82,1,1,1,1,1,1,1,1,1,1,1,1,1,1,1,1,1,1,1,1,1],"card_choices":[{"not_picked":["hierophant:MirrorShield","hierophant:Martyrdom"],"picked":"hierophant:FieryStrike","floor":1.0},{"not_picked":["hierophant:Shelter","hierophant:Zeal","hierophant:FieryStrike"],"picked":"SKIP","floor":4.0},{"not_picked":["hierophant:ArchangelShield","hierophant:Martyrdom"],"picked":"hierophant:Charity","floor":6.0},{"not_picked":["hierophant:AuricBeam","hierophant:SecretStash"],"picked":"hierophant:Doubloon","floor":7.0},{"not_picked":["hierophant:Mercenaries","hierophant:Upheaval","hierophant:Remorse"],"picked":"SKIP","floor":8.0},{"not_picked":["hierophant:Doomsaying","hierophant:HammerAndAnvil"],"picked":"hierophant:Charity","floor":10.0},{"not_picked":["hierophant:Blessing","hierophant:Anathema"],"picked":"hierophant:RecallFunds","floor":13.0},{"not_picked":["hierophant:AuricBeam","hierophant:Dazzle"],"picked":"hierophant:Doubloon","floor":14.0},{"not_picked":["hierophant:AuricForm","hierophant:Determination"],"picked":"hierophant:Cornucopia","floor":16.0},{"not_picked":["hierophant:Zeal","hierophant:Shelter","hierophant:MorningPrayer+1"],"picked":"SKIP","floor":18.0},{"not_picked":["hierophant:Remorse","hierophant:FlamingChariot","hierophant:SolarFlare"],"picked":"SKIP","floor":19.0},{"not_picked":["hierophant:AuricBeam+1","hierophant:DisplayOfPower"],"picked":"hierophant:EyeForCoin","floor":23.0},{"not_picked":["hierophant:HammerAndAnvil","hierophant:Invocation"],"picked":"hierophant:Embezzle","floor":25.0},{"not_picked":["hierophant:Patience","hierophant:Dazzle","hierophant:OrnateBuckler"],"picked":"SKIP","floor":31},{"not_picked":["hierophant:MorningPrayer+1","hierophant:SecretStash+1"],"picked":"hierophant:Refuge+1","floor":35},{"not_picked":["hierophant:Purify","hierophant:Rebuild+1","hierophant:MorningPrayer"],"picked":"SKIP","floor":36},{"not_picked":["hierophant:Rebuild","hierophant:Encroach+1"],"picked":"hierophant:CursedGold","floor":37},{"not_picked":["hierophant:Dazzle","hierophant:TollTheBells+1"],"picked":"hierophant:RustyCrate","floor":39},{"not_picked":["hierophant:OrnateBuckler","hierophant:Dazzle+1"],"picked":"hierophant:RepressedViolence+1","floor":40},{"not_picked":["hierophant:FaithHealing","hierophant:LocustPlague","hierophant:MorningPrayer"],"picked":"hierophant:Refuge","floor":44},{"not_picked":["hierophant:SealAway+1","hierophant:ThreeLashes+1","hierophant:Blessing+1"],"picked":"hierophant:Community+1","floor":46},{"not_picked":["hierophant:Bribe+1","hierophant:Glossolalia+1","hierophant:DivineIntervention"],"picked":"hierophant:AuricBeam+1","floor":47},{"not_picked":["hierophant:OrnateJavelin+1","hierophant:DisplayOfPower","hierophant:SecretStash"],"picked":"hierophant:RepressedViolence+1","floor":48},{"not_picked":["hierophant:Repentance+1","hierophant:AuricBeam+1","hierophant:Shelter"],"picked":"hierophant:Doubloon","floor":48},{"not_picked":["hierophant:PristineSoul","hierophant:TollTheBells","hierophant:Rebuild"],"picked":"hierophant:Refuge+1","floor":48}],"player_experience":462076,"relics_obtained":[{"floor":6.0,"key":"Bronze Scales"},{"floor":9.0,"key":"hubris:64BitClover"},{"floor":10.0,"key":"Whetstone"},{"floor":13.0,"key":"CaptainsWheel"},{"floor":23.0,"key":"Turnip"},{"floor":25.0,"key":"reliquary:TuningFork"},{"floor":26.0,"key":"ReplayFunnel"},{"floor":29,"key":"hierophant:DonationBoxRelic"},{"floor":35,"key":"Pet Ghost"},{"floor":37,"key":"StoneCalendar"},{"floor":40,"key":"Pondfish Scales"},{"floor":40,"key":"reliquary:Stiletto"},{"floor":43,"key":"Pen Nib"},{"floor":44,"key":"reliquary:PorcupineQuills"},{"floor":44,"key":"Vajra"}],"event_choices":[{"damage_healed":0.0,"max_hp_gain":0.0,"max_hp_loss":0.0,"gold_gain":0.0,"event_name":"Addict","player_choice":"Obtained Relic","floor":20.0,"gold_loss":85.0,"damage_taken":0.0,"relics_obtained":["reliquary:ExpiredCoupon"]},{"cards_removed":["hierophant:Strike_Hierophant"],"damage_healed":0.0,"max_hp_gain":0.0,"max_hp_loss":0.0,"gold_gain":0.0,"event_name":"Back to Basics","player_choice":"Elegance","floor":21.0,"gold_loss":0.0,"damage_taken":0.0},{"damage_healed":0.0,"max_hp_gain":0.0,"max_hp_loss":0.0,"gold_gain":0.0,"event_name":"Ghosts","player_choice":"Ignored","floor":22.0,"gold_loss":0.0,"damage_taken":0.0},{"damage_healed":0,"gold_gain":0,"player_choice":"Fight","damage_taken":0,"max_hp_gain":0,"max_hp_loss":0,"event_name":"MindBloom","floor":37,"gold_loss":0},{"cards_removed":["hierophant:Strike_Hierophant"],"damage_healed":0,"gold_gain":0,"player_choice":"Removed Attack","damage_taken":0,"max_hp_gain":0,"max_hp_loss":0,"event_name":"Falling","floor":38,"gold_loss":0}],"is_beta":false,"boss_relics":[{"not_picked":["ReplayTheSpireMod:DimensionalGlitch","reliquary:KinkedSpring","Busted Crown"]},{"not_picked":["Sozu","Replay:Grab Bag"],"picked":"Black Star"}],"items_purged_floors":[2,5,27,42],"is_endless":true,"potions_floor_spawned":[6,8,10,14,16,18,31,35,36,44,46],"ascension_level":1}}