{"host":"1a9bbjeis3rg03b1","time":1613418398,"event":{"mods":["Act Like it!","BaseMod","Gensokyo","Googly Eyes","Hermit","Mimic Mod","Minty Spire (QoL Compilation)","Morshu Shopkeeper","Reliquary","Replay The Spire","StSLib","The Administrix","The Disciple","The Jungle","The Poker Player","The Servant 0.9.4","Wide Potions","everything is the same but u backflip on backflip"],"gold_per_floor":[210,60,60,60,131,165,165,180,219,219,28,43,43,43,43,140,140,159,366,87,87,87,87,102,102,102,102,102],"floor_reached":27,"language":"ENG","playtime":2808,"items_purged":[],"score":230,"play_id":"f296eae9-2997-4829-9ef6-2abe02730027","local_time":"20210215124638","is_ascension_mode":false,"campfire_choices":[{"data":"Discovery","floor":7,"key":"SMITH"},{"data":"hermit:EternalForm","floor":23,"key":"SMITH"},{"data":"hermit:WideOpen","floor":25,"key":"SMITH"}],"circlet_count":0,"master_deck":["hermit:Strike_Hermit","hermit:Strike_Hermit","hermit:Strike_Hermit","hermit:Strike_Hermit","hermit:Defend_Hermit","hermit:Defend_Hermit","hermit:Defend_Hermit","hermit:Defend_Hermit","hermit:Snapshot","hermit:Covet","hermit:ShadowCloak","Discovery+1","hermit:Headshot","hermit:SprayPray","hermit:TrackingShot+1","hermit:Enervate","hermit:WideOpen","hermit:SprayPray","hermit:Glare+1","hermit:EternalForm+1","hermit:WideOpen+1","hermit:Midnight","Gensokyo:CrescentMoonSlash","hermit:Gambit","hermit:LowProfile","ReplayTheSpireMod:Splinters","hermit:Enervate","Parasite","Gensokyo:TekeTeke","Gensokyo:Shovel","hermit:FinalCanter"],"relics":["hermit:Momento","Gensokyo:PortableGap","Replay:Ringing Soul","reliquary:RosewoodLute","Potion Belt","Replay:Fungal Core","ReplayTheSpireMod:CursedCoin","Gensokyo:SongOfSouls","reliquary:BallBearing","ReplayTheSpireMod:Lightbulb"],"acts_visited":["Exordium","Gensokyo:Gensokyo"],"potions_floor_usage":[6,16,16,24,27],"damage_taken":[{"damage":10,"enemies":"Gensokyo:2_Kodama","floor":1,"turns":4},{"damage":0,"enemies":"Gensokyo:Mamizou","floor":6,"turns":9},{"damage":3,"enemies":"Gensokyo:3_Fairies","floor":8,"turns":3},{"damage":0,"enemies":"Gensokyo:Gryphon","floor":9,"turns":5},{"damage":0,"enemies":"Gensokyo:Gryphon","floor":12,"turns":1},{"damage":26,"enemies":"Gensokyo:Reimu","floor":16,"turns":5},{"damage":40,"enemies":"Gensokyo:3_Dogs","floor":18,"turns":5},{"damage":1,"enemies":"Gensokyo:2_Gloops","floor":24,"turns":4},{"damage":57,"enemies":"Gensokyo:Tenshi","floor":27,"turns":4}],"seed_played":"-5327379870887047877","potions_obtained":[{"floor":1,"key":"SneckoOil"},{"floor":8,"key":"Strength Potion"},{"floor":12,"key":"Explosive Potion"},{"floor":18,"key":"Fire Potion"},{"floor":24,"key":"PowerPotion"}],"is_trial":false,"path_per_floor":["M","$","?","?","T","E","R","M","MIM","?","$","M","$","?","R","B",null,"M","?","COS","?","?","R","M","R","T","E"],"character_chosen":"HERMIT","items_purchased":["Discovery","hermit:Headshot","hermit:EternalForm","hermit:WideOpen"],"campfire_rested":0,"item_purchase_floors":[2,2,11,11],"current_hp_per_floor":[65,65,65,65,65,68,68,68,71,74,77,80,77,69,80,57,83,46,49,52,52,52,52,54,54,54,0,0],"gold":102,"neow_bonus":"HUNDRED_GOLD","is_daily":false,"chose_seed":false,"campfire_upgraded":3,"win_rate":0.0,"timestamp":1613418398,"path_taken":["M","$","?","?","?","E","R","?","MIM","?","$","M","?","?","R","BOSS","M","?","COS","?","?","R","?","R","T","E"],"items_purchased_type":["Card","Card","Card","Card"],"build_version":"2020-12-22","purchased_purges":0,"victory":false,"max_hp_per_floor":[75,75,75,68,65,68,68,68,71,74,77,80,77,80,80,83,83,83,83,86,83,77,74,77,77,77,77,77],"card_choices":[{"not_picked":["hermit:BodyArmor","hermit:Roulette"],"picked":"hermit:ShadowCloak","floor":1},{"not_picked":["hermit:HoleUp","hermit:Dive"],"picked":"hermit:SprayPray","floor":3},{"not_picked":["hermit:TakeAim","hermit:Feint"],"picked":"hermit:TrackingShot","floor":3},{"not_picked":["hermit:TakeAim","hermit:Dive"],"picked":"hermit:Enervate","floor":6},{"not_picked":["hermit:GhostlyPresence","hermit:Roulette"],"picked":"hermit:WideOpen","floor":8},{"not_picked":["hermit:Headshot","hermit:HoleUp"],"picked":"hermit:SprayPray","floor":9},{"not_picked":["hermit:Combo","hermit:Dive"],"picked":"hermit:Midnight","floor":12},{"not_picked":["hermit:FromBeyond","hermit:FatalDesire"],"picked":"hermit:Gambit","floor":16},{"not_picked":["hermit:Ricochet","hermit:Scavenge"],"picked":"hermit:LowProfile","floor":18},{"not_picked":["hermit:Desperado","hermit:Shortfuse"],"picked":"hermit:Enervate","floor":19},{"not_picked":["hermit:Deadeye","hermit:Malice"],"picked":"hermit:FinalCanter","floor":24}],"player_experience":703063,"relics_obtained":[{"floor":5,"key":"Replay:Ringing Soul"},{"floor":6,"key":"reliquary:RosewoodLute"},{"floor":9,"key":"Potion Belt"},{"floor":26,"key":"ReplayTheSpireMod:Lightbulb"}],"event_choices":[],"is_beta":false,"boss_relics":[{"not_picked":["Snecko Eye","reliquary:KinkedSpring"],"picked":"Replay:Fungal Core"}],"items_purged_floors":[],"is_endless":false,"potions_floor_spawned":[1,8,12,18,24],"killed_by":"Gensokyo:Tenshi","ascension_level":0}}