{"host":"8d3fefv2347kqkpz","time":1613414115,"event":{"mods":["AchievementEnabler","Aspiration","BaseMod","Better Vampires","Colored Map","Colored Powertips","Downfall","Emptier Cage","Highlight Path","Minty Spire (QoL Compilation)","Quick Restart","Rare Cards Sparkle","Relic Stats","Spicy Shops","StSLib","Waifu the Spire"],"gold_per_floor":[99,117,117,136,46,64,140,140,140,173,173,323,351,362,379,379,379,379],"floor_reached":16,"language":"ZHS","playtime":557,"items_purged":["sneckomod:Strike"],"score":135,"play_id":"0967e113-ae35-499a-b394-d95f863bab15","local_time":"20210216023515","is_ascension_mode":false,"campfire_choices":[{"data":"sneckomod:Unknown","floor":1.0,"key":"SMITH"},{"data":"sneckomod:UnknownUncommonPower","floor":8.0,"key":"SMITH"}],"circlet_count":0,"master_deck":["sneckomod:Strike","sneckomod:Strike","sneckomod:Defend","sneckomod:Defend","sneckomod:Defend","sneckomod:TailWhip","sneckomod:SnekBite","sneckomod:Unknown+1","sneckomod:Unknown","sneckomod:SlitherStrike","sneckomod:SlitherStrike","sneckomod:UnknownWeak","sneckomod:UnknownCommonAttack","sneckomod:UnknownUncommonPower+1","sneckomod:SoulDraw+1","Injury","downfall:Icky","sneckomod:UnknownCommonSkill+1","sneckomod:TrashToTreasure+1","sneckomod:SerpentIdol+1"],"relics":["sneckomod:SneckoSoul","Toxic Egg 2","downfall:BrokenWingStatue","Pear","Frozen Egg 2","Ginger"],"acts_visited":["Exordium"],"potions_floor_usage":[],"damage_taken":[{"damage":2.0,"enemies":"2 Louse","floor":2.0,"turns":2.0},{"damage":4.0,"enemies":"Cultist","floor":4.0,"turns":4.0},{"damage":0.0,"enemies":"downfall:FleeingMerchant","floor":5.0,"turns":4.0},{"damage":5.0,"enemies":"Small Slimes","floor":6.0,"turns":2.0},{"damage":23.0,"enemies":"Lagavulin","floor":10.0,"turns":4.0},{"damage":26,"enemies":"Gremlin Nob","floor":13,"turns":4},{"damage":12,"enemies":"3 Louse","floor":14,"turns":3},{"damage":4,"enemies":"2 Fungi Beasts","floor":15,"turns":4},{"damage":50,"enemies":"DF_ARCHETYPE_STREAMLINE","floor":16,"turns":5}],"seed_played":"-2300888728437919496","potions_obtained":[{"floor":2.0,"key":"Regen Potion"},{"floor":6.0,"key":"Swift Potion"},{"floor":10.0,"key":"ColorlessPotion"}],"is_trial":false,"path_per_floor":["R","M","?","M","$","M","T","R","?","E","?","?","E","M","M","B"],"character_chosen":"THE_SNECKO","items_purchased":[],"campfire_rested":0,"item_purchase_floors":[],"current_hp_per_floor":[99,97,97,93,93,88,88,88,88,90,90,90,64,52,48,0,0,0],"gold":379,"neow_bonus":"TEN_PERCENT_HP_BONUS","is_daily":false,"chose_seed":false,"campfire_upgraded":2,"win_rate":0.0,"timestamp":1613414115,"path_taken":["R","M","?","M","$","?","T","R","?","E","?","?","E","M","M","BOSS"],"items_purchased_type":[],"build_version":"2020-12-22","purchased_purges":1,"victory":false,"max_hp_per_floor":[99,99,99,99,99,99,99,99,99,109,109,109,109,109,109,109,109,109],"relic_stats":{"counters":[9,32],"Ginger":[0],"obtain_stats":[{"downfall:BrokenWingStatue":9,"Pear":10,"Ginger":13,"Toxic Egg 2":7,"Frozen Egg 2":11,"sneckomod:SneckoSoul":0},{"downfall:BrokenWingStatue":4,"Pear":5,"Ginger":6,"Toxic Egg 2":4,"Frozen Egg 2":5,"sneckomod:SneckoSoul":0},{"downfall:BrokenWingStatue":12,"Pear":16,"Ginger":20,"Toxic Egg 2":12,"Frozen Egg 2":16,"sneckomod:SneckoSoul":0}]},"card_choices":[{"not_picked":["sneckomod:Unknown1Cost","sneckomod:ImprovisedGuard"],"picked":"sneckomod:SlitherStrike","floor":2.0},{"not_picked":["sneckomod:MasterEye","sneckomod:UnknownDraw"],"picked":"sneckomod:UnknownWeak","floor":4.0},{"not_picked":["sneckomod:WideSting","sneckomod:SlitherStrike"],"picked":"sneckomod:UnknownCommonAttack","floor":5.0},{"not_picked":["sneckomod:DiceBoulder","sneckomod:SoulDraw"],"picked":"sneckomod:UnknownUncommonPower","floor":6.0},{"not_picked":["sneckomod:UnknownWeak+1","sneckomod:SlitherStrike"],"picked":"sneckomod:SoulDraw+1","floor":10.0},{"not_picked":["sneckomod:MixItUp","sneckomod:UnknownCommonAttack"],"picked":"sneckomod:UnknownCommonSkill+1","floor":13},{"not_picked":["sneckomod:RainOfDice","sneckomod:UnknownClassTHE_CHAMP_GRAY+1"],"picked":"sneckomod:TrashToTreasure+1","floor":14},{"not_picked":["sneckomod:RainOfDice","sneckomod:SnekBeam"],"picked":"sneckomod:SerpentIdol+1","floor":15}],"player_experience":397300,"relics_obtained":[{"floor":7.0,"key":"Toxic Egg 2"},{"floor":10.0,"key":"Pear"},{"floor":13,"key":"Ginger"}],"event_choices":[],"is_beta":false,"boss_relics":[],"items_purged_floors":[5],"is_endless":false,"potions_floor_spawned":[2,6,10,13,14],"killed_by":"DF_ARCHETYPE_STREAMLINE","ascension_level":0}}