{"host":"knk89g45d3vzr5fm","time":1613415283,"event":{"mods":["2.2 Compatiblity","BaseMod","Downfall","Minty Spire (QoL Compilation)","Relic Stats","Reliquary","Replay The Spire","StSLib","The Marked"],"gold_per_floor":[158,168,168,183,196,196,196,196,196,196,6,25,43,68,68,81,96,96,96,96],"floor_reached":18,"language":"FRA","playtime":670,"items_purged":[],"score":171,"play_id":"323dab72-fcbe-4649-b734-faecbed91299","local_time":"20210215195443","is_ascension_mode":true,"campfire_choices":[{"floor":6,"key":"REST"},{"floor":10,"key":"REST"},{"floor":15,"key":"REST"}],"circlet_count":0,"master_deck":["AscendersBane","sneckomod:Strike","sneckomod:Strike","sneckomod:Strike","sneckomod:Defend","sneckomod:Defend","sneckomod:Defend","sneckomod:TailWhip","sneckomod:SnekBite","sneckomod:Unknown","sneckomod:Unknown","sneckomod:UnknownUncommonPower","sneckomod:SoulRoll","sneckomod:SlitherStrike","sneckomod:QuickMove","sneckomod:ImprovisedAttack","sneckomod:MasterEye","sneckomod:ImprovisedGuard","sneckomod:DiceCrush","sneckomod:Restock","sneckomod:UnendingSupply","sneckomod:Rotation","sneckomod:SoulDraw","sneckomod:Rotation"],"relics":["sneckomod:SneckoSoul","Du-Vu Doll","Du-Vu Doll","Replay:Baseball"],"acts_visited":["Exordium"],"potions_floor_usage":[13,16,17],"damage_taken":[{"damage":63,"enemies":"Lagavulin Event","floor":1,"turns":7},{"damage":6,"enemies":"Small Slimes","floor":2,"turns":4},{"damage":6,"enemies":"Cultist","floor":4,"turns":4},{"damage":1,"enemies":"2 Louse","floor":5,"turns":4},{"damage":0,"enemies":"downfall:FleeingMerchant","floor":11,"turns":4},{"damage":13,"enemies":"2 Fungi Beasts","floor":12,"turns":3},{"damage":15,"enemies":"Gremlin Gang","floor":13,"turns":4},{"damage":40,"enemies":"3 Sentries","floor":14,"turns":9},{"damage":7,"enemies":"Red Slaver","floor":16,"turns":5},{"damage":14,"enemies":"Exordium Thugs","floor":17,"turns":4},{"damage":21,"enemies":"IC_STATUS_ARCHETYPE","floor":18,"turns":2}],"seed_played":"-8980886319470357637","potions_obtained":[{"floor":1,"key":"Elixir"},{"floor":4,"key":"LiquidBronze"},{"floor":13,"key":"FearPotion"},{"floor":16,"key":"Energy Potion"}],"is_trial":false,"path_per_floor":["R","M","?","M","M","R","PTL","PTL","T","R","$","M","M","E","R","M","M","B"],"character_chosen":"THE_SNECKO","items_purchased":["sneckomod:MasterEye","sneckomod:ImprovisedGuard","sneckomod:DiceCrush"],"campfire_rested":3,"item_purchase_floors":[11,11,11],"current_hp_per_floor":[27,21,21,15,14,43,43,43,43,72,72,59,44,4,33,26,12,0,0,0],"gold":96,"neow_bonus":"TEN_PERCENT_HP_BONUS","is_daily":false,"chose_seed":false,"campfire_upgraded":0,"win_rate":0.0,"timestamp":1613415283,"path_taken":["R","M","?","M","M","R","PTL","PTL","T","R","$","M","M","E","R","M","M","BOSS"],"items_purchased_type":["Card","Card","Card"],"build_version":"2020-12-22","purchased_purges":0,"victory":false,"max_hp_per_floor":[99,99,99,99,99,99,99,99,99,99,99,99,99,99,99,99,99,99,99,99],"relic_stats":{"counters":[11,50],"obtain_stats":[{"Du-Vu Doll":1,"Replay:Baseball":14,"reliquary:SculptingSteel":9,"sneckomod:SneckoSoul":0},{"Du-Vu Doll":0,"Replay:Baseball":8,"reliquary:SculptingSteel":4,"sneckomod:SneckoSoul":0},{"Du-Vu Doll":0,"Replay:Baseball":39,"reliquary:SculptingSteel":19,"sneckomod:SneckoSoul":0}]},"card_choices":[{"not_picked":["sneckomod:UnknownDraw","sneckomod:UnknownClassGREEN"],"picked":"sneckomod:UnknownUncommonPower","floor":1},{"not_picked":["sneckomod:UnknownClassTHE_BRONZE_AUTOMATON","sneckomod:Unknown1Cost"],"picked":"sneckomod:SoulRoll","floor":2},{"not_picked":["sneckomod:DiceBoulder","sneckomod:CheapStock"],"picked":"sneckomod:SlitherStrike","floor":4},{"not_picked":["sneckomod:UnknownWeak","sneckomod:UnknownClassSLIMEBOUND"],"picked":"sneckomod:QuickMove","floor":5},{"not_picked":["sneckomod:UnknownClassRED","sneckomod:SlitherStrike"],"picked":"sneckomod:ImprovisedAttack","floor":11},{"not_picked":["sneckomod:UnknownClassPURPLE","sneckomod:UnknownClassRED"],"picked":"sneckomod:Restock","floor":12},{"not_picked":["sneckomod:UnknownDraw","sneckomod:UnknownClassGUARDIAN"],"picked":"sneckomod:UnendingSupply","floor":13},{"not_picked":["sneckomod:UnknownClassSLIMEBOUND","sneckomod:Unknown0Cost"],"picked":"sneckomod:Rotation","floor":14},{"not_picked":["sneckomod:WideSting","sneckomod:UnknownBlock"],"picked":"sneckomod:SoulDraw","floor":16},{"not_picked":["sneckomod:CheapStock","sneckomod:PureSnecko"],"picked":"sneckomod:Rotation","floor":17}],"player_experience":2172462,"relics_obtained":[{"floor":9,"key":"reliquary:SculptingSteel"},{"floor":14,"key":"Replay:Baseball"}],"event_choices":[],"is_beta":false,"boss_relics":[],"items_purged_floors":[],"is_endless":false,"potions_floor_spawned":[1,4,13,16],"killed_by":"IC_STATUS_ARCHETYPE","ascension_level":10}}