{"host":"soyfmymeou4emntr","time":1613420951,"event":{"mods":["BaseMod","Minty Spire (QoL Compilation)","Permanent Neow","Relic Sorter","Relic Stats","StSLib"],"gold_per_floor":[109,34,51,65,65,106,106,147,147,147,481,510,510,510,510,609,609,609,609,482,482,482,482,482,482,482,482,482,482,482,321,321,321,321,321,321,115,115,115,115,115,115,115,115,115,115,115,115,115,115,115,115,115,36,36,36],"floor_reached":57,"language":"ENG","playtime":17629,"items_purged":["Strike_G"],"score":3118,"play_id":"1fcb3dc5-913f-4883-9b05-a4b0d8eed98b","local_time":"20210215132911","is_ascension_mode":true,"campfire_choices":[{"floor":7.0,"key":"REST"},{"floor":10.0,"key":"REST"},{"data":"Wraith Form v2","floor":13.0,"key":"SMITH"},{"floor":15.0,"key":"REST"},{"data":"Catalyst","floor":23.0,"key":"SMITH"},{"data":"Wraith Form v2","floor":25.0,"key":"SMITH"},{"data":"Trip","floor":28.0,"key":"SMITH"},{"data":"Crippling Poison","floor":32.0,"key":"SMITH"},{"floor":41,"key":"RECALL"},{"data":"Adrenaline","floor":46,"key":"SMITH"},{"data":"Noxious Fumes","floor":49,"key":"SMITH"},{"data":"Bouncing Flask","floor":53,"key":"SMITH"}],"circlet_count":0,"master_deck":["AscendersBane","Defend_G","Defend_G","Defend_G","Defend_G","Survivor","Neutralize","Trip+1","Cloak And Dagger","All Out Attack","Bouncing Flask+1","Crippling Poison+1","Leg Sweep","Wraith Form v2+1","Corpse Explosion","Catalyst+1","Acrobatics","Blade Dance","Bite","Bite+1","Bite","Bite","Bite+1","Wraith Form v2+1","Accuracy+1","Adrenaline+1","Crippling Poison+1","Bouncing Flask","Noxious Fumes+1","Outmaneuver+1","Deadly Poison+1","Footwork","Grand Finale","Flechettes+1","Accuracy"],"relics":["Ring of the Snake","Golden Idol","WingedGreaves","Matryoshka","Centennial Puzzle","TungstenRod","Old Coin","Odd Mushroom","Ectoplasm","MutagenicStrength","FossilizedHelix","Strawberry","Vajra","Gambling Chip","Whetstone","Happy Flower","Runic Pyramid","Snake Skull","Singing Bowl","Prayer Wheel","Orichalcum","Pocketwatch"],"acts_visited":["Exordium","TheCity","TheBeyond","TheEnding"],"potions_floor_usage":[50,56],"damage_taken":[{"damage":0.0,"enemies":"Jaw Worm","floor":1.0,"turns":5.0},{"damage":0.0,"enemies":"2 Louse","floor":3.0,"turns":3.0},{"damage":0.0,"enemies":"Small Slimes","floor":4.0,"turns":2.0},{"damage":34.0,"enemies":"Gremlin Nob","floor":6.0,"turns":4.0},{"damage":20.0,"enemies":"3 Sentries","floor":8.0,"turns":7.0},{"damage":23.0,"enemies":"Lagavulin","floor":11.0,"turns":7.0},{"damage":4.0,"enemies":"The Mushroom Lair","floor":12.0,"turns":4.0},{"damage":0.0,"enemies":"Blue Slaver","floor":14.0,"turns":1.0},{"damage":21.0,"enemies":"Hexaghost","floor":16.0,"turns":13.0},{"damage":2.0,"enemies":"Spheric Guardian","floor":18.0,"turns":6.0},{"damage":5.0,"enemies":"Chosen","floor":19.0,"turns":7.0},{"damage":20.0,"enemies":"Book of Stabbing","floor":24.0,"turns":5.0},{"damage":0.0,"enemies":"Snake Plant","floor":27.0,"turns":5.0},{"damage":0.0,"enemies":"Slavers","floor":29.0,"turns":5.0},{"damage":7.0,"enemies":"Gremlin Leader","floor":30.0,"turns":8.0},{"damage":0.0,"enemies":"Collector","floor":33.0,"turns":8.0},{"damage":0.0,"enemies":"Orb Walker","floor":35.0,"turns":3.0},{"damage":0.0,"enemies":"3 Shapes","floor":36.0,"turns":2.0},{"damage":0,"enemies":"3 Darklings","floor":38,"turns":3},{"damage":0,"enemies":"Reptomancer","floor":40,"turns":5},{"damage":0,"enemies":"Mind Bloom Boss Battle","floor":42,"turns":7},{"damage":0,"enemies":"Writhing Mass","floor":45,"turns":4},{"damage":0,"enemies":"Giant Head","floor":47,"turns":7},{"damage":0,"enemies":"Jaw Worm Horde","floor":48,"turns":2},{"damage":0,"enemies":"Donu and Deca","floor":50,"turns":8},{"damage":57,"enemies":"Awakened One","floor":51,"turns":13},{"damage":6,"enemies":"Shield and Spear","floor":55,"turns":6},{"damage":46,"enemies":"The Heart","floor":56,"turns":10}],"seed_played":"768544532903808091","potions_obtained":[{"floor":3.0,"key":"SkillPotion"},{"floor":8.0,"key":"SmokeBomb"},{"floor":12.0,"key":"LiquidMemories"},{"floor":16.0,"key":"BlessingOfTheForge"},{"floor":18.0,"key":"SmokeBomb"},{"floor":19.0,"key":"ColorlessPotion"},{"floor":36.0,"key":"Dexterity Potion"},{"floor":40,"key":"Block Potion"},{"floor":45,"key":"Ancient Potion"}],"is_trial":false,"path_per_floor":["M","?","M","M","?","E","R","E","T","R","E","?","R","M","R","B",null,"M","M","$","?","?","R","E","R","T","M","R","E","E","$","R","B",null,"M","M","$","M","?","E","R","?","T","$","M","R","E","M","R","B","B",null,"R","$","E","B",null],"character_chosen":"THE_SILENT","items_purchased":["Blade Dance","Happy Flower","Snake Skull","Noxious Fumes","Accuracy"],"campfire_rested":3,"item_purchase_floors":[20,31,37,37,54],"current_hp_per_floor":[59,59,59,59,59,25,43,23,23,41,18,14,14,14,32,11,48,46,41,41,41,41,41,28,28,35,41,41,49,49,49,49,49,49,49,49,49,49,49,51,51,51,51,51,53,53,53,55,55,55,14,45,45,45,46,12],"gold":36,"neow_bonus":"RANDOM_COLORLESS","is_daily":false,"chose_seed":false,"campfire_upgraded":8,"win_rate":0.0,"timestamp":1613420951,"path_taken":["M","?","M","M","?","E","R","E","T","R","E","?","R","M","R","BOSS","M","M","$","?","?","R","E","R","T","M","R","E","E","?","R","BOSS","M","M","$","M","?","E","R","?","T","?","M","R","E","M","R","BOSS","BOSS","R","$","E","BOSS"],"items_purchased_type":["Card","Relic","Relic","Card","Card"],"build_version":"2020-12-22","purchased_purges":1,"victory":true,"max_hp_per_floor":[66,66,66,66,60,60,60,60,60,60,60,60,60,60,60,60,60,60,60,60,42,42,42,42,42,49,49,49,49,49,49,49,49,49,49,49,49,49,49,51,51,51,51,51,53,53,53,55,55,55,55,55,55,55,57,57],"relic_stats":{"Happy Flower":[26],"Singing Bowl":8,"counters":[28,160],"Golden Idol":209,"Snake Skull":[134],"Whetstone":["Bite","Bite"],"Orichalcum":[156],"Centennial Puzzle":[30],"Gambling Chip":[27],"Prayer Wheel":2,"Ectoplasm":556,"obtain_stats":[{"Happy Flower":31,"Singing Bowl":40,"Golden Idol":5,"Vajra":26,"Snake Skull":37,"Whetstone":30,"Odd Mushroom":12,"Orichalcum":47,"Old Coin":11,"Centennial Puzzle":9,"Matryoshka":8,"MutagenicStrength":22,"Strawberry":26,"Gambling Chip":29,"Prayer Wheel":42,"WingedGreaves":6,"Ectoplasm":17,"TungstenRod":9,"FossilizedHelix":24,"Ring of the Snake":0,"Runic Pyramid":34,"Pocketwatch":55},{"Happy Flower":15,"Singing Bowl":20,"Golden Idol":3,"Vajra":12,"Snake Skull":18,"Whetstone":15,"Odd Mushroom":7,"Orichalcum":23,"Old Coin":6,"Centennial Puzzle":5,"Matryoshka":5,"MutagenicStrength":11,"Strawberry":12,"Gambling Chip":14,"Prayer Wheel":21,"WingedGreaves":4,"Ectoplasm":9,"TungstenRod":5,"FossilizedHelix":12,"Ring of the Snake":0,"Runic Pyramid":16,"Pocketwatch":27},{"Happy Flower":82,"Singing Bowl":103,"Golden Idol":10,"Vajra":64,"Snake Skull":95,"Whetstone":82,"Odd Mushroom":32,"Orichalcum":121,"Old Coin":28,"Centennial Puzzle":21,"Matryoshka":21,"MutagenicStrength":59,"Strawberry":64,"Gambling Chip":74,"Prayer Wheel":110,"WingedGreaves":14,"Ectoplasm":46,"TungstenRod":21,"FossilizedHelix":64,"Ring of the Snake":0,"Runic Pyramid":90,"Pocketwatch":150}],"TungstenRod":133,"Ring of the Snake":[56],"Pocketwatch":[0]},"card_choices":[{"not_picked":["Impatience","Discovery"],"picked":"Trip","floor":0.0},{"not_picked":["Distraction","Leg Sweep"],"picked":"Cloak And Dagger","floor":1.0},{"not_picked":["Deflect","Prepared"],"picked":"All Out Attack","floor":3.0},{"not_picked":["Poisoned Stab","Deflect"],"picked":"Bouncing Flask","floor":4.0},{"not_picked":["Skewer","All Out Attack"],"picked":"Crippling Poison","floor":6.0},{"not_picked":["Dagger Throw","Bane"],"picked":"Leg Sweep","floor":8.0},{"not_picked":["Night Terror","Dagger Throw"],"picked":"Wraith Form v2","floor":11.0},{"not_picked":["Glass Knife","Phantasmal Killer"],"picked":"Corpse Explosion","floor":16.0},{"not_picked":["Expertise","Eviscerate"],"picked":"Catalyst","floor":18.0},{"not_picked":["Outmaneuver","Deflect"],"picked":"Acrobatics","floor":19.0},{"not_picked":["Deflect","Flechettes"],"picked":"Wraith Form v2","floor":24.0},{"not_picked":["Dagger Throw","Deflect","Quick Slash"],"picked":"SKIP","floor":27.0},{"not_picked":["Deflect","Slice","Tactician"],"picked":"SKIP","floor":29.0},{"not_picked":["Slice","Poisoned Stab"],"picked":"Accuracy+1","floor":30.0},{"not_picked":["Storm of Steel","Bullet Time"],"picked":"Adrenaline","floor":33.0},{"not_picked":["Escape Plan+1","Endless Agony"],"picked":"Crippling Poison+1","floor":35.0},{"not_picked":["Finisher","Heel Hook"],"picked":"Bouncing Flask","floor":36.0},{"not_picked":["Sucker Punch","Quick Slash+1"],"picked":"Outmaneuver+1","floor":38},{"not_picked":["Underhanded Strike","Dagger Spray","Expertise"],"picked":"Singing Bowl","floor":40},{"not_picked":["Blade Dance","Predator"],"picked":"Deadly Poison+1","floor":42},{"not_picked":["Setup+1","Dagger Spray","Reflex"],"picked":"Singing Bowl","floor":45},{"not_picked":["Finisher","Sucker Punch"],"picked":"Footwork","floor":45},{"not_picked":["Dagger Spray","Prepared"],"picked":"Grand Finale","floor":47},{"not_picked":["Underhanded Strike","Backflip","Backstab+1"],"picked":"Singing Bowl","floor":48},{"not_picked":["Dagger Spray","Outmaneuver"],"picked":"Flechettes+1","floor":48},{"not_picked":["Poisoned Stab+1","Calculated Gamble","Masterful Stab+1"],"picked":"Singing Bowl","floor":55}],"player_experience":3325010,"relics_obtained":[{"floor":6.0,"key":"WingedGreaves"},{"floor":8.0,"key":"Matryoshka"},{"floor":9.0,"key":"Centennial Puzzle"},{"floor":9.0,"key":"TungstenRod"},{"floor":11.0,"key":"Old Coin"},{"floor":12.0,"key":"Odd Mushroom"},{"floor":24.0,"key":"FossilizedHelix"},{"floor":26.0,"key":"Strawberry"},{"floor":26.0,"key":"Vajra"},{"floor":29.0,"key":"Gambling Chip"},{"floor":30.0,"key":"Whetstone"},{"floor":40,"key":"Singing Bowl"},{"floor":42,"key":"Prayer Wheel"},{"floor":47,"key":"Orichalcum"},{"floor":55,"key":"Pocketwatch"}],"event_choices":[{"cards_removed":["Defend_G"],"damage_healed":0.0,"max_hp_gain":0.0,"max_hp_loss":0.0,"gold_gain":0.0,"event_name":"The Cleric","player_choice":"Card Removal","floor":2.0,"gold_loss":75.0,"damage_taken":0.0},{"damage_healed":0.0,"max_hp_gain":0.0,"max_hp_loss":6.0,"gold_gain":0.0,"event_name":"Golden Idol","player_choice":"Lose Max HP","floor":5.0,"gold_loss":0.0,"damage_taken":0.0,"relics_obtained":["Golden Idol"]},{"damage_healed":0.0,"max_hp_gain":0.0,"max_hp_loss":0.0,"gold_gain":0.0,"event_name":"Mushrooms","player_choice":"Fought Mushrooms","floor":12.0,"gold_loss":0.0,"damage_taken":0.0},{"damage_healed":0.0,"max_hp_gain":0.0,"max_hp_loss":18.0,"gold_gain":0.0,"event_name":"Vampires","player_choice":"Became a vampire","floor":21.0,"gold_loss":0.0,"damage_taken":0.0,"cards_obtained":["Bite","Bite","Bite","Bite","Bite"]},{"damage_healed":0.0,"max_hp_gain":0.0,"max_hp_loss":0.0,"gold_gain":0.0,"event_name":"Drug Dealer","player_choice":"Inject Mutagens","floor":22.0,"gold_loss":0.0,"damage_taken":0.0,"relics_obtained":["MutagenicStrength"]},{"damage_healed":0,"gold_gain":0,"player_choice":"Ignored","damage_taken":0,"max_hp_gain":0,"max_hp_loss":0,"event_name":"Tomb of Lord Red Mask","floor":39,"gold_loss":0},{"damage_healed":0,"gold_gain":0,"player_choice":"Fight","damage_taken":0,"max_hp_gain":0,"max_hp_loss":0,"event_name":"MindBloom","floor":42,"gold_loss":0}],"is_beta":false,"boss_relics":[{"not_picked":["Busted Crown","Fusion Hammer"],"picked":"Ectoplasm"},{"not_picked":["Empty Cage","Philosopher\u0027s Stone"],"picked":"Runic Pyramid"}],"items_purged_floors":[20],"is_endless":false,"potions_floor_spawned":[3,8,12,16,18,19,27,36,40,45,48],"ascension_level":20}}