{"host":"uv5ws9rdk87e8i5k","time":1613427386,"event":{"mods":["AchievementEnabler","BaseMod","Colored Map","Minty Spire (QoL Compilation)","Permanent Neow","Quick Restart","StSLib","SuperFastMode","The Necromancer"],"gold_per_floor":[12,31,49,124,139,169,180,208,233,24,44,44,78,93,93,195,195,195],"floor_reached":17,"language":"ENG","playtime":428,"items_purged":["Strike_P"],"score":188,"play_id":"a172743a-a506-4620-9f6a-348d27ad5654","local_time":"20210215161626","is_ascension_mode":true,"campfire_choices":[{"data":"Judgement","floor":15,"key":"SMITH"}],"circlet_count":0,"master_deck":["Strike_P","Strike_P","Strike_P","Defend_P","Defend_P","Defend_P","Eruption","Vigilance","Judgement+1","Evaluate","Perseverance","Establishment","FlyingSleeves","FlyingSleeves","Consecrate","WindmillStrike","Wallop","Evaluate","EmptyFist","ConjureBlade"],"relics":["PureWater","Ancient Tea Set","Yang","MawBank","Lee\u0027s Waffle","Toy Ornithopter","VioletLotus"],"acts_visited":["Exordium","TheCity"],"potions_floor_usage":[8,13,14,16],"damage_taken":[{"damage":0.0,"enemies":"2 Louse","floor":1.0,"turns":2.0},{"damage":0.0,"enemies":"Cultist","floor":2.0,"turns":3.0},{"damage":1.0,"enemies":"Small Slimes","floor":3.0,"turns":2.0},{"damage":0,"enemies":"Exordium Wildlife","floor":5,"turns":3},{"damage":7,"enemies":"3 Sentries","floor":6,"turns":7},{"damage":7,"enemies":"Looter","floor":7,"turns":4},{"damage":11,"enemies":"Lagavulin","floor":8,"turns":5},{"damage":13,"enemies":"2 Fungi Beasts","floor":11,"turns":3},{"damage":1,"enemies":"3 Sentries","floor":13,"turns":3},{"damage":2,"enemies":"3 Louse","floor":14,"turns":4},{"damage":10,"enemies":"Slime Boss","floor":16,"turns":8}],"seed_played":"4899430557289508346","potions_obtained":[{"floor":2.0,"key":"Energy Potion"},{"floor":6,"key":"Swift Potion"},{"floor":7,"key":"Explosive Potion"},{"floor":13,"key":"Fruit Juice"},{"floor":14,"key":"ColorlessPotion"}],"is_trial":false,"path_per_floor":["M","M","M","?","M","E","M","E","T","$","M","?","E","M","R","B",null],"character_chosen":"WATCHER","items_purchased":["Lee\u0027s Waffle"],"campfire_rested":0,"item_purchase_floors":[10],"current_hp_per_floor":[72,72,71,64,64,57,50,39,39,79,66,66,65,73,73,68,84,84],"gold":195,"neow_bonus":"THREE_RARE_CARDS","is_daily":false,"chose_seed":false,"campfire_upgraded":1,"win_rate":0.0,"timestamp":1613427386,"path_taken":["M","M","M","?","M","E","M","E","T","?","M","?","E","M","R","BOSS"],"items_purchased_type":["Relic"],"build_version":"2020-12-22","purchased_purges":1,"victory":false,"max_hp_per_floor":[72,72,72,72,72,72,72,72,72,79,79,79,79,84,84,84,84,84],"card_choices":[{"not_picked":["SpiritShield","Devotion"],"picked":"Judgement","floor":0.0},{"not_picked":["ThirdEye","Consecrate"],"picked":"Evaluate","floor":1.0},{"not_picked":["EmptyFist","WindmillStrike"],"picked":"Perseverance","floor":2.0},{"not_picked":["Prostrate","CrushJoints"],"picked":"Establishment","floor":3.0},{"not_picked":["EmptyMind","JustLucky"],"picked":"FlyingSleeves","floor":5},{"not_picked":["Collect","Brilliance"],"picked":"FlyingSleeves","floor":6},{"not_picked":["EmptyFist","CrushJoints"],"picked":"Consecrate","floor":7},{"not_picked":["ForeignInfluence","FlyingSleeves"],"picked":"WindmillStrike","floor":8},{"not_picked":["FlyingSleeves","FlurryOfBlows"],"picked":"Wallop","floor":11},{"not_picked":["Blasphemy","Consecrate","Collect"],"picked":"SKIP","floor":13},{"not_picked":["SashWhip","FlyingSleeves"],"picked":"EmptyFist","floor":14},{"not_picked":["Wish","Establishment"],"picked":"ConjureBlade","floor":16}],"player_experience":196430,"relics_obtained":[{"floor":6,"key":"Ancient Tea Set"},{"floor":8,"key":"Yang"},{"floor":9,"key":"MawBank"},{"floor":13,"key":"Toy Ornithopter"}],"event_choices":[{"damage_healed":0,"gold_gain":75,"player_choice":"Touch","damage_taken":7,"max_hp_gain":0,"max_hp_loss":0,"event_name":"FaceTrader","floor":4,"gold_loss":0},{"damage_healed":0,"gold_gain":0,"cards_transformed":["Defend_P"],"player_choice":"Transformed","damage_taken":0,"max_hp_gain":0,"max_hp_loss":0,"event_name":"Transmorgrifier","floor":12,"gold_loss":0,"cards_obtained":["Evaluate"]}],"is_beta":false,"boss_relics":[{"not_picked":["SlaversCollar","HolyWater"],"picked":"VioletLotus"}],"items_purged_floors":[10],"is_endless":false,"potions_floor_spawned":[2,6,7,13,14],"ascension_level":1}}