{"host":"gfxjwtol062e9znw","time":1613384117,"event":{"mods":["BaseMod","Colored Map","Minty Spire (QoL Compilation)","Rare Cards Sparkle","StSLib"],"gold_per_floor":[114,129,109,119,130,457,457,488,563,36,36,36,48,63,63,165,165,179,50,70,85,0,0,18,18,18,18,32,32,58,75,75,180,180,192,192,192,192,211,211,237,253,280,291,303,48,63,63,63],"floor_reached":48,"language":"ENG","playtime":2478,"items_purged":["Strike_B"],"score":812,"play_id":"a0dbd350-96a5-4d7f-a535-c38e770c3589","local_time":"20210215211517","is_ascension_mode":true,"campfire_choices":[{"floor":7.0,"key":"REST"},{"floor":11.0,"key":"REST"},{"floor":15.0,"key":"REST"},{"floor":23.0,"key":"REST"},{"floor":25.0,"key":"REST"},{"data":"Hologram","floor":27.0,"key":"SMITH"},{"data":"Loop","floor":29.0,"key":"SMITH"},{"floor":32.0,"key":"REST"},{"floor":40.0,"key":"REST"}],"circlet_count":0,"master_deck":["Strike_B","Defend_B","Defend_B","Defend_B","Zap","Dualcast+1","Gash","Conserve Battery","Sweeping Beam","Ball Lightning","Coolheaded","Gash","All For One","Gash","Swift Strike","Electrodynamics","Streamline","Leap","Gash","Seek","BootSequence+1","Conserve Battery+1","Fusion+1","Hologram+1","Gash+1","Rebound","Seek","Loop+1","Redo+1","Gash","Beam Cell","Steam+1","Biased Cognition+1","All For One","Undo+1","Secret Technique+1","Parasite","Turbo+1","All For One"],"relics":["Cracked Core","Old Coin","Prayer Wheel","Pantograph","Gremlin Horn","Astrolabe","Orichalcum","Toxic Egg 2","Cables","Fusion Hammer","Mummified Hand","Omamori"],"acts_visited":["Exordium","TheCity","TheBeyond"],"potions_floor_usage":[48,48],"damage_taken":[{"damage":2.0,"enemies":"Small Slimes","floor":1.0,"turns":3.0},{"damage":1.0,"enemies":"Cultist","floor":2.0,"turns":3.0},{"damage":0.0,"enemies":"Jaw Worm","floor":4.0,"turns":3.0},{"damage":9.0,"enemies":"Lots of Slimes","floor":5.0,"turns":4.0},{"damage":23.0,"enemies":"3 Sentries","floor":6.0,"turns":5.0},{"damage":24.0,"enemies":"Gremlin Nob","floor":8.0,"turns":4.0},{"damage":12.0,"enemies":"Exordium Wildlife","floor":13.0,"turns":3.0},{"damage":8.0,"enemies":"Large Slime","floor":14.0,"turns":2.0},{"damage":39.0,"enemies":"Hexaghost","floor":16.0,"turns":5.0},{"damage":10.0,"enemies":"2 Thieves","floor":18.0,"turns":3.0},{"damage":6.0,"enemies":"3 Byrds","floor":20.0,"turns":4.0},{"damage":9.0,"enemies":"Cultist and Chosen","floor":21.0,"turns":5.0},{"damage":16.0,"enemies":"Snake Plant","floor":24.0,"turns":4.0},{"damage":1.0,"enemies":"Shelled Parasite and Fungi","floor":28.0,"turns":2.0},{"damage":10.0,"enemies":"Gremlin Leader","floor":30.0,"turns":3.0},{"damage":8.0,"enemies":"3 Cultists","floor":31.0,"turns":3.0},{"damage":0.0,"enemies":"Automaton","floor":33.0,"turns":6.0},{"damage":15.0,"enemies":"3 Shapes","floor":35.0,"turns":4.0},{"damage":3.0,"enemies":"Orb Walker","floor":39.0,"turns":3.0},{"damage":37.0,"enemies":"Nemesis","floor":41.0,"turns":5.0},{"damage":20.0,"enemies":"Writhing Mass","floor":42.0,"turns":5.0},{"damage":8.0,"enemies":"4 Shapes","floor":44.0,"turns":2.0},{"damage":16.0,"enemies":"Spire Growth","floor":45.0,"turns":4.0},{"damage":0.0,"enemies":"Sphere and 2 Shapes","floor":47.0,"turns":2.0},{"damage":18,"enemies":"Transient","floor":48,"turns":3}],"seed_played":"-4313564049035992598","potions_obtained":[{"floor":1.0,"key":"PotionOfCapacity"},{"floor":3.0,"key":"FocusPotion"},{"floor":8.0,"key":"DistilledChaos"},{"floor":13.0,"key":"LiquidBronze"},{"floor":14.0,"key":"Swift Potion"},{"floor":21.0,"key":"Fire Potion"},{"floor":28.0,"key":"SteroidPotion"},{"floor":30.0,"key":"FocusPotion"},{"floor":31.0,"key":"ColorlessPotion"},{"floor":33.0,"key":"ColorlessPotion"},{"floor":41.0,"key":"BlessingOfTheForge"},{"floor":45.0,"key":"Energy Potion"},{"floor":47.0,"key":"EssenceOfDarkness"}],"is_trial":false,"path_per_floor":["M","M","?","M","M","E","R","E","T","$","R","?","M","M","R","B",null,"M","$","M","M","?","R","M","R","T","R","M","R","E","M","R","B",null,"M","?","?","?","M","R","E","M","T","M","M","$","M","M"],"character_chosen":"DEFECT","items_purchased":["All For One","Gash","Swift Strike","Gremlin Horn","Gash","DuplicationPotion","EntropicBrew","All For One"],"campfire_rested":7,"item_purchase_floors":[10,10,10,10,19,19,46,46],"current_hp_per_floor":[73,72,72,72,63,40,64,40,40,40,64,64,52,44,68,43,72,62,62,56,47,47,71,55,79,79,79,78,78,68,60,82,82,82,67,67,67,67,64,82,45,25,25,17,1,1,1,0,0],"gold":63,"neow_bonus":"TEN_PERCENT_HP_BONUS","is_daily":false,"chose_seed":false,"campfire_upgraded":2,"win_rate":0.0,"timestamp":1613384117,"path_taken":["M","M","?","M","?","E","R","E","T","?","R","?","M","M","R","BOSS","M","?","M","M","?","R","M","R","T","R","M","R","E","M","R","BOSS","M","?","?","?","M","R","E","M","T","?","M","$","M","M"],"items_purchased_type":["Card","Card","Card","Relic","Card","Potion","Potion","Card"],"build_version":"2020-12-22","purchased_purges":1,"victory":false,"max_hp_per_floor":[82,82,82,82,82,82,82,82,82,82,82,82,82,82,82,82,82,82,82,82,82,82,82,82,82,82,82,82,82,82,82,82,82,82,82,82,82,82,82,82,82,82,82,82,82,82,82,82,82],"card_choices":[{"not_picked":["Chill","Go for the Eyes"],"picked":"Gash","floor":1.0},{"not_picked":["Barrage","Rebound"],"picked":"Conserve Battery","floor":2.0},{"not_picked":["Reprogram","Hologram"],"picked":"Sweeping Beam","floor":4.0},{"not_picked":["Auto Shields","Creative AI"],"picked":"Ball Lightning","floor":5.0},{"not_picked":["Compile Driver","Redo"],"picked":"Coolheaded","floor":6.0},{"not_picked":["Ball Lightning","Scrape"],"picked":"Gash","floor":8.0},{"not_picked":["Conserve Battery","Streamline"],"picked":"Electrodynamics","floor":13.0},{"not_picked":["Tempest","Rebound"],"picked":"Streamline","floor":13.0},{"not_picked":["Beam Cell","Streamline"],"picked":"Leap","floor":14.0},{"not_picked":["Stack","Steam"],"picked":"Gash","floor":14.0},{"not_picked":["Creative AI","Fission"],"picked":"Seek","floor":16.0},{"not_picked":["Ball Lightning","Barrage"],"picked":"Hologram","floor":18.0},{"not_picked":["Coolheaded+1","Stack+1","Streamline+1"],"picked":"SKIP","floor":18.0},{"not_picked":["Double Energy+1","Chill"],"picked":"Gash+1","floor":20.0},{"not_picked":["Conserve Battery","Hologram","Compile Driver"],"picked":"SKIP","floor":20.0},{"not_picked":["Tempest","Conserve Battery+1"],"picked":"Rebound","floor":21.0},{"not_picked":["Leap","Barrage+1","Sweeping Beam+1"],"picked":"SKIP","floor":21.0},{"not_picked":["Coolheaded","Barrage+1"],"picked":"Seek","floor":24.0},{"not_picked":["Blizzard+1","Rebound+1"],"picked":"Loop","floor":24.0},{"not_picked":["Gash","Conserve Battery+1"],"picked":"Redo+1","floor":28.0},{"not_picked":["Lockon+1","Sweeping Beam+1"],"picked":"Gash","floor":28.0},{"not_picked":["Leap+1","Recycle+1"],"picked":"Beam Cell","floor":30.0},{"not_picked":["Defragment+1","Barrage"],"picked":"Steam+1","floor":31.0},{"not_picked":["Rebound+1","Auto Shields+1"],"picked":"Biased Cognition","floor":31.0},{"not_picked":["Biased Cognition","Amplify+1"],"picked":"All For One","floor":33.0},{"not_picked":["Beam Cell+1","Cold Snap"],"picked":"Undo+1","floor":35.0},{"not_picked":["Storm+1","Reinforced Body+1","Barrage"],"picked":"SKIP","floor":35.0},{"not_picked":["Panacea+1","Impatience+1"],"picked":"Secret Technique+1","floor":36.0},{"not_picked":["Beam Cell+1","Cold Snap+1","Streamline"],"picked":"SKIP","floor":39.0},{"not_picked":["Sweeping Beam+1","Beam Cell","Undo+1"],"picked":"SKIP","floor":39.0},{"not_picked":["Storm","Consume+1","Cold Snap"],"picked":"SKIP","floor":41.0},{"not_picked":["Redo+1","Leap+1"],"picked":"Turbo+1","floor":42.0},{"not_picked":["Cold Snap","Echo Form","Ball Lightning+1"],"picked":"SKIP","floor":42.0},{"not_picked":["Ball Lightning+1","Leap+1","Blizzard+1"],"picked":"SKIP","floor":44.0},{"not_picked":["Gash","Barrage+1","Genetic Algorithm+1"],"picked":"SKIP","floor":44.0},{"not_picked":["Turbo+1","FTL+1","Reinforced Body+1"],"picked":"SKIP","floor":45.0},{"not_picked":["Thunder Strike","Gash","Barrage+1"],"picked":"SKIP","floor":45.0},{"not_picked":["Steam+1","Leap+1","Turbo+1"],"picked":"SKIP","floor":47.0},{"not_picked":["Self Repair","Streamline","Go for the Eyes"],"picked":"SKIP","floor":47.0}],"player_experience":187910,"relics_obtained":[{"floor":6.0,"key":"Old Coin"},{"floor":8.0,"key":"Prayer Wheel"},{"floor":9.0,"key":"Pantograph"},{"floor":26.0,"key":"Toxic Egg 2"},{"floor":30.0,"key":"Cables"},{"floor":41.0,"key":"Mummified Hand"},{"floor":43.0,"key":"Omamori"}],"event_choices":[{"damage_healed":0.0,"max_hp_gain":0.0,"max_hp_loss":0.0,"gold_gain":0.0,"event_name":"The Woman in Blue","player_choice":"Bought 1 Potion","floor":3.0,"gold_loss":0.0,"damage_taken":0.0},{"damage_healed":0.0,"max_hp_gain":0.0,"max_hp_loss":0.0,"gold_gain":0.0,"event_name":"Accursed Blacksmith","player_choice":"Forge","floor":12.0,"gold_loss":0.0,"damage_taken":0.0,"cards_upgraded":["Dualcast"]},{"damage_healed":0.0,"max_hp_gain":0.0,"max_hp_loss":0.0,"gold_gain":0.0,"event_name":"Addict","player_choice":"Obtained Relic","floor":22.0,"gold_loss":85.0,"damage_taken":0.0,"relics_obtained":["Orichalcum"]},{"damage_healed":0.0,"max_hp_gain":0.0,"max_hp_loss":0.0,"gold_gain":0.0,"event_name":"SensoryStone","player_choice":"Memory 1","floor":36.0,"gold_loss":0.0,"damage_taken":0.0},{"cards_removed":["Gash"],"damage_healed":0.0,"max_hp_gain":0.0,"max_hp_loss":0.0,"gold_gain":0.0,"event_name":"Falling","player_choice":"Removed Attack","floor":37.0,"gold_loss":0.0,"damage_taken":0.0},{"damage_healed":0.0,"max_hp_gain":0.0,"max_hp_loss":0.0,"gold_gain":0.0,"event_name":"Upgrade Shrine","player_choice":"Upgraded","floor":38.0,"gold_loss":0.0,"damage_taken":0.0,"cards_upgraded":["Biased Cognition"]}],"is_beta":false,"boss_relics":[{"not_picked":["Sozu","Runic Dome"],"picked":"Astrolabe"},{"not_picked":["Nuclear Battery","Runic Pyramid"],"picked":"Fusion Hammer"}],"items_purged_floors":[10],"is_endless":false,"potions_floor_spawned":[1,8,13,14,21,28,30,31,33,35,41,45,47],"killed_by":"Transient","ascension_level":7}}