{"host":"fbdlh90rovbiajun","time":1613367846,"event":{"mods":["AchievementEnabler","BaseMod","Colored Map","Keyboard Shortcuts","Minty Spire (QoL Compilation)","SuperFastMode"],"gold_per_floor":[118,118,193,193,213,253,253,132,181,181,54,54,78,78,78,78,78],"floor_reached":16,"language":"KOR","playtime":324,"items_purged":["Strike_B","Strike_B"],"score":121,"play_id":"44a802f0-b4ca-4296-8f0b-12ef526c9fbb","local_time":"20210215144406","is_ascension_mode":false,"campfire_choices":[{"data":"Hologram","floor":7.0,"key":"SMITH"},{"data":"Seek","floor":12,"key":"SMITH"},{"data":"Dualcast","floor":15,"key":"SMITH"}],"circlet_count":0,"master_deck":["Strike_B","Strike_B","Defend_B","Defend_B","Defend_B","Defend_B","Zap+1","Dualcast+1","Hologram+1","Seek+1","Double Energy"],"relics":["Cracked Core","NeowsBlessing","Golden Idol","Smiling Mask","Bag of Marbles","Unceasing Top"],"acts_visited":["Exordium"],"potions_floor_usage":[],"damage_taken":[{"damage":0.0,"enemies":"Small Slimes","floor":1.0,"turns":1.0},{"damage":0.0,"enemies":"2 Louse","floor":5.0,"turns":1.0},{"damage":0.0,"enemies":"Lagavulin","floor":6.0,"turns":1.0},{"damage":0,"enemies":"Jaw Worm","floor":13,"turns":4},{"damage":49,"enemies":"Hexaghost","floor":16,"turns":11}],"seed_played":"-8348603061921414970","potions_obtained":[{"floor":6.0,"key":"LiquidBronze"},{"floor":13,"key":"Regen Potion"}],"is_trial":false,"path_per_floor":["M","?","?","?","M","E","R","$","T","?","$","R","M","T","R","B"],"character_chosen":"DEFECT","items_purchased":["Seek","Double Energy"],"campfire_rested":0,"item_purchase_floors":[8,11],"current_hp_per_floor":[75,75,64,46,46,46,46,46,46,46,46,46,46,46,46,0,0],"gold":78,"neow_bonus":"THREE_ENEMY_KILL","is_daily":false,"chose_seed":false,"campfire_upgraded":3,"win_rate":0.0,"timestamp":1613367846,"path_taken":["M","?","?","?","?","E","R","$","T","?","$","R","M","?","R","BOSS"],"items_purchased_type":["Card","Card"],"build_version":"2020-12-22","purchased_purges":2,"victory":false,"max_hp_per_floor":[75,75,75,75,75,75,75,75,75,75,75,75,75,75,75,75,75],"card_choices":[{"not_picked":["Force Field","Capacitor"],"picked":"Hologram","floor":1.0},{"not_picked":["Sweeping Beam","Reinforced Body","Ball Lightning"],"picked":"SKIP","floor":5.0},{"not_picked":["Barrage","Sweeping Beam","Turbo"],"picked":"SKIP","floor":6.0},{"not_picked":["Sweeping Beam","Ball Lightning","Coolheaded"],"picked":"SKIP","floor":13}],"player_experience":58077,"relics_obtained":[{"floor":6.0,"key":"Smiling Mask"},{"floor":9.0,"key":"Bag of Marbles"},{"floor":14,"key":"Unceasing Top"}],"event_choices":[{"damage_healed":0.0,"max_hp_gain":0.0,"max_hp_loss":0.0,"gold_gain":0.0,"event_name":"Living Wall","player_choice":"Grow","floor":2.0,"gold_loss":0.0,"damage_taken":0.0,"cards_upgraded":["Zap"]},{"damage_healed":0.0,"max_hp_gain":0.0,"max_hp_loss":0.0,"gold_gain":75.0,"event_name":"World of Goop","player_choice":"Gather Gold","floor":3.0,"gold_loss":0.0,"damage_taken":11.0},{"damage_healed":0.0,"max_hp_gain":0.0,"max_hp_loss":0.0,"gold_gain":0.0,"event_name":"Golden Idol","player_choice":"Take Damage","floor":4.0,"gold_loss":0.0,"damage_taken":18.0,"relics_obtained":["Golden Idol"]},{"damage_healed":0,"gold_gain":0,"player_choice":"Searched \u00270\u0027 times","damage_taken":0,"max_hp_gain":0,"max_hp_loss":0,"event_name":"Dead Adventurer","floor":10,"gold_loss":0}],"is_beta":false,"boss_relics":[],"items_purged_floors":[8,11],"is_endless":false,"potions_floor_spawned":[6,13],"killed_by":"Hexaghost","ascension_level":0}}