{"host":"imuivj26agbrliq2","time":1613391716,"event":{"mods":["AchievementEnabler","Act Like it!","Aspiration","BaseMod","Colored Map","Colored Powertips","Dota2Spire","Friendly Minions","Gensokyo","GifTheSpireLib","Hallownest","Hermit","Highlight Path","KinomotoSakuraMod(木之本樱)","Koishi","Lobotomy","LobotomyExtend","Marisa（F雨　魔理沙）","Minty Spire (QoL Compilation)","Quick Restart","Rare Cards Sparkle","Relic Stats","Remilia（蕾米莉亚）","Replay The Spire","RumiaBox-露米娅的神秘盒子","Spicy Shops","StSLib","The Administrix","The Animator","The Blackbeard","The Bug Knight","The Cursed","The Hierophant","The Mystic","The Runesmith","The Servant 0.9.4","Yakumo Yukari mod","Youmu（魂魄妖梦）","Yuyuko","【功能Mod】混沌之环修复补丁","【功能Mod】聪明的最终Boss"],"gold_per_floor":[131,145,145,169,169,169,189,189,216,255,271,196,196,219,219,315,340,355,395,395,395,8,46,46,46,65,160,185,21,37,53,69,69,69],"floor_reached":33,"language":"ZHS","playtime":3364,"items_purged":[],"score":294,"play_id":"d102dfdc-191b-4bf5-b714-500fbd4ca2b7","local_time":"20210215202156","is_ascension_mode":false,"campfire_choices":[{"data":"animator:Strike_Konosuba","floor":6,"key":"SMITH"},{"floor":13,"key":"REST"},{"data":"animator:Demiurge","floor":25,"key":"SMITH"}],"circlet_count":1,"master_deck":["animator:Strike_Konosuba+1","animator:Defend_Konosuba","animator:Strike","animator:Strike","animator:Strike","animator:Defend","animator:Defend","animator:Defend","animator:Kazuma","animator:Aqua","animator:Entoma+3","animator:WinryRockbell","Spreading Infection","animator:Shalltear","animator:Evileye","Hallownest:skillGreenpathMap+1","animator:FielNirvalen","animator:Gilgamesh+5","animator:LeleiLaLalena+1","animator:Cocytus","animator:Demiurge+1","animator:Sebas","animator:RoryMercury","animator:Vanir+1","Gensokyo:TarnishedGold","Gensokyo:LockedMedkit","Gensokyo:MysteriousEgg","animator:Sebas","animator:Rider+1","animator:RinTohsaka"],"relics":["animator:LivingPicture","animator:TheMissingPiece","aspiration:Nostalgia","Cracked Core","LetterFromLob","Ring of Fury","Replay:Baseball","Hallownest:DreamNailRelic","Circlet","GodSword5","aspiration:FutureDiary","RedMistMask","Membership Card","Quantum Egg","Toolbox","ScarletDevilRocket","Sundial"],"acts_visited":["Hallownest:Greenpath","Gensokyo:Gensokyoer"],"potions_floor_usage":[7,11,16,27,27],"damage_taken":[{"damage":2,"enemies":"Hallownest:2_MossCreeps","floor":1,"turns":6},{"damage":0,"enemies":"Hallownest:2_Baldur","floor":2,"turns":4},{"damage":0,"enemies":"Hallownest:monsterHuskWarrior","floor":7,"turns":5},{"damage":57,"enemies":"Hallownest:eliteCrystalGuardian","floor":10,"turns":9},{"damage":0,"enemies":"Hallownest:Wandering_and_Horned","floor":11,"turns":5},{"damage":15,"enemies":"Hallownest:Guard_and_Warrior","floor":14,"turns":8},{"damage":34,"enemies":"Hallownest:BossFalseKnight","floor":16,"turns":16},{"damage":4,"enemies":"Gensokyo:2_Gloops","floor":18,"turns":5},{"damage":18,"enemies":"Gensokyo:3_Dogs","floor":19,"turns":9},{"damage":0,"enemies":"Gensokyo:Swordslinger","floor":23,"turns":3},{"damage":24,"enemies":"Gensokyo:3_Gloops","floor":26,"turns":4},{"damage":8,"enemies":"Gensokyo:Koishi","floor":27,"turns":5},{"damage":0,"enemies":"Gensokyo:Chomper_and_Gloop","floor":30,"turns":2},{"damage":5,"enemies":"Gensokyo:Swordslinger","floor":31,"turns":3},{"damage":13,"enemies":"Gensokyo:Slime_Group","floor":32,"turns":3},{"damage":17,"enemies":"Gensokyo:3_Gloops","floor":33,"turns":4}],"seed_played":"-7307502002904978465","potions_obtained":[{"floor":2,"key":"SkillPotion"},{"floor":10,"key":"Fire Potion"},{"floor":14,"key":"Regen Potion"},{"floor":18,"key":"SpeedPotion"},{"floor":19,"key":"Ancient Potion"},{"floor":26,"key":"SkillPotion"}],"is_trial":false,"path_per_floor":["M","M","?","T","?","R","M","?","T","E","M","?","R","M","R_BF","B",null,"M","M","PTL","PTL","$","M","?","R","M","E","T","COS","M","M","M","M"],"character_chosen":"THE_ANIMATOR","items_purchased":["Membership Card","Quantum Egg","Toolbox","animator:Demiurge"],"campfire_rested":1,"item_purchase_floors":[22,22,22,22],"current_hp_per_floor":[64,66,66,66,66,66,69,69,69,12,14,14,39,28,54,39,71,69,54,54,54,54,54,62,62,38,30,30,30,30,25,14,0,0],"gold":69,"neow_bonus":"NOSTALGIA","is_daily":false,"chose_seed":false,"campfire_upgraded":2,"win_rate":0.0,"timestamp":1613391716,"path_taken":["M","?","?","?","?","R","?","?","T","E","?","?","R","M","R_BF","BOSS","M","M","PTL","PTL","$","M","?","R","?","E","T","COS","M","M","M","?"],"items_purchased_type":["Relic","Relic","Relic","Card"],"build_version":"2020-12-22","purchased_purges":0,"victory":false,"max_hp_per_floor":[66,66,66,66,66,66,69,69,69,69,69,69,69,71,71,71,71,73,74,74,74,74,74,74,74,74,74,74,74,74,74,74,74,74],"relic_stats":{"counters":[16,91],"Sundial":[0],"obtain_stats":[{"ScarletDevilRocket":27,"aspiration:Nostalgia":0,"animator:TheMissingPiece":0,"Quantum Egg":22,"Circlet":8,"Hallownest:DreamNailRelic":5,"Frozen Eye":27,"Replay:Baseball":4,"Sundial":28,"Toolbox":22,"Ring of Fury":3,"animator:LivingPicture":0,"RedMistMask":19,"LetterFromLob":1,"GodSword5":10,"Membership Card":22,"aspiration:FutureDiary":17,"Cracked Core":0},{"ScarletDevilRocket":12,"aspiration:Nostalgia":0,"animator:TheMissingPiece":0,"Quantum Egg":9,"Circlet":3,"Hallownest:DreamNailRelic":2,"Frozen Eye":11,"Replay:Baseball":2,"Sundial":12,"Toolbox":9,"Ring of Fury":2,"animator:LivingPicture":0,"RedMistMask":9,"LetterFromLob":1,"GodSword5":4,"Membership Card":9,"aspiration:FutureDiary":7,"Cracked Core":0},{"ScarletDevilRocket":79,"aspiration:Nostalgia":0,"animator:TheMissingPiece":0,"Quantum Egg":67,"Circlet":15,"Hallownest:DreamNailRelic":10,"Frozen Eye":74,"Replay:Baseball":10,"Sundial":79,"Toolbox":67,"Ring of Fury":10,"animator:LivingPicture":0,"RedMistMask":67,"LetterFromLob":6,"GodSword5":24,"Membership Card":67,"aspiration:FutureDiary":53,"Cracked Core":0}]},"card_choices":[{"not_picked":["animator:ShinjiMatou","animator:Berserker"],"picked":"animator:Entoma","floor":1},{"not_picked":["animator:Sonic","animator:Millim"],"picked":"animator:WinryRockbell","floor":2},{"not_picked":["animator:Souei","animator:SilverFang"],"picked":"animator:Shalltear","floor":7},{"not_picked":["animator:NarberalGamma","animator:Shalltear"],"picked":"animator:Evileye","floor":10},{"not_picked":["animator:Bozes","animator:DolaStephanie","animator:Hakurou"],"picked":"SKIP","floor":11},{"not_picked":["animator:DolaCouronne","animator:Mitsurugi"],"picked":"animator:FielNirvalen","floor":14},{"not_picked":["animator:Rimuru","animator:ItamiYouji"],"picked":"animator:Gilgamesh","floor":16},{"not_picked":["animator:MetalKnight+1","animator:Archer"],"picked":"animator:LeleiLaLalena+1","floor":18},{"not_picked":["animator:Evileye","animator:PandorasActor"],"picked":"animator:Cocytus","floor":19},{"not_picked":["animator:Genos","animator:Demiurge"],"picked":"animator:Sebas","floor":23},{"not_picked":["animator:Arpeggio","animator:MetalKnight+1"],"picked":"animator:RoryMercury","floor":26},{"not_picked":["animator:MetalKnight","animator:Tatsumaki"],"picked":"animator:Vanir+1","floor":27},{"not_picked":["animator:Entoma","animator:Cocytus"],"picked":"animator:Sebas","floor":30},{"not_picked":["animator:MaesHughes","animator:Geryuganshoop+1"],"picked":"animator:Rider+1","floor":31},{"not_picked":["animator:Entoma","animator:Benimaru+1"],"picked":"animator:RinTohsaka","floor":32}],"player_experience":48253,"relics_obtained":[{"floor":1,"key":"LetterFromLob"},{"floor":3,"key":"Ring of Fury"},{"floor":4,"key":"Replay:Baseball"},{"floor":10,"key":"GodSword5"},{"floor":19,"key":"RedMistMask"},{"floor":27,"key":"ScarletDevilRocket"},{"floor":28,"key":"Sundial"}],"event_choices":[],"is_beta":false,"boss_relics":[{"not_picked":["Philosopher\u0027s Stone","Coffee Dripper"],"picked":"aspiration:FutureDiary"}],"items_purged_floors":[],"is_endless":false,"potions_floor_spawned":[2,10,14,18,19,26],"killed_by":"Gensokyo:3_Gloops","ascension_level":0}}