{"host":"350rh84kbmtekt58","time":1613426906,"event":{"mods":["AchievementEnabler","Act Like it!","BaseMod","Better Synergies","Block Reminder","CapriCore","Challenge The Spire","Colored Map","Colored Powertips","Communication Mod","Downfall","Energized Spire","Friendly Minions","GifTheSpireLib","Highlight Path","Minty Spire (QoL Compilation)","Quick Restart","Replay The Spire","Shop Mod","StSLib","The Animator","The Disciple","The Immortal","The Marked","The Runesmith","The Servant 0.9.4","The Wild Card","Transform Curses","yUi"],"gold_per_floor":[109,127,127,139,149,178,178,196,196,209,209,224,289,309,309,406,406,420,420,440,440,440],"floor_reached":21,"language":"ENG","playtime":2303,"items_purged":[],"score":210,"play_id":"c54e83b0-682d-41d2-9207-f171360dd225","local_time":"20210215160826","is_ascension_mode":false,"campfire_choices":[{"floor":11,"key":"REST"},{"floor":15,"key":"REST"}],"circlet_count":0,"master_deck":["Allargando+1","Allegro","Allegro","Allegro","Accelerando+1","Moderato","Allegro","Strike_Br","Strike_Br","Strike_Br","Strike_Br","Defend_Br","Defend_Br","Defend_Br","Defend_Br","SecondHand","PatternShift","BiteCommand","BeatsPerMinute","LockedAnchor","LockedUrn","LockedBlood","Pain","BlueShift","ExoVibe","LockedMercury","CrunchTime","PrimeTime","RageCommand","LockedMedicine","Analog"],"relics":["Chronometer","NeowsBlessing","Pantograph","WarpedTongs","Replay:Bottled Flurry","MealTicket","energizedSpire:SpiderWeb"],"acts_visited":["Exordium","TheCity"],"potions_floor_usage":[6,13,16,16,16,20,20],"damage_taken":[{"damage":0,"enemies":"Cultist","floor":1,"turns":1},{"damage":0,"enemies":"Small Slimes","floor":2,"turns":1},{"damage":0,"enemies":"2 Louse","floor":4,"turns":1},{"damage":8,"enemies":"2 Fungi Beasts","floor":5,"turns":4},{"damage":18,"enemies":"3 Sentries","floor":6,"turns":10},{"damage":10,"enemies":"Red Slaver","floor":8,"turns":4},{"damage":13,"enemies":"Blue Slaver","floor":10,"turns":4},{"damage":34,"enemies":"Gremlin Gang","floor":12,"turns":7},{"damage":16,"enemies":"Lagavulin Event","floor":13,"turns":8},{"damage":0,"enemies":"2 Fungi Beasts","floor":14,"turns":4},{"damage":21,"enemies":"Slime Boss","floor":16,"turns":6},{"damage":15,"enemies":"Chosen","floor":18,"turns":5},{"damage":28,"enemies":"Spheric Guardian","floor":20,"turns":6},{"damage":38,"enemies":"Snake Plant","floor":21,"turns":6}],"seed_played":"-737249952967667914","potions_obtained":[{"floor":2,"key":"Strength Potion"},{"floor":5,"key":"SkillPotion"},{"floor":12,"key":"Swift Potion"},{"floor":13,"key":"Flashbang"},{"floor":14,"key":"SkillPotion"},{"floor":16,"key":"sneckomod:MuddlingPotion"},{"floor":18,"key":"Weak Potion"}],"is_trial":false,"path_per_floor":["M","M","$","M","M","E","?","M","T","M","R","M","?","M","R","B",null,"M","?","M","M"],"character_chosen":"CHRONO_CLASS","items_purchased":[],"campfire_rested":2,"item_purchase_floors":[],"current_hp_per_floor":[65,65,65,65,57,41,41,35,35,28,47,19,9,11,30,34,65,58,52,30,0,0],"gold":440,"neow_bonus":"THREE_ENEMY_KILL","is_daily":false,"chose_seed":false,"campfire_upgraded":0,"win_rate":0.0,"timestamp":1613426906,"path_taken":["M","?","$","M","?","E","?","M","T","?","R","M","?","M","R","BOSS","M","?","?","M"],"items_purchased_type":[],"build_version":"2020-12-22","purchased_purges":0,"victory":false,"max_hp_per_floor":[65,65,65,65,65,65,65,65,65,65,65,65,65,65,65,65,65,65,65,65,65,65],"card_choices":[{"not_picked":["CrunchTime","Tempo"],"picked":"BiteCommand","floor":1},{"not_picked":["ReapSow","Parity"],"picked":"BeatsPerMinute","floor":2},{"not_picked":["Echoward","CrunchTime"],"picked":"LockedAnchor","floor":4},{"not_picked":["ReapSow","Tempo"],"picked":"LockedUrn","floor":5},{"not_picked":["EscortCommand","ReapSow"],"picked":"LockedBlood","floor":6},{"not_picked":["Engulf","Keepsakes"],"picked":"BlueShift","floor":8},{"not_picked":["Cuckoo","OverTime"],"picked":"ExoVibe","floor":10},{"not_picked":["Keepsakes","WatchCommand"],"picked":"LockedMercury","floor":12},{"not_picked":["LockedOrichalcum","BiteCommand"],"picked":"CrunchTime","floor":13},{"not_picked":["WindUp","LockedTurtyl"],"picked":"PrimeTime","floor":14},{"not_picked":["OverTime","OracleForm"],"picked":"RageCommand","floor":16},{"not_picked":["WakeUpCall","BiteCommand"],"picked":"LockedMedicine","floor":18},{"not_picked":["CrunchTime","HandsUpB"],"picked":"Analog","floor":20}],"player_experience":256753,"relics_obtained":[{"floor":6,"key":"Pantograph"},{"floor":9,"key":"Replay:Bottled Flurry"},{"floor":13,"key":"MealTicket"}],"event_choices":[{"damage_healed":0,"gold_gain":0,"player_choice":"Rummage","damage_taken":0,"relics_obtained":["WarpedTongs"],"max_hp_gain":0,"max_hp_loss":0,"event_name":"Accursed Blacksmith","floor":7,"gold_loss":0,"cards_obtained":["Pain"]},{"damage_healed":0,"gold_gain":0,"player_choice":"Searched \u00271\u0027 times","damage_taken":0,"max_hp_gain":0,"max_hp_loss":0,"event_name":"Dead Adventurer","floor":13,"gold_loss":0},{"damage_healed":0,"gold_gain":0,"player_choice":"Damaged","damage_taken":6,"max_hp_gain":0,"max_hp_loss":0,"event_name":"Wheel of Change","floor":19,"gold_loss":0}],"is_beta":false,"boss_relics":[{"not_picked":["Replay:Drink Me","Runic Dome"],"picked":"energizedSpire:SpiderWeb"}],"items_purged_floors":[],"is_endless":false,"potions_floor_spawned":[2,5,12,13,14,16,18],"killed_by":"Snake Plant","ascension_level":0}}