{"host":"5agrj1fd4s00r127","time":1613397290,"event":{"mods":["BaseMod","Hermit","Minty Spire (QoL Compilation)","StSLib"],"gold_per_floor":[360,377,377,391,391,401,66,76,76,90,119,183,203,35,35,130,180,193,193,211,211,227,254,254,286,286,10,36,36,36,36,36,36,36],"floor_reached":33,"language":"RUS","playtime":1685,"items_purged":["Pain","Strike_G","Writhe"],"score":330,"play_id":"77fff074-a8c5-4c96-a905-0ab3a33ddfef","local_time":"20210215155450","is_ascension_mode":false,"campfire_choices":[{"floor":15,"key":"REST"},{"data":"Infinite Blades","floor":24,"key":"SMITH"},{"floor":29,"key":"REST"},{"data":"Blade Dance","floor":32,"key":"SMITH"}],"circlet_count":0,"master_deck":["Strike_G","Strike_G","Strike_G+1","Strike_G","Defend_G","Defend_G","Defend_G","Defend_G","Defend_G","Survivor","Neutralize","Infinite Blades+1","Poisoned Stab","PiercingWail","Die Die Die","Blade Dance+1","Backstab","Slice","Blur","After Image","Backstab","Footwork","Backflip","Blade Dance+1","Deflect+1","Flying Knee+1","Finisher+1"],"relics":["Ring of the Snake","WarpedTongs","Ornamental Fan","Sundial","Pantograph","InkBottle","Tiny House","Ginger","MutagenicStrength","Toxic Egg 2","Anchor","Bottled Tornado","Nunchaku","Nloth\u0027s Gift"],"acts_visited":["Exordium","TheCity"],"potions_floor_usage":[4,16,16,16,20,23,23,25,28],"damage_taken":[{"damage":0,"enemies":"2 Louse","floor":1,"turns":3},{"damage":1,"enemies":"Cultist","floor":2,"turns":4},{"damage":2,"enemies":"Jaw Worm","floor":4,"turns":6},{"damage":6,"enemies":"Exordium Thugs","floor":6,"turns":4},{"damage":3,"enemies":"Large Slime","floor":8,"turns":5},{"damage":0,"enemies":"Blue Slaver","floor":10,"turns":3},{"damage":14,"enemies":"Lagavulin","floor":11,"turns":7},{"damage":22,"enemies":"Lagavulin Event","floor":12,"turns":6},{"damage":6,"enemies":"Exordium Thugs","floor":13,"turns":2},{"damage":15,"enemies":"Slime Boss","floor":16,"turns":11},{"damage":5,"enemies":"Spheric Guardian","floor":18,"turns":4},{"damage":0,"enemies":"3 Byrds","floor":20,"turns":4},{"damage":12,"enemies":"Centurion and Healer","floor":22,"turns":7},{"damage":9,"enemies":"Slavers","floor":23,"turns":5},{"damage":0,"enemies":"Book of Stabbing","floor":25,"turns":6},{"damage":26,"enemies":"Gremlin Leader","floor":28,"turns":3},{"damage":71,"enemies":"Collector","floor":33,"turns":7}],"seed_played":"2365218964740206669","potions_obtained":[{"floor":1,"key":"Poison Potion"},{"floor":8,"key":"Dexterity Potion"},{"floor":12,"key":"SneckoOil"},{"floor":13,"key":"Dexterity Potion"},{"floor":16,"key":"AttackPotion"},{"floor":17,"key":"EssenceOfSteel"},{"floor":20,"key":"Strength Potion"},{"floor":23,"key":"Dexterity Potion"},{"floor":25,"key":"FearPotion"}],"is_trial":false,"path_per_floor":["M","M","?","M","?","M","$","M","T","M","E","?","M","$","R","B",null,"M","?","M","?","M","E","R","E","T","$","E","R","$","?","R","B"],"character_chosen":"THE_SILENT","items_purchased":["Ornamental Fan","Blur","Nunchaku"],"campfire_rested":2,"item_purchase_floors":[7,14,27],"current_hp_per_floor":[63,62,63,61,61,55,55,52,52,52,38,16,10,10,28,38,68,63,63,63,63,51,42,42,42,42,42,16,36,36,36,36,0,0],"gold":36,"neow_bonus":"TWO_FIFTY_GOLD","is_daily":false,"chose_seed":false,"campfire_upgraded":2,"win_rate":0.0,"timestamp":1613397290,"path_taken":["M","M","?","?","?","M","?","M","T","M","E","?","M","$","R","BOSS","M","?","M","?","?","E","R","E","T","$","E","R","?","?","R","BOSS"],"items_purchased_type":["Relic","Card","Relic"],"build_version":"2020-12-22","purchased_purges":3,"victory":false,"max_hp_per_floor":[63,63,63,63,63,63,63,63,63,63,63,63,63,63,63,63,68,68,68,68,68,68,68,68,68,68,68,68,68,68,68,68,68,68],"card_choices":[{"not_picked":["Prepared","Sucker Punch"],"picked":"Infinite Blades","floor":1},{"not_picked":["Bouncing Flask","Dash"],"picked":"Flying Knee","floor":2},{"not_picked":["Outmaneuver","Terror"],"picked":"Poisoned Stab","floor":4},{"not_picked":["Flying Knee","Deadly Poison"],"picked":"PiercingWail","floor":6},{"not_picked":["Expertise","Acrobatics"],"picked":"Die Die Die","floor":8},{"not_picked":["Underhanded Strike","Acrobatics"],"picked":"Blade Dance","floor":10},{"not_picked":["Dash","Dagger Throw"],"picked":"Backstab","floor":11},{"not_picked":["Leg Sweep","Acrobatics"],"picked":"Slice","floor":12},{"not_picked":["Acrobatics","Sucker Punch","Escape Plan"],"picked":"SKIP","floor":13},{"not_picked":["Adrenaline","Malaise"],"picked":"After Image","floor":16},{"not_picked":["Sucker Punch","Flechettes"],"picked":"Backstab","floor":17},{"not_picked":["Dagger Spray","Distraction+1"],"picked":"Footwork","floor":18},{"not_picked":["Flying Knee","Deadly Poison"],"picked":"Backflip","floor":20},{"not_picked":["Well Laid Plans","Dagger Throw"],"picked":"Blade Dance+1","floor":22},{"not_picked":["Bouncing Flask+1","Leg Sweep+1"],"picked":"Deflect+1","floor":23},{"not_picked":["Die Die Die","Escape Plan+1"],"picked":"Flying Knee+1","floor":25},{"not_picked":["Bullet Time+1","Blade Dance+1"],"picked":"Finisher+1","floor":28}],"player_experience":6017,"relics_obtained":[{"floor":9,"key":"Sundial"},{"floor":11,"key":"Pantograph"},{"floor":12,"key":"InkBottle"},{"floor":23,"key":"Toxic Egg 2"},{"floor":25,"key":"Anchor"},{"floor":26,"key":"Bottled Tornado"},{"floor":28,"key":"HornCleat"}],"event_choices":[{"cards_removed":["Flying Knee"],"damage_healed":5,"gold_gain":0,"player_choice":"Offered Common","damage_taken":0,"max_hp_gain":0,"max_hp_loss":0,"event_name":"Bonfire Elementals","floor":3,"gold_loss":0},{"cards_removed":["Flying Knee"],"damage_healed":5,"gold_gain":0,"player_choice":"Offered Special","damage_taken":0,"max_hp_gain":0,"max_hp_loss":0,"event_name":"Bonfire Elementals","floor":3,"gold_loss":0},{"damage_healed":0,"gold_gain":0,"player_choice":"Rummage","damage_taken":0,"relics_obtained":["WarpedTongs"],"max_hp_gain":0,"max_hp_loss":0,"event_name":"Accursed Blacksmith","floor":5,"gold_loss":0,"cards_obtained":["Pain"]},{"damage_healed":0,"gold_gain":0,"player_choice":"Searched \u00271\u0027 times","damage_taken":0,"max_hp_gain":0,"max_hp_loss":0,"event_name":"Dead Adventurer","floor":12,"gold_loss":0},{"damage_healed":0,"gold_gain":0,"player_choice":"Opened","damage_taken":0,"relics_obtained":["Ginger"],"max_hp_gain":0,"max_hp_loss":0,"event_name":"The Mausoleum","floor":19,"gold_loss":0,"cards_obtained":["Writhe"]},{"damage_healed":0,"gold_gain":0,"player_choice":"Inject Mutagens","damage_taken":0,"relics_obtained":["MutagenicStrength"],"max_hp_gain":0,"max_hp_loss":0,"event_name":"Drug Dealer","floor":21,"gold_loss":0},{"damage_healed":0,"gold_gain":0,"player_choice":"Traded Relic","damage_taken":0,"relics_obtained":["Nloth\u0027s Gift"],"max_hp_gain":0,"max_hp_loss":0,"event_name":"N\u0027loth","floor":31,"relics_lost":["HornCleat"],"gold_loss":0}],"is_beta":false,"boss_relics":[{"not_picked":["Ectoplasm","Runic Pyramid"],"picked":"Tiny House"}],"items_purged_floors":[7,14,27],"is_endless":false,"potions_floor_spawned":[1,8,12,13,16,20,23,25],"killed_by":"Collector","ascension_level":0}}