{"host":"8yon5n5je7lh4vc0","time":1613384195,"event":{"mods":["AchievementEnabler","BaseMod","Downfall","Highlight Path","Hubris","Minty Spire (QoL Compilation)","Quick Restart","Replay The Spire","Shop Mod","Spicy Shops","StSLib","óô»ðÖ¸ÄÏ"],"gold_per_floor":[109,124,124,134,134,165,69,104,157,157,157,157,6,23,23,46,46,162,162,188,188,188,188,61,61,102,114,114],"floor_reached":27,"language":"ZHS","playtime":2332,"items_purged":["Strike_R","Defend_R"],"score":274,"play_id":"7a7ac0f3-09c9-477b-a907-cf124754a7d1","local_time":"20210215181635","is_ascension_mode":true,"campfire_choices":[{"floor":17,"key":"DIG"},{"data":"Panache","floor":25,"key":"SMITH"}],"circlet_count":0,"master_deck":["Strike_R","Strike_R","Strike_R","Strike_R","Defend_R","Defend_R","Bash","Run Through+1","Rampage","Pommel Strike+1","Spreading Infection","Panache+1","Anger+1","Thunderclap+1","Metallicize","Intimidate","Demonic Infusion","Pommel Strike+1","downfall:Haunted","Looming Evil","Pommel Strike+1","Pommel Strike+1","Reaper+1"],"relics":["Burning Blood","NeowsBlessing","White Beast Statue","Molten Egg 2","ReplayTheSpireMod:CursedCoin","Happy Flower","Replay:Bandana","Ancient Tea Set","hubris:SlimyHat","Replay:Grab Bag","Runic Dome","Philosopher\u0027s Stone","Runic Pyramid","Lantern","Ring of Panic","ReplayTheSpireMod:Ring of Challenge","Frozen Eye","Meat on the Bone"],"acts_visited":["Exordium","TheCity"],"potions_floor_usage":[6,8,18,18,27],"damage_taken":[{"damage":0,"enemies":"Cultist","floor":1,"turns":1},{"damage":0,"enemies":"Jaw Worm","floor":2,"turns":1},{"damage":0,"enemies":"2 Louse","floor":4,"turns":1},{"damage":8,"enemies":"Gremlin Nob","floor":6,"turns":4},{"damage":26,"enemies":"3 Sentries","floor":8,"turns":8},{"damage":5,"enemies":"Looter","floor":14,"turns":2},{"damage":9,"enemies":"Blue Slaver","floor":16,"turns":2},{"damage":49,"enemies":"Fading Forest","floor":18,"turns":11},{"damage":21,"enemies":"Shell Parasite","floor":20,"turns":4},{"damage":44,"enemies":"Replay:Snechameleon","floor":26,"turns":5},{"damage":35,"enemies":"3 Byrds","floor":27,"turns":2}],"seed_played":"5234512774173203519","potions_obtained":[{"floor":4,"key":"Block Potion"},{"floor":6,"key":"Toxic Potion"},{"floor":8,"key":"Venom Potion"},{"floor":14,"key":"LiquidBronze"},{"floor":16,"key":"Dexterity Potion"},{"floor":18,"key":"Fire Potion"},{"floor":20,"key":"Explosive Potion"},{"floor":26,"key":"Fire Potion"}],"is_trial":false,"path_per_floor":["M","M","?","M","?","E","R","E","T","PTL","PTL","?","$","M","$","M","R","B",null,"M","?","?","?","$","R","E","M"],"character_chosen":"IRONCLAD","items_purchased":["ReplayTheSpireMod:CursedCoin","Panache","Happy Flower","Thunderclap+1","Frozen Eye","Pommel Strike+1"],"campfire_rested":0,"item_purchase_floors":[7,7,7,13,24,24],"current_hp_per_floor":[80,80,80,80,73,71,71,51,51,51,51,51,51,52,52,49,49,16,80,65,65,65,65,65,65,27,0,0],"gold":114,"neow_bonus":"THREE_ENEMY_KILL","is_daily":false,"chose_seed":false,"campfire_upgraded":1,"win_rate":0.0,"timestamp":1613384195,"path_taken":["M","?","?","?","?","E","R","E","T","PTL","PTL","?","$","M","?","M","R","BOSS","M","?","?","?","$","R","E","M"],"items_purchased_type":["Relic","Card","Relic","Card","Relic","Card"],"build_version":"2020-12-22","purchased_purges":2,"victory":false,"max_hp_per_floor":[80,80,80,80,80,80,80,80,80,80,80,80,80,80,80,80,80,80,80,80,80,80,80,80,80,80,80,80],"card_choices":[{"not_picked":["Perfected Strike","Disarm"],"picked":"Armaments","floor":1},{"not_picked":["Carnage","Clash"],"picked":"Run Through","floor":2},{"not_picked":["Thunderclap","Cleave"],"picked":"Rampage","floor":4},{"not_picked":["Dark Embrace","Armaments"],"picked":"Pommel Strike+1","floor":6},{"not_picked":["ReplayTheSpireMod:Stacked","Bludgeon+1"],"picked":"Anger+1","floor":8},{"not_picked":["Sword Boomerang+1","Inflame"],"picked":"Metallicize","floor":14},{"not_picked":["True Grit","Sword Boomerang+1"],"picked":"Intimidate","floor":16},{"not_picked":["Double Tap","Barricade"],"picked":"Demonic Infusion","floor":18},{"not_picked":["Thunderclap+1","Heavy Blade+1"],"picked":"Pommel Strike+1","floor":20},{"not_picked":["Barricade","Carnage+1"],"picked":"Reaper+1","floor":26}],"player_experience":21334,"relics_obtained":[{"floor":6,"key":"Molten Egg 2"},{"floor":8,"key":"Replay:Bandana"},{"floor":9,"key":"Ancient Tea Set"},{"floor":17,"key":"hubris:SlimyHat"},{"floor":23,"key":"Ring of Panic"},{"floor":23,"key":"ReplayTheSpireMod:Ring of Challenge"},{"floor":26,"key":"Meat on the Bone"}],"event_choices":[{"cards_removed":["Armaments"],"damage_healed":0,"gold_gain":0,"player_choice":"Gave Card","damage_taken":0,"relics_obtained":["White Beast Statue"],"max_hp_gain":0,"max_hp_loss":0,"event_name":"WeMeetAgain","floor":3,"gold_loss":0},{"cards_removed":["Defend_R"],"damage_healed":0,"gold_gain":0,"player_choice":"Card Removal","damage_taken":7,"max_hp_gain":0,"max_hp_loss":0,"event_name":"Golden Wing","floor":5,"gold_loss":0}],"is_beta":false,"boss_relics":[{"not_picked":["Tiny House","hubris:HollowSoul"],"picked":"Replay:Grab Bag"},{"not_picked":["hubris:CrackedHourglass","Ooze Armor"],"picked":"Runic Dome"},{"not_picked":["SlaversCollar","Velvet Choker"],"picked":"Philosopher\u0027s Stone"},{"not_picked":["Runic Cube","Honey Jar"],"picked":"Runic Pyramid"}],"items_purged_floors":[7,13],"is_endless":false,"potions_floor_spawned":[4,6,8,14,16,18,20,26],"killed_by":"3 Byrds","ascension_level":1}}