{"host":"zsnmfqgcm92hlreo","time":1613369031,"event":{"mods":["AchievementEnabler","BaseMod","Bestiary","Block Reminder","Colored Map","Colored Powertips","Filter the Spire","Minty Spire (QoL Compilation)","Permanent Neow","Quick Restart","Relic Stats","StSLib","Weighted Paths"],"gold_per_floor":[116,266,276,201,213,213,230,242,268,307,307,345,269,234,234,234,234],"floor_reached":16,"language":"ENG","playtime":574,"items_purged":["Doubt"],"score":220,"play_id":"aae4a5d2-1e56-44f6-9613-f705b4a24285","local_time":"20210215000351","is_ascension_mode":true,"campfire_choices":[{"floor":6,"key":"REST"},{"floor":11,"key":"REST"},{"data":"Wish","floor":15,"key":"SMITH"}],"circlet_count":0,"master_deck":["AscendersBane","Eruption","Vigilance+1","JustLucky+1","Fasting2","LessonLearned","Indignation","ClearTheMind","FlyingSleeves","WaveOfTheHand+1","WindmillStrike","FearNoEvil+1","TalkToTheHand+1","ThirdEye+1","SashWhip","ThirdEye","Wish+1","Wireheading","WheelKick"],"relics":["Pandora\u0027s Box","CeramicFish","War Paint","Pen Nib"],"acts_visited":["Exordium"],"potions_floor_usage":[8,16,16],"damage_taken":[{"damage":14.0,"enemies":"2 Louse","floor":1.0,"turns":2.0},{"damage":19,"enemies":"Jaw Worm","floor":3,"turns":4},{"damage":0,"enemies":"Cultist","floor":5,"turns":2},{"damage":5,"enemies":"2 Fungi Beasts","floor":7,"turns":4},{"damage":13,"enemies":"3 Louse","floor":8,"turns":4},{"damage":12,"enemies":"Gremlin Nob","floor":10,"turns":3},{"damage":21,"enemies":"3 Sentries","floor":12,"turns":5},{"damage":44,"enemies":"The Guardian","floor":16,"turns":7}],"seed_played":"-4204951999110322672","potions_obtained":[{"floor":3,"key":"Block Potion"},{"floor":10,"key":"GamblersBrew"},{"floor":12,"key":"BottledMiracle"}],"is_trial":false,"path_per_floor":["M","?","M","$","M","R","M","M","T","E","R","E","$","?","R","B"],"character_chosen":"WATCHER","items_purchased":["WheelKick"],"campfire_rested":2,"item_purchase_floors":[13],"current_hp_per_floor":[47,47,28,28,28,48,43,30,30,18,38,17,17,34,34,0,0],"gold":234,"neow_bonus":"BOSS_RELIC","is_daily":false,"chose_seed":false,"campfire_upgraded":1,"win_rate":0.0,"timestamp":1613369031,"path_taken":["M","?","M","$","M","R","M","M","T","E","R","E","$","?","R","BOSS"],"items_purchased_type":["Card"],"build_version":"2020-12-22","purchased_purges":1,"victory":false,"max_hp_per_floor":[68,68,68,68,68,68,68,68,68,68,68,68,68,68,68,68,68],"relic_stats":{"counters":[8,31],"CeramicFish":27,"Pandora\u0027s Box":["JustLucky","Fasting2","LessonLearned","Indignation","ClearTheMind","FlyingSleeves","WaveOfTheHand","WindmillStrike"],"Pen Nib":[1],"War Paint":["Vigilance","ThirdEye"],"obtain_stats":[{"CeramicFish":9,"Pandora\u0027s Box":0,"Pen Nib":12,"PureWater":0,"War Paint":10},{"CeramicFish":5,"Pandora\u0027s Box":0,"Pen Nib":7,"PureWater":0,"War Paint":6},{"CeramicFish":16,"Pandora\u0027s Box":0,"Pen Nib":24,"PureWater":0,"War Paint":19}]},"card_choices":[{"not_picked":["Halt","EmptyMind"],"picked":"FearNoEvil","floor":1.0},{"not_picked":["ThirdEye","EmptyFist"],"picked":"TalkToTheHand","floor":3},{"not_picked":["CutThroughFate","Wireheading"],"picked":"ThirdEye","floor":5},{"not_picked":["EmptyFist","Halt"],"picked":"SashWhip","floor":7},{"not_picked":["Pray","Swivel"],"picked":"ThirdEye","floor":8},{"not_picked":["FollowUp","Nirvana"],"picked":"Wish","floor":10},{"not_picked":["Nirvana","Adaptation"],"picked":"Wireheading","floor":12}],"player_experience":1143014,"relics_obtained":[{"floor":9,"key":"CeramicFish"},{"floor":10,"key":"War Paint"},{"floor":12,"key":"Pen Nib"}],"event_choices":[{"damage_healed":0.0,"max_hp_gain":0.0,"max_hp_loss":0.0,"gold_gain":150.0,"event_name":"Liars Game","player_choice":"AGREE","floor":2.0,"gold_loss":0.0,"damage_taken":0.0,"cards_obtained":["Doubt"]},{"damage_healed":17,"gold_gain":0,"player_choice":"Healed","damage_taken":0,"max_hp_gain":0,"max_hp_loss":0,"event_name":"The Cleric","floor":14,"gold_loss":35}],"is_beta":false,"boss_relics":[],"items_purged_floors":[4],"is_endless":false,"potions_floor_spawned":[3,10,12],"killed_by":"The Guardian","ascension_level":20}}