{"host":"syfsfjmzue8y1a6l","time":1613385753,"event":{"mods":["AchievementEnabler","BaseMod","Colored Map","DeckTracker","Minty Spire (QoL Compilation)","SuperFastMode"],"gold_per_floor":[109,123,142,153,103,103,131,146,146,167,179,179,104,120,120,223,223,233,158,176,186,60,92,119,119,119,132,162,162,37,37,37,37],"floor_reached":32,"language":"KOR","playtime":1573,"items_purged":["Force Field","Strike_B","Defend_B"],"score":307,"play_id":"6b674a50-2223-4ac2-bc98-d8301e223425","local_time":"20210215194233","is_ascension_mode":false,"campfire_choices":[{"data":"Buffer","floor":6,"key":"SMITH"},{"data":"Beam Cell","floor":15,"key":"SMITH"},{"data":"Machine Learning","floor":25,"key":"SMITH"}],"circlet_count":0,"master_deck":["Strike_B","Strike_B","Defend_B","Defend_B","Zap","Dualcast","Beam Cell+1","Glacier","Buffer+1","Cold Snap","Double Energy","Ball Lightning","Blizzard","Machine Learning+1","CurseOfTheBell","Gash","Gash","Gash","Gash","Rebound+1","Gash","Defragment+1"],"relics":["Cracked Core","StoneCalendar","Tiny Chest","Odd Mushroom","Calling Bell","Bronze Scales","Question Card","Unceasing Top","PreservedInsect","Bag of Marbles","Bird Faced Urn","Frozen Egg 2"],"acts_visited":["Exordium","TheCity"],"potions_floor_usage":[14,14,21,21,23],"damage_taken":[{"damage":0,"enemies":"2 Louse","floor":1,"turns":1},{"damage":0,"enemies":"Small Slimes","floor":2,"turns":2},{"damage":0,"enemies":"Jaw Worm","floor":3,"turns":3},{"damage":1,"enemies":"Exordium Wildlife","floor":4,"turns":4},{"damage":13,"enemies":"Gremlin Nob","floor":7,"turns":6},{"damage":0,"enemies":"Red Slaver","floor":8,"turns":4},{"damage":8,"enemies":"The Mushroom Lair","floor":10,"turns":7},{"damage":12,"enemies":"Exordium Thugs","floor":11,"turns":5},{"damage":20,"enemies":"Gremlin Gang","floor":14,"turns":6},{"damage":11,"enemies":"Slime Boss","floor":16,"turns":7},{"damage":7,"enemies":"Shell Parasite","floor":18,"turns":5},{"damage":0,"enemies":"Chosen","floor":20,"turns":4},{"damage":0,"enemies":"Centurion and Healer","floor":21,"turns":5},{"damage":17,"enemies":"Book of Stabbing","floor":23,"turns":5},{"damage":33,"enemies":"Snake Plant","floor":27,"turns":3},{"damage":26,"enemies":"Gremlin Leader","floor":28,"turns":5},{"damage":10,"enemies":"Shelled Parasite and Fungi","floor":32,"turns":1}],"seed_played":"-2204085720220366453","potions_obtained":[{"floor":3,"key":"Block Potion"},{"floor":7,"key":"GamblersBrew"},{"floor":11,"key":"SkillPotion"},{"floor":14,"key":"Swift Potion"},{"floor":18,"key":"CultistPotion"},{"floor":20,"key":"Explosive Potion"},{"floor":28,"key":"CultistPotion"}],"is_trial":false,"path_per_floor":["M","M","M","M","?","R","E","M","T","?","M","?","$","M","R","B",null,"M","?","M","M","$","E","T","R","T","M","E","E","$","$","M"],"character_chosen":"DEFECT","items_purchased":["Gash"],"campfire_rested":0,"item_purchase_floors":[22],"current_hp_per_floor":[82,82,82,81,81,81,68,68,68,60,48,53,53,33,33,22,87,80,80,80,80,80,63,63,63,63,32,8,8,8,8,0,0],"gold":37,"neow_bonus":"TEN_PERCENT_HP_BONUS","is_daily":false,"chose_seed":false,"campfire_upgraded":3,"win_rate":0.0,"timestamp":1613385753,"path_taken":["M","M","M","M","?","R","E","M","T","?","M","?","$","M","R","BOSS","M","?","M","M","$","E","?","R","T","M","E","E","?","$","M"],"items_purchased_type":["Card"],"build_version":"2020-12-22","purchased_purges":3,"victory":false,"max_hp_per_floor":[82,82,82,82,82,82,82,82,82,82,82,87,87,87,87,87,87,87,87,87,87,87,87,87,87,87,87,87,87,87,87,87,87],"card_choices":[{"not_picked":["Rebound","Leap"],"picked":"Beam Cell","floor":1},{"not_picked":["Conserve Battery","Rebound"],"picked":"Glacier","floor":2},{"not_picked":["Skim","Gash"],"picked":"Force Field","floor":3},{"not_picked":["Stack","Beam Cell"],"picked":"Buffer","floor":4},{"not_picked":["Coolheaded","Compile Driver"],"picked":"Cold Snap","floor":7},{"not_picked":["Redo","Cold Snap"],"picked":"Double Energy","floor":8},{"not_picked":["Static Discharge","Redo"],"picked":"Ball Lightning","floor":10},{"not_picked":["Conserve Battery","Melter"],"picked":"Blizzard","floor":11},{"not_picked":["Barrage","Double Energy","Leap"],"picked":"SKIP","floor":14},{"not_picked":["Buffer","Electrodynamics"],"picked":"Machine Learning","floor":16},{"not_picked":["Conserve Battery","Stack","Sweeping Beam"],"picked":"Gash","floor":18},{"not_picked":["Undo","Rainbow","Hologram"],"picked":"Gash","floor":20},{"not_picked":["Barrage","Go for the Eyes","Leap+1"],"picked":"Gash","floor":21},{"not_picked":["Streamline","Leap","Coolheaded"],"picked":"Rebound+1","floor":23},{"not_picked":["Reinforced Body","Cold Snap","Hologram"],"picked":"Gash","floor":27},{"not_picked":["Steam","Heatsinks+1","Sweeping Beam"],"picked":"Defragment+1","floor":28}],"player_experience":62985,"relics_obtained":[{"floor":7,"key":"StoneCalendar"},{"floor":9,"key":"Tiny Chest"},{"floor":10,"key":"Odd Mushroom"},{"floor":17,"key":"Bronze Scales"},{"floor":17,"key":"Question Card"},{"floor":17,"key":"Unceasing Top"},{"floor":23,"key":"PreservedInsect"},{"floor":24,"key":"Bag of Marbles"},{"floor":26,"key":"Bird Faced Urn"},{"floor":28,"key":"Frozen Egg 2"}],"event_choices":[{"cards_removed":["Defend_B"],"damage_healed":0,"gold_gain":0,"player_choice":"Card Removal","damage_taken":0,"max_hp_gain":0,"max_hp_loss":0,"event_name":"The Cleric","floor":5,"gold_loss":50},{"damage_healed":0,"gold_gain":0,"player_choice":"Fought Mushrooms","damage_taken":0,"max_hp_gain":0,"max_hp_loss":0,"event_name":"Mushrooms","floor":10,"gold_loss":0},{"damage_healed":0,"gold_gain":0,"player_choice":"Donut","damage_taken":0,"max_hp_gain":5,"max_hp_loss":0,"event_name":"Big Fish","floor":12,"gold_loss":0},{"cards_removed":["Strike_B"],"damage_healed":0,"gold_gain":0,"player_choice":"Gave Gold","damage_taken":0,"max_hp_gain":0,"max_hp_loss":0,"event_name":"Beggar","floor":19,"gold_loss":75}],"is_beta":false,"boss_relics":[{"not_picked":["Snecko Eye","Cursed Key"],"picked":"Calling Bell"}],"items_purged_floors":[13,22,30],"is_endless":false,"potions_floor_spawned":[3,7,11,14,18,20,28],"killed_by":"Shelled Parasite and Fungi","ascension_level":0}}