{"host":"vssfhwrh2g618jiv","time":1613401663,"event":{"mods":["Ascension Reborn","BaseMod","Decade(王小明)","Downfall","Lobotomy","Marisa（F雨　魔理沙）","Minty Spire (QoL Compilation)","READ ME - Guardian Mod","Remilia（蕾米莉亚）","Replay The Spire","Shop Mod","StSLib","TestMod","The Cursed","The Servant 0.9.4","UnlockEverythingMod"],"gold_per_floor":[99,113,178,190,190,207,207,207,243,272,156,71,104,116,130,229,229,129,143,162,180,230,268,268,284,304,323,343,381,466,184,197,317,317,117,141,159,182,182,197,222,262,262,285,304,304,318,422,436,436,436,436],"floor_reached":50,"language":"ZHS","playtime":3397,"items_purged":["Delirium","Looming Evil"],"score":834,"play_id":"0ca5858f-d969-4397-9373-d8b8e0951014","local_time":"20210215230743","is_ascension_mode":true,"campfire_choices":[{"floor":1,"key":"DIG"},{"floor":8,"key":"REST"},{"floor":18,"key":"RECALL"},{"data":"Slimebound:SelfFormingGoo","floor":35,"key":"SMITH"},{"floor":43,"key":"REST"}],"circlet_count":0,"master_deck":["Slimebound:Strike_Slimebound","Slimebound:Strike_Slimebound","Slimebound:Strike_Slimebound","Slimebound:Tackle","Slimebound:Defend_Slimebound","Slimebound:Defend_Slimebound","Slimebound:Defend_Slimebound","Slimebound:Split","Slimebound:CorrosiveSpit","Slimebound:Schlurp","Slimebound:HauntingLick","Slimebound:Prepare","Slimebound:SamplingLick","Slimebound:Gluttony","Slimebound:SplitLeeching","Slimebound:Equalize","Slimebound:GoopSpray","Slimebound:ViciousTackle","Slimebound:SplitMire","Slimebound:TongueLash","Slimebound:LeechingTouch","Slimebound:OozeBath","Slimebound:GoopSpray+1","Slimebound:Overexert","Slimebound:LevelUp","Slimebound:SplitBruiser","Slimebound:HauntingLick","downfall:Malfunctioning","Slimebound:SplitBruiser+1","Slimebound:Chomp+1","Slimebound:ItLooksTasty+1","Slimebound:DisruptingSlam+1","Slimebound:SamplingLick","Blind","Slimebound:SplitMire+1","Clumsy","Slimebound:SelfFormingGoo+1","Slimebound:RainOfGoop+1","Slimebound:SplitLeeching+1","Slimebound:RainOfGoop+1","Slimebound:RainOfGoop","Slimebound:RejuvenatingLick","Slimebound:Nibble+1","Regret","Slimebound:RollThrough+1","Slimebound:Darklings","Slimebound:LeechEnergy+1","downfall:Malfunctioning","Injury","Slimebound:HauntingLick+1","Slimebound:SelfFormingGoo+1","Slimebound:GoopSpray","Slimebound:RainOfGoop+1"],"relics":["Slimebound:AbsorbEndCombat","testmod-TestBox","Regal Pillow","PreservedInsect","Blood Vial","Replay:Wax Seal","Sling","Question Card","testmod-BatchProcessingSystem","downfall:HeartBlessingBlue","Ring of Greed","Smiling Mask","Golden Idol","ReplayTheSpireMod:Ring of Exchange","Centennial Puzzle","Calipers","Molten Egg 2","Membership Card","downfall:HeartBlessingGreen","downfall:HeartBlessingRed","Happy Flower","Orichalcum","Slimebound:AggressiveSlimeRelic"],"acts_visited":["Exordium","TheCity","TheBeyond"],"potions_floor_usage":[3,11,13,16,23,23,27,33,45,47,50],"damage_taken":[{"damage":4,"enemies":"Jaw Worm","floor":2,"turns":3},{"damage":42,"enemies":"Lagavulin Event","floor":3,"turns":6},{"damage":2,"enemies":"2 Louse","floor":4,"turns":2},{"damage":0,"enemies":"Cultist","floor":6,"turns":3},{"damage":0,"enemies":"Replay:BlueRogue","floor":10,"turns":5},{"damage":4,"enemies":"downfall:FleeingMerchant","floor":11,"turns":4},{"damage":2,"enemies":"Blue Slaver","floor":12,"turns":3},{"damage":0,"enemies":"Lagavulin","floor":13,"turns":5},{"damage":4,"enemies":"Exordium Wildlife","floor":14,"turns":5},{"damage":0,"enemies":"Large Slime","floor":15,"turns":5},{"damage":43,"enemies":"DF_ARCHETYPE_STREAMLINE","floor":16,"turns":9},{"damage":0,"enemies":"Chosen","floor":19,"turns":4},{"damage":10,"enemies":"Shell Parasite","floor":20,"turns":5},{"damage":24,"enemies":"Shelled Parasite and Fungi","floor":21,"turns":5},{"damage":13,"enemies":"Slavers","floor":23,"turns":5},{"damage":29,"enemies":"Snake Plant","floor":25,"turns":5},{"damage":5,"enemies":"Centurion and Healer","floor":26,"turns":4},{"damage":0,"enemies":"Chosen and Byrds","floor":27,"turns":2},{"damage":23,"enemies":"Shelled Parasite and Fungi","floor":28,"turns":5},{"damage":27,"enemies":"Gremlin Leader","floor":29,"turns":5},{"damage":0,"enemies":"downfall:FleeingMerchant","floor":31,"turns":4},{"damage":6,"enemies":"Cultist and Chosen","floor":32,"turns":4},{"damage":17,"enemies":"IC_MUSHROOM_ARCHETYPE","floor":33,"turns":7},{"damage":11,"enemies":"Orb Walker","floor":36,"turns":4},{"damage":29,"enemies":"3 Darklings","floor":37,"turns":6},{"damage":36,"enemies":"Jaw Worm Horde","floor":38,"turns":6},{"damage":21,"enemies":"Maw","floor":40,"turns":8},{"damage":13,"enemies":"R_Hoarder","floor":42,"turns":8},{"damage":23,"enemies":"Sphere and 2 Shapes","floor":44,"turns":6},{"damage":48,"enemies":"4 Shapes","floor":45,"turns":4},{"damage":16,"enemies":"Transient","floor":47,"turns":5},{"damage":12,"enemies":"downfall:FleeingMerchant","floor":48,"turns":4},{"damage":5,"enemies":"Spire Growth","floor":49,"turns":3},{"damage":42,"enemies":"SI_POISON_ARCHETYPE","floor":50,"turns":5}],"seed_played":"-8709359255029543846","potions_obtained":[{"floor":2,"key":"GamblersBrew"},{"floor":3,"key":"Flashbang"},{"floor":9,"key":"Fire Potion"},{"floor":15,"key":"Reflective Coating"},{"floor":16,"key":"Fire Potion"},{"floor":19,"key":"Adrenaline Potion"},{"floor":26,"key":"testmod-EscapePotion"},{"floor":29,"key":"Energy Potion"},{"floor":33,"key":"Weak Potion"},{"floor":40,"key":"Fire Potion"},{"floor":47,"key":"Fire Potion"}],"is_trial":false,"path_per_floor":["R","M","?","M","?","M","T","R","?","E","$","M","E","M","M","B",null,"R","M","M","M","?","E","T","M","M","M","M","E","?","$","M","B",null,"R","M","M","M","?","M","T","E","R","M","M","?","M","$","M","B"],"character_chosen":"SLIMEBOUND","items_purchased":["Replay:Wax Seal","Sling","Slimebound:DisruptingSlam+1","Slimebound:SamplingLick","Blind","FearPotion","Slimebound:AggressiveSlimeRelic","Slimebound:SelfFormingGoo+1","Slimebound:GoopSpray"],"campfire_rested":2,"item_purchase_floors":[11,11,31,31,31,48,48,48,48],"current_hp_per_floor":[71,68,34,34,34,38,38,71,54,60,64,68,71,71,71,40,71,81,81,77,66,66,66,66,58,63,65,55,34,22,32,39,40,96,96,89,70,44,44,41,41,38,81,68,30,30,22,16,17,0,0,0],"gold":436,"neow_bonus":"TEN_PERCENT_HP_BONUS","is_daily":false,"chose_seed":false,"campfire_upgraded":1,"win_rate":0.0,"timestamp":1613401663,"path_taken":["R","M","?","M","?","?","T","R","?","E","?","M","E","M","M","BOSS","R","M","M","M","?","E","T","M","M","M","M","E","?","?","M","BOSS","R","M","M","M","?","M","T","E","R","M","M","?","M","$","M","BOSS"],"items_purchased_type":["Relic","Relic","Card","Card","Card","Potion","Relic","Card","Card"],"build_version":"2020-12-22","purchased_purges":2,"victory":false,"max_hp_per_floor":[71,71,71,71,71,71,71,71,71,71,71,71,71,71,71,71,71,81,81,81,84,84,87,87,90,90,90,93,93,93,93,96,96,96,96,96,96,96,96,96,96,96,96,96,96,96,96,96,96,96,96,96],"card_choices":[{"not_picked":["Slimebound:Replication","Slimebound:SplitAcid"],"picked":"Slimebound:Schlurp","floor":2},{"not_picked":["Slimebound:Prepare","Slimebound:PressTheAttack"],"picked":"Slimebound:HauntingLick","floor":3},{"not_picked":["Slimebound:SplitMire","Slimebound:RejuvenatingLick"],"picked":"Slimebound:Prepare","floor":4},{"not_picked":["Slimebound:ComboTackle","Slimebound:Replication"],"picked":"Slimebound:SamplingLick","floor":6},{"not_picked":["Slimebound:RejuvenatingLick","Slimebound:GoopTackle"],"picked":"Slimebound:Gluttony","floor":9},{"not_picked":["Slimebound:GoopTackle","Slimebound:Schlurp"],"picked":"Slimebound:SplitLeeching","floor":10},{"not_picked":["Slimebound:FinishingTackle","Slimebound:DisruptingSlam"],"picked":"Slimebound:Equalize","floor":11},{"not_picked":["Slimebound:Teamwork","Slimebound:LeechEnergy"],"picked":"Slimebound:GoopSpray","floor":12},{"not_picked":["Slimebound:LeechEnergy","Slimebound:Nibble"],"picked":"Slimebound:ViciousTackle","floor":13},{"not_picked":["Slimebound:SplitAcid","Slimebound:SplitLeeching","Slimebound:LivingWall"],"picked":"Slimebound:SplitMire","floor":14},{"not_picked":["Slimebound:FormOfPuddle","Slimebound:FinishingTackle","Slimebound:SplitAcid"],"picked":"Slimebound:TongueLash","floor":15},{"not_picked":["Slimebound:RallyTheTroops","Slimebound:SelfFormingGoo","Slimebound:OneTwoCombo"],"picked":"Slimebound:MassFeed","floor":16},{"not_picked":["Slimebound:SlimeBrawl","Slimebound:GrowthPunch","Slimebound:SplitLeeching"],"picked":"Slimebound:LeechingTouch","floor":19},{"not_picked":["Slimebound:SlimeSpikes","Slimebound:HauntingLick","Slimebound:GoopTackle"],"picked":"Slimebound:OozeBath","floor":20},{"not_picked":["Slimebound:FormOfPuddle","Slimebound:SplitAcid+1","Slimebound:Chomp"],"picked":"Slimebound:GoopSpray+1","floor":21},{"not_picked":["Slimebound:Schlurp","Slimebound:SplitMire","Slimebound:ItLooksTasty"],"picked":"Slimebound:Overexert","floor":23},{"not_picked":["Slimebound:Schlurp+1","Slimebound:GoopTackle","Slimebound:SlimeSpikes"],"picked":"Slimebound:LevelUp","floor":25},{"not_picked":["Slimebound:Prepare","Slimebound:BestDefense","Slimebound:SlimeSpikes"],"picked":"Slimebound:SplitBruiser","floor":26},{"not_picked":["Slimebound:PressTheAttack","Slimebound:Replication+1","Slimebound:Prepare+1"],"picked":"Slimebound:HauntingLick","floor":27},{"not_picked":["Slimebound:ProtectTheBoss","Slimebound:SplitAcid","Slimebound:LivingWall"],"picked":"Slimebound:SplitBruiser+1","floor":28},{"not_picked":["Slimebound:Dissolve","Slimebound:Replication","Slimebound:OneTwoCombo+1"],"picked":"Slimebound:Chomp+1","floor":29},{"not_picked":["Slimebound:LeechingTouch+1","Slimebound:SplitLeeching","Slimebound:SlimeBarrage+1"],"picked":"Slimebound:ItLooksTasty+1","floor":31},{"not_picked":["Slimebound:Replication","Slimebound:RollThrough+1","Slimebound:ItLooksTasty+1"],"picked":"Slimebound:SplitMire+1","floor":32},{"not_picked":["Slimebound:OozeBath","Slimebound:SlimeSlap+1","Slimebound:PrepareCrush"],"picked":"Slimebound:SelfFormingGoo","floor":33},{"not_picked":["Slimebound:SlimeSpikes+1","Slimebound:SamplingLick","Slimebound:LeechingTouch+1"],"picked":"Slimebound:RainOfGoop+1","floor":36},{"not_picked":["Slimebound:RollThrough+1","Slimebound:RejuvenatingLick+1","Slimebound:FinishingTackle+1"],"picked":"Slimebound:SplitLeeching+1","floor":37},{"not_picked":["Slimebound:LeechingTouch+1","Slimebound:SplitAcid+1","Slimebound:PrepareCrush"],"picked":"Slimebound:RainOfGoop+1","floor":38},{"not_picked":["Slimebound:ComboTackle+1","Slimebound:MegaLick+1","Slimebound:GoopTackle+1"],"picked":"Slimebound:RainOfGoop","floor":40},{"not_picked":["Slimebound:PrepareCrush","Slimebound:Equalize+1","Slimebound:RollThrough+1"],"picked":"Slimebound:RejuvenatingLick","floor":42},{"not_picked":["Slimebound:Replication","Slimebound:PressTheAttack+1","Slimebound:LeechEnergy+1"],"picked":"Slimebound:Nibble+1","floor":44},{"not_picked":["Slimebound:GoopTackle+1","Slimebound:RainOfGoop+1","Slimebound:Equalize+1"],"picked":"Slimebound:RollThrough+1","floor":45},{"not_picked":["Slimebound:ItLooksTasty+1","Slimebound:HauntingLick","Slimebound:DisruptingSlam+1"],"picked":"Slimebound:LeechEnergy+1","floor":47},{"not_picked":["Slimebound:Nibble+1","Slimebound:FinishingTackle+1","Slimebound:ComboTackle+1"],"picked":"Slimebound:HauntingLick+1","floor":48},{"not_picked":["Slimebound:LeechingTouch+1","Slimebound:SlimeTap","Slimebound:Prepare"],"picked":"Slimebound:RainOfGoop+1","floor":49}],"player_experience":8360,"relics_obtained":[{"floor":1,"key":"Regal Pillow"},{"floor":10,"key":"Blood Vial"},{"floor":13,"key":"Question Card"},{"floor":22,"key":"Ring of Greed"},{"floor":22,"key":"Smiling Mask"},{"floor":22,"key":"Golden Idol"},{"floor":22,"key":"ReplayTheSpireMod:Ring of Exchange"},{"floor":23,"key":"Centennial Puzzle"},{"floor":24,"key":"Calipers"},{"floor":29,"key":"Molten Egg 2"},{"floor":41,"key":"Happy Flower"},{"floor":42,"key":"Orichalcum"}],"event_choices":[{"cards_removed":["Slimebound:Defend_Slimebound"],"damage_healed":0,"gold_gain":0,"player_choice":"Offered Basic","damage_taken":0,"max_hp_gain":0,"max_hp_loss":0,"event_name":"Bonfire Elementals","floor":5,"gold_loss":0},{"damage_healed":0,"gold_gain":0,"player_choice":"Ignored","damage_taken":0,"max_hp_gain":0,"max_hp_loss":0,"event_name":"给自己的盒子","floor":39,"gold_loss":0}],"is_beta":false,"boss_relics":[{"not_picked":["ChewingGum","Velvet Choker"],"picked":"testmod-BatchProcessingSystem"},{"not_picked":["testmod-IncinerationGenerator","Lee\u0027s Waffle"],"picked":"Membership Card"}],"items_purged_floors":[31,48],"is_endless":false,"potions_floor_spawned":[2,3,10,15,16,19,20,26,29,33,40,42,47],"killed_by":"SI_POISON_ARCHETYPE","ascension_level":0}}