{"host":"wbn3xdfsa5pc2kse","time":1613383356,"event":{"mods":["AchievementEnabler","BaseMod","Bestiary","Colored Map","Colored Powertips","Curses Come First","Highlight Path","Minty Spire (QoL Compilation)","Permanent Neow","Rare Cards Sparkle","Relic Stats","StSLib"],"gold_per_floor":[113,113,113,127,138,170,245,256,306,306,335,18,35,46,46,124,124,139,5,25,75,85,111,111,142,142,171,171,171],"floor_reached":28,"language":"ZHT","playtime":781,"items_purged":["Strike_R","Strike_R"],"score":482,"play_id":"e918e350-b112-4dc0-a5bf-48981d03329e","local_time":"20210215180236","is_ascension_mode":true,"campfire_choices":[{"data":"Armaments","floor":10,"key":"SMITH"},{"data":"Inflame","floor":15,"key":"SMITH"},{"floor":24,"key":"REST"}],"circlet_count":0,"master_deck":["AscendersBane","Strike_R","Strike_R","Strike_R","Defend_R","Defend_R","Defend_R","Bash","Armaments+1","Cleave","Anger","Inflame+1","Burning Pact","Seeing Red","Spot Weakness","Pummel","Demon Form","Flex+1","Blood for Blood+1","Corruption","Twin Strike+1"],"relics":["Burning Blood","TungstenRod","Charon\u0027s Ashes","Bronze Scales","Smiling Mask","Tiny Chest","Nunchaku","SlaversCollar","Sundial","Pen Nib","Toxic Egg 2","Red Mask"],"acts_visited":["Exordium","TheCity"],"potions_floor_usage":[11,11,14,18,22,23,23,27],"damage_taken":[{"damage":3,"enemies":"Small Slimes","floor":1,"turns":4},{"damage":2,"enemies":"Jaw Worm","floor":4,"turns":5},{"damage":7,"enemies":"2 Louse","floor":5,"turns":3},{"damage":24,"enemies":"Lagavulin","floor":6,"turns":7},{"damage":5,"enemies":"2 Fungi Beasts","floor":8,"turns":3},{"damage":7,"enemies":"3 Sentries","floor":11,"turns":4},{"damage":2,"enemies":"Blue Slaver","floor":13,"turns":3},{"damage":10,"enemies":"Exordium Wildlife","floor":14,"turns":4},{"damage":18,"enemies":"Hexaghost","floor":16,"turns":6},{"damage":21,"enemies":"Shell Parasite","floor":18,"turns":3},{"damage":23,"enemies":"Chosen","floor":20,"turns":5},{"damage":0,"enemies":"Snecko","floor":22,"turns":2},{"damage":27,"enemies":"Slavers","floor":23,"turns":3},{"damage":15,"enemies":"Gremlin Leader","floor":25,"turns":4},{"damage":7,"enemies":"Masked Bandits","floor":27,"turns":3},{"damage":26,"enemies":"Shelled Parasite and Fungi","floor":28,"turns":3}],"seed_played":"124236047229890541","potions_obtained":[{"floor":6,"key":"BlessingOfTheForge"},{"floor":8,"key":"ColorlessPotion"},{"floor":14,"key":"Energy Potion"},{"floor":16,"key":"SkillPotion"},{"floor":20,"key":"DistilledChaos"},{"floor":22,"key":"Swift Potion"},{"floor":25,"key":"Weak Potion"}],"is_trial":false,"path_per_floor":["M","?","T","M","M","E","?","M","T","R","E","$","M","M","R","B",null,"M","$","M","?","M","E","R","E","T","?","M"],"character_chosen":"IRONCLAD","items_purchased":["Spot Weakness","Nunchaku","ColorlessPotion","DuplicationPotion"],"campfire_rested":1,"item_purchase_floors":[12,12,12,19],"current_hp_per_floor":[68,62,62,66,65,47,37,38,38,38,37,37,41,37,37,25,57,42,42,25,25,31,10,30,21,21,20,0,0],"gold":171,"neow_bonus":"ONE_RARE_RELIC","is_daily":false,"chose_seed":false,"campfire_upgraded":2,"win_rate":0.0,"timestamp":1613383356,"path_taken":["M","?","?","M","M","E","?","M","T","R","E","$","M","M","R","BOSS","M","$","M","?","M","E","R","E","T","?","M"],"items_purchased_type":["Card","Relic","Potion","Potion"],"build_version":"2020-12-22","purchased_purges":2,"victory":false,"max_hp_per_floor":[68,68,68,68,68,68,68,68,68,68,68,68,68,68,68,68,68,68,68,68,68,68,68,68,68,68,68,68,68],"relic_stats":{"Nunchaku":[6],"counters":[16,62],"Sundial":[0],"Bronze Scales":[112],"Tiny Chest":0,"Charon\u0027s Ashes":[153],"Pen Nib":[1],"Smiling Mask":75,"obtain_stats":[{"SlaversCollar":17,"Nunchaku":12,"Sundial":23,"Bronze Scales":6,"Tiny Chest":11,"Charon\u0027s Ashes":3,"Pen Nib":25,"Red Mask":27,"Toxic Egg 2":26,"Smiling Mask":9,"Burning Blood":0,"TungstenRod":0},{"SlaversCollar":9,"Nunchaku":6,"Sundial":13,"Bronze Scales":4,"Tiny Chest":6,"Charon\u0027s Ashes":1,"Pen Nib":14,"Red Mask":15,"Toxic Egg 2":14,"Smiling Mask":5,"Burning Blood":0,"TungstenRod":0},{"SlaversCollar":39,"Nunchaku":26,"Sundial":52,"Bronze Scales":19,"Tiny Chest":26,"Charon\u0027s Ashes":4,"Pen Nib":56,"Red Mask":59,"Toxic Egg 2":56,"Smiling Mask":22,"Burning Blood":0,"TungstenRod":0}],"Burning Blood":87,"TungstenRod":40},"card_choices":[{"not_picked":["Havoc","Body Slam"],"picked":"Armaments","floor":1},{"not_picked":["Pummel","Bloodletting"],"picked":"Cleave","floor":4},{"not_picked":["Ghostly Armor","Clash"],"picked":"Anger","floor":5},{"not_picked":["Bloodletting","Clothesline"],"picked":"Inflame","floor":6},{"not_picked":["Juggernaut","Thunderclap"],"picked":"Burning Pact","floor":8},{"not_picked":["Anger","Burning Pact"],"picked":"Seeing Red","floor":11},{"not_picked":["Headbutt","Bloodletting","Dual Wield"],"picked":"SKIP","floor":13},{"not_picked":["Spot Weakness","Burning Pact"],"picked":"Pummel","floor":14},{"not_picked":["Juggernaut","Double Tap"],"picked":"Demon Form","floor":16},{"not_picked":["Metallicize","Uppercut"],"picked":"Flex+1","floor":18},{"not_picked":["Uppercut","Flex","Rampage"],"picked":"SKIP","floor":20},{"not_picked":["Warcry","Perfected Strike"],"picked":"Blood for Blood+1","floor":22},{"not_picked":["Thunderclap","Spot Weakness"],"picked":"Corruption","floor":23},{"not_picked":["Combust","Whirlwind","Evolve"],"picked":"SKIP","floor":25},{"not_picked":["Pommel Strike","Thunderclap"],"picked":"Twin Strike+1","floor":27}],"player_experience":818969,"relics_obtained":[{"floor":3,"key":"Charon\u0027s Ashes"},{"floor":6,"key":"Bronze Scales"},{"floor":9,"key":"Smiling Mask"},{"floor":11,"key":"Tiny Chest"},{"floor":23,"key":"Sundial"},{"floor":25,"key":"Pen Nib"},{"floor":26,"key":"Toxic Egg 2"},{"floor":27,"key":"Red Mask"}],"event_choices":[{"cards_removed":["Defend_R"],"damage_healed":0,"gold_gain":0,"player_choice":"Card Removal","damage_taken":7,"max_hp_gain":0,"max_hp_loss":0,"event_name":"Golden Wing","floor":2,"gold_loss":0},{"damage_healed":0,"gold_gain":75,"player_choice":"Gather Gold","damage_taken":11,"max_hp_gain":0,"max_hp_loss":0,"event_name":"World of Goop","floor":7,"gold_loss":0},{"damage_healed":0,"gold_gain":50,"player_choice":"Stole From Cult","damage_taken":0,"max_hp_gain":0,"max_hp_loss":0,"event_name":"Nest","floor":21,"gold_loss":0},{"damage_healed":0,"gold_gain":0,"player_choice":"Fought Bandits","damage_taken":0,"max_hp_gain":0,"max_hp_loss":0,"event_name":"Masked Bandits","floor":27,"gold_loss":0}],"is_beta":false,"boss_relics":[{"not_picked":["Astrolabe","Runic Dome"],"picked":"SlaversCollar"}],"items_purged_floors":[12,19],"is_endless":false,"potions_floor_spawned":[6,8,14,16,20,22,25],"killed_by":"Shelled Parasite and Fungi","ascension_level":16}}