{"host":"cw5mrddkw4tq3s8v","time":1613431233,"event":{"mods":["BaseMod","Block Reminder","Colored Map","Colored Powertips","DeckTracker","Highlight Path","Hubris","Infinite Spire","Minty Spire (QoL Compilation)","Permanent Neow","Quick Restart","Random Character Button","Relic Sorter","Relic Stats","Replay The Spire","StSLib","SuperFastMode","The Blue Laboratory","The Jungle"],"gold_per_floor":[114,125,125,136,154,187,187,214,241,262,289,304,304,318,318,417,417,433,433,433,433,448,480,480,515,515,527,527,527],"floor_reached":28,"language":"ENG","playtime":2302,"items_purged":[],"score":344,"play_id":"9b013c8d-c578-4aef-8abd-df5c818a5465","local_time":"20210216012033","is_ascension_mode":true,"campfire_choices":[{"data":"Bash","floor":7,"key":"SMITH"},{"data":"Disarm","floor":15,"key":"SMITH"},{"data":"Run Through","floor":24,"key":"SMITH"}],"circlet_count":0,"master_deck":["Strike_R","Strike_R+1","Strike_R","Strike_R","Defend_R","Defend_R","Defend_R","Defend_R","Run Through+1","Burning Pact","hubris:ReadiedAction","Disarm+1","Burning Pact","hubris:DuctTapeCard","Flame Barrier"],"relics":["Burning Blood","Replay:Baseball","Replay:Rubber Ducky","Orichalcum","Whetstone","Odd Mushroom","Nunchaku","hubris:TerracottaHorce","Replay:Blank Codex","hubris:Towel","hubris:BottledHeart","hubris:DuctTape","Omamori","hubris:CrystalStatue"],"acts_visited":["Exordium","TheCity"],"potions_floor_usage":[16,16,16,22,27],"damage_taken":[{"damage":1,"enemies":"Jaw Worm","floor":1,"turns":3},{"damage":5,"enemies":"2 Louse","floor":2,"turns":2},{"damage":0,"enemies":"Cultist","floor":4,"turns":2},{"damage":5,"enemies":"3 Louse","floor":5,"turns":3},{"damage":4,"enemies":"Replay:BlueRogue","floor":6,"turns":5},{"damage":22,"enemies":"Gremlin Nob","floor":8,"turns":4},{"damage":12,"enemies":"The Mushroom Lair","floor":10,"turns":4},{"damage":15,"enemies":"Lagavulin","floor":11,"turns":6},{"damage":4,"enemies":"Exordium Wildlife","floor":12,"turns":3},{"damage":7,"enemies":"Looter","floor":14,"turns":3},{"damage":2,"enemies":"Hexaghost","floor":16,"turns":6},{"damage":7,"enemies":"Chosen","floor":18,"turns":4},{"damage":0,"enemies":"Spheric Guardian","floor":22,"turns":5},{"damage":0,"enemies":"Book of Stabbing","floor":23,"turns":5},{"damage":0,"enemies":"Replay:Snechameleon","floor":25,"turns":4},{"damage":0,"enemies":"Centurion and Healer","floor":27,"turns":5},{"damage":5,"enemies":"Gremlin Leader","floor":28,"turns":4}],"seed_played":"-5608834140954683347","potions_obtained":[{"floor":1,"key":"FearPotion"},{"floor":5,"key":"Explosive Potion"},{"floor":11,"key":"blueLaboratory:RememoryPotion"},{"floor":12,"key":"EntropicBrew"},{"floor":16,"key":"blueLaboratory:BottledHope"},{"floor":22,"key":"blueLaboratory:LouseDecoction"},{"floor":23,"key":"blueLaboratory:AbyssPotion"}],"is_trial":false,"path_per_floor":["M","M","?","M","M","E","R","E","T","?","E","M","?","M","R","B",null,"M","?","?","?","M","E","R","E","T","M","E"],"character_chosen":"IRONCLAD","items_purchased":[],"campfire_rested":0,"item_purchase_floors":[],"current_hp_per_floor":[80,80,80,80,80,80,80,64,64,58,49,51,51,50,50,54,74,73,57,57,1,1,1,1,1,1,1,0,0],"gold":527,"neow_bonus":"RANDOM_COMMON_RELIC","is_daily":false,"chose_seed":false,"campfire_upgraded":3,"win_rate":0.0,"timestamp":1613431233,"path_taken":["M","M","?","M","M","E","R","E","T","?","E","M","?","?","R","BOSS","M","?","?","?","M","E","R","E","T","M","E"],"items_purchased_type":[],"build_version":"2020-12-13","purchased_purges":0,"victory":false,"max_hp_per_floor":[80,80,80,80,80,80,80,80,80,80,80,80,80,80,80,80,80,80,80,80,1,1,1,1,1,1,1,1,1],"relic_stats":{"Nunchaku":[8],"counters":[17,68],"Whetstone":["ReplayTheSpireMod:Strike From Hell","Strike_R"],"Orichalcum":[102],"obtain_stats":[{"hubris:CrystalStatue":26,"hubris:DuctTape":23,"Omamori":25,"Whetstone":9,"Orichalcum":8,"Odd Mushroom":10,"hubris:Towel":20,"Burning Blood":0,"Replay:Rubber Ducky":6,"hubris:TerracottaHorce":17,"Replay:Baseball":0,"Nunchaku":11,"hubris:BottledHeart":21,"Replay:Blank Codex":19},{"hubris:CrystalStatue":15,"hubris:DuctTape":14,"Omamori":15,"Whetstone":6,"Orichalcum":6,"Odd Mushroom":7,"hubris:Towel":12,"Burning Blood":0,"Replay:Rubber Ducky":5,"hubris:TerracottaHorce":11,"Replay:Baseball":0,"Nunchaku":8,"hubris:BottledHeart":12,"Replay:Blank Codex":12},{"hubris:CrystalStatue":59,"hubris:DuctTape":55,"Omamori":59,"Whetstone":19,"Orichalcum":19,"Odd Mushroom":23,"hubris:Towel":45,"Burning Blood":0,"Replay:Rubber Ducky":15,"hubris:TerracottaHorce":41,"Replay:Baseball":0,"Nunchaku":29,"hubris:BottledHeart":45,"Replay:Blank Codex":45}],"Burning Blood":57},"card_choices":[{"not_picked":["Rupture","Metallicize"],"picked":"ReplayTheSpireMod:Strike From Hell","floor":1},{"not_picked":["Thunderclap","Infernal Blade"],"picked":"Run Through","floor":2},{"not_picked":["Feel No Pain","Defy Death","Thunderclap"],"picked":"SKIP","floor":4},{"not_picked":["Flex","Warcry","Run Through"],"picked":"SKIP","floor":5},{"not_picked":["ReplayTheSpireMod:LeadingStrike","Shrug It Off"],"picked":"Burning Pact","floor":6},{"not_picked":["Shrug It Off","Blood for Blood"],"picked":"hubris:ReadiedAction","floor":8},{"not_picked":["Flex","hubris:SharpeningStone"],"picked":"Disarm","floor":11},{"not_picked":["ReplayTheSpireMod:Corrosion Curse","Juggernaut","Iron Wave"],"picked":"SKIP","floor":12},{"not_picked":["Anger","True Grit","Heavy Blade"],"picked":"SKIP","floor":14},{"not_picked":["Reckless Charge+1","Twin Strike","Clash"],"picked":"SKIP","floor":18},{"not_picked":["Clash+1","Twin Strike+1","Warcry"],"picked":"SKIP","floor":22},{"not_picked":["Shockwave","Fire Breathing","Bludgeon"],"picked":"SKIP","floor":23},{"not_picked":["Fire Breathing","Burning Pact","hubris:ReadiedAction"],"picked":"SKIP","floor":25},{"not_picked":["hubris:ReadiedAction","Warcry"],"picked":"Flame Barrier","floor":27}],"player_experience":57640,"relics_obtained":[{"floor":6,"key":"Replay:Rubber Ducky"},{"floor":8,"key":"Orichalcum"},{"floor":9,"key":"Whetstone"},{"floor":10,"key":"Odd Mushroom"},{"floor":11,"key":"Nunchaku"},{"floor":19,"key":"Replay:Blank Codex"},{"floor":23,"key":"hubris:DuctTape"},{"floor":25,"key":"Omamori"},{"floor":26,"key":"hubris:CrystalStatue"}],"event_choices":[{"damage_healed":0,"gold_gain":0,"player_choice":"Ignored","damage_taken":0,"max_hp_gain":0,"max_hp_loss":0,"event_name":"Liars Game","floor":3,"gold_loss":0},{"damage_healed":0,"gold_gain":0,"player_choice":"Fought Mushrooms","damage_taken":0,"max_hp_gain":0,"max_hp_loss":0,"event_name":"Mushrooms","floor":10,"gold_loss":0},{"damage_healed":0,"gold_gain":0,"cards_transformed":["Strike_R"],"player_choice":"Transformed","damage_taken":0,"max_hp_gain":0,"max_hp_loss":0,"event_name":"Transmorgrifier","floor":13,"gold_loss":0,"cards_obtained":["Burning Pact"]},{"damage_healed":0,"gold_gain":0,"player_choice":"Obtained Book","damage_taken":16,"max_hp_gain":0,"max_hp_loss":0,"event_name":"Cursed Tome","floor":19,"gold_loss":0}],"is_beta":false,"boss_relics":[{"not_picked":["SacredBark","Busted Crown"],"picked":"hubris:TerracottaHorce"}],"items_purged_floors":[],"is_endless":false,"potions_floor_spawned":[1,5,11,12,16,22,23],"killed_by":"Gremlin Leader","ascension_level":1}}