{"host":"jq8d8epkoknfq6em","time":1613409069,"event":{"mods":["AchievementEnabler","BaseMod","Colored Map","Colored Powertips","Highlight Path","Minty Spire (QoL Compilation)","Quick Restart","Relic Stats","StSLib"],"gold_per_floor":[361,379,391,406,5,30,30,65,65,65,121,141,141,155,155,257,257,275,20,30,30,47,47,78,78,78,98,127,127,145,173,173,274,274,288,288,307,323,336,336,347,379,379,397,397,397,35,35,35],"floor_reached":48,"language":"ENG","playtime":11016,"items_purged":["Clumsy"],"score":904,"play_id":"709a4870-4567-4d2f-9e4c-0bb037cd478d","local_time":"20210215181109","is_ascension_mode":true,"campfire_choices":[{"data":"Whirlwind","floor":7,"key":"SMITH"},{"floor":10,"key":"REST"},{"data":"True Grit","floor":13,"key":"SMITH"},{"data":"Sever Soul","floor":15,"key":"SMITH"},{"data":"Barricade","floor":23,"key":"SMITH"},{"data":"Entrench","floor":25,"key":"SMITH"},{"data":"Metamorphosis","floor":29,"key":"SMITH"},{"floor":32,"key":"REST"},{"data":"Body Slam","floor":40,"key":"SMITH"},{"data":"Dark Embrace","floor":45,"key":"SMITH"}],"circlet_count":0,"master_deck":["AscendersBane","Strike_R","Strike_R","Strike_R+1","Defend_R","Defend_R","Defend_R","Defend_R","Bash","Battle Trance","Whirlwind+1","Feel No Pain","Power Through","Sever Soul+1","Panacea","Feel No Pain","Battle Trance","Wild Strike","True Grit+1","Pommel Strike","Rage","Barricade+1","Warcry","Metamorphosis+1","Anger","Anger","Ghostly","Ghostly","Ghostly","Ghostly","Ghostly","Entrench+1","Second Wind","Shrug It Off","Armaments+1","Exhume","Impervious","Dark Embrace+1","Body Slam+1","True Grit+1","Fire Breathing","Evolve","Power Through"],"relics":["Burning Blood","Bronze Scales","Nunchaku","Question Card","Pear","SlaversCollar","Pen Nib","Blue Candle","Art of War","Whetstone","Coffee Dripper","Orichalcum","Frozen Egg 2","Pantograph"],"acts_visited":["Exordium","TheCity","TheBeyond"],"potions_floor_usage":[6,8,11,12,16,33,39,41,41,42,42,48],"damage_taken":[{"damage":7,"enemies":"2 Louse","floor":1,"turns":4},{"damage":3,"enemies":"Small Slimes","floor":2,"turns":6},{"damage":6,"enemies":"Cultist","floor":3,"turns":4},{"damage":16,"enemies":"Blue Slaver","floor":4,"turns":5},{"damage":45,"enemies":"Gremlin Nob","floor":6,"turns":5},{"damage":14,"enemies":"Lagavulin","floor":8,"turns":7},{"damage":7,"enemies":"3 Sentries","floor":11,"turns":3},{"damage":15,"enemies":"Large Slime","floor":12,"turns":7},{"damage":12,"enemies":"Lots of Slimes","floor":14,"turns":4},{"damage":28,"enemies":"Hexaghost","floor":16,"turns":9},{"damage":35,"enemies":"Shell Parasite","floor":18,"turns":8},{"damage":17,"enemies":"2 Thieves","floor":20,"turns":4},{"damage":1,"enemies":"Cultist and Chosen","floor":22,"turns":8},{"damage":20,"enemies":"Book of Stabbing","floor":24,"turns":7},{"damage":0,"enemies":"Chosen and Byrds","floor":27,"turns":7},{"damage":5,"enemies":"Gremlin Leader","floor":28,"turns":7},{"damage":0,"enemies":"Snake Plant","floor":30,"turns":7},{"damage":29,"enemies":"Slavers","floor":31,"turns":6},{"damage":9,"enemies":"Automaton","floor":33,"turns":16},{"damage":6,"enemies":"Orb Walker","floor":35,"turns":5},{"damage":30,"enemies":"3 Darklings","floor":37,"turns":8},{"damage":11,"enemies":"Sphere and 2 Shapes","floor":38,"turns":8},{"damage":18,"enemies":"Jaw Worm Horde","floor":39,"turns":5},{"damage":0,"enemies":"3 Darklings","floor":41,"turns":7},{"damage":6,"enemies":"Nemesis","floor":42,"turns":9},{"damage":8,"enemies":"Spire Growth","floor":44,"turns":7},{"damage":36,"enemies":"Transient","floor":48,"turns":5}],"seed_played":"1219838464952910189","potions_obtained":[{"floor":3,"key":"ColorlessPotion"},{"floor":6,"key":"Explosive Potion"},{"floor":11,"key":"Regen Potion"},{"floor":12,"key":"LiquidBronze"},{"floor":16,"key":"FairyPotion"},{"floor":33,"key":"Strength Potion"},{"floor":39,"key":"EntropicBrew"},{"floor":41,"key":"SpeedPotion"}],"is_trial":false,"path_per_floor":["M","M","M","M","$","E","R","E","T","R","?","M","R","M","R","B",null,"M","$","M","?","M","R","E","R","T","M","E","R","M","E","R","B",null,"M","?","M","M","M","R","M","E","T","M","R","?","$","M"],"character_chosen":"IRONCLAD","items_purchased":["Power Through","Sever Soul","Panacea","Explosive Potion","Feel No Pain","Metamorphosis","Anger","PowerPotion","Pantograph","LiquidMemories","SkillPotion"],"campfire_rested":2,"item_purchase_floors":[5,5,5,5,5,19,19,19,47,47,47],"current_hp_per_floor":[71,74,74,64,64,25,25,17,17,41,50,56,56,50,50,28,75,46,46,35,35,40,40,26,26,26,32,33,33,39,16,29,26,40,40,40,16,11,19,19,25,25,25,23,23,23,23,0,0],"gold":35,"neow_bonus":"TWO_FIFTY_GOLD","is_daily":false,"chose_seed":false,"campfire_upgraded":8,"win_rate":0.0,"timestamp":1613409069,"path_taken":["M","M","M","M","$","E","R","E","T","R","?","M","R","M","R","BOSS","M","$","M","?","M","R","E","R","T","M","E","R","M","E","R","BOSS","M","?","M","M","?","R","M","E","T","M","R","?","$","M"],"items_purchased_type":["Card","Card","Card","Potion","Card","Card","Card","Potion","Relic","Potion","Potion"],"build_version":"2020-12-22","purchased_purges":1,"victory":false,"max_hp_per_floor":[80,80,80,80,80,80,80,80,80,80,90,90,90,90,90,90,90,90,90,90,45,45,45,45,45,45,45,45,45,45,45,45,45,45,45,45,45,45,45,45,45,45,45,45,45,45,45,45,45],"relic_stats":{"Nunchaku":[23],"counters":[27,178],"Bronze Scales":[621],"Blue Candle":[0],"Pantograph":0,"Pen Nib":[15],"Art of War":[17],"Whetstone":["Strike_R","Strike_R"],"Orichalcum":[18],"Question Card":20,"obtain_stats":[{"Pear":11,"Blue Candle":26,"Pen Nib":24,"Whetstone":31,"Orichalcum":42,"Frozen Egg 2":43,"Question Card":9,"Burning Blood":0,"SlaversCollar":17,"Nunchaku":8,"Bronze Scales":6,"Pantograph":47,"Art of War":28,"Coffee Dripper":34},{"Pear":7,"Blue Candle":14,"Pen Nib":14,"Whetstone":18,"Orichalcum":25,"Frozen Egg 2":25,"Question Card":6,"Burning Blood":0,"SlaversCollar":10,"Nunchaku":6,"Bronze Scales":5,"Pantograph":26,"Art of War":16,"Coffee Dripper":19},{"Pear":34,"Blue Candle":81,"Pen Nib":81,"Whetstone":108,"Orichalcum":166,"Frozen Egg 2":166,"Question Card":31,"Burning Blood":0,"SlaversCollar":54,"Nunchaku":31,"Bronze Scales":24,"Pantograph":173,"Art of War":95,"Coffee Dripper":124}],"Burning Blood":156},"card_choices":[{"not_picked":["Havoc","Sentinel"],"picked":"Battle Trance","floor":1},{"not_picked":["Dark Embrace","Shrug It Off"],"picked":"Whirlwind","floor":2},{"not_picked":["Sword Boomerang","Perfected Strike"],"picked":"Feel No Pain","floor":3},{"not_picked":["Thunderclap","Iron Wave","Havoc"],"picked":"SKIP","floor":4},{"not_picked":["Sever Soul","Demon Form"],"picked":"Battle Trance","floor":6},{"not_picked":["Feel No Pain","Shrug It Off"],"picked":"Wild Strike","floor":8},{"not_picked":["Pommel Strike","Headbutt","Feel No Pain"],"picked":"True Grit","floor":11},{"not_picked":["True Grit","Flex","Double Tap"],"picked":"Pommel Strike","floor":12},{"not_picked":["Clash","Cleave","Pommel Strike"],"picked":"Rage","floor":14},{"not_picked":["Reaper","Offering","Feed"],"picked":"Barricade","floor":16},{"not_picked":["Whirlwind+1","Metallicize","Twin Strike"],"picked":"Warcry","floor":18},{"not_picked":["True Grit","Wild Strike","Searing Blow"],"picked":"Anger","floor":20},{"not_picked":["Rage","Warcry","Twin Strike"],"picked":"Entrench","floor":22},{"not_picked":["Flex","Double Tap","Cleave","Perfected Strike"],"picked":"SKIP","floor":24},{"not_picked":["Warcry","Sword Boomerang","Iron Wave"],"picked":"Second Wind","floor":27},{"not_picked":["Sever Soul","Perfected Strike","Uppercut"],"picked":"Shrug It Off","floor":28},{"not_picked":["Twin Strike","Blood for Blood","Entrench"],"picked":"Armaments+1","floor":30},{"not_picked":["Warcry","True Grit","Ghostly Armor+1"],"picked":"Exhume","floor":31},{"not_picked":["Immolate","Feed","Berserk"],"picked":"Impervious","floor":33},{"not_picked":["Armaments+1","Havoc","Infernal Blade"],"picked":"Dark Embrace","floor":35},{"not_picked":["Warcry+1","Cleave+1","Iron Wave"],"picked":"Body Slam","floor":37},{"not_picked":["Blood for Blood","Spot Weakness","Inflame","Brutality"],"picked":"SKIP","floor":38},{"not_picked":["Warcry+1","Twin Strike","Cleave"],"picked":"True Grit+1","floor":39},{"not_picked":["Wild Strike","Shrug It Off+1","Thunderclap+1"],"picked":"Fire Breathing","floor":41},{"not_picked":["Rampage+1","Uppercut","Whirlwind"],"picked":"Evolve","floor":42},{"not_picked":["Pommel Strike","Clash","Cleave"],"picked":"Power Through","floor":44}],"player_experience":1003656,"relics_obtained":[{"floor":6,"key":"Bronze Scales"},{"floor":8,"key":"Nunchaku"},{"floor":9,"key":"Question Card"},{"floor":11,"key":"Pear"},{"floor":24,"key":"Pen Nib"},{"floor":26,"key":"Blue Candle"},{"floor":28,"key":"Art of War"},{"floor":31,"key":"Whetstone"},{"floor":42,"key":"Orichalcum"},{"floor":43,"key":"Frozen Egg 2"}],"event_choices":[{"damage_healed":0,"gold_gain":30,"player_choice":"Searched \u00273\u0027 times","damage_taken":0,"max_hp_gain":0,"max_hp_loss":0,"event_name":"Dead Adventurer","floor":11,"gold_loss":0},{"damage_healed":0,"gold_gain":0,"player_choice":"Became a Ghost","damage_taken":0,"max_hp_gain":0,"max_hp_loss":45,"event_name":"Ghosts","floor":21,"gold_loss":0,"cards_obtained":["Ghostly","Ghostly","Ghostly","Ghostly","Ghostly"]},{"cards_removed":["Strike_R"],"damage_healed":0,"gold_gain":0,"player_choice":"Purged","damage_taken":0,"max_hp_gain":0,"max_hp_loss":0,"event_name":"Purifier","floor":36,"gold_loss":0},{"cards_removed":["Strike_R"],"damage_healed":0,"gold_gain":0,"player_choice":"Removed Attack","damage_taken":0,"max_hp_gain":0,"max_hp_loss":0,"event_name":"Falling","floor":46,"gold_loss":0}],"is_beta":false,"boss_relics":[{"not_picked":["Snecko Eye","Astrolabe"],"picked":"SlaversCollar"},{"not_picked":["Fusion Hammer","Philosopher\u0027s Stone"],"picked":"Coffee Dripper"}],"items_purged_floors":[5],"is_endless":false,"potions_floor_spawned":[3,6,11,12,16,20,27,31,33,38,39,41],"killed_by":"Transient","ascension_level":12}}