{"host":"6xsbn6ynqlzwllfm","time":1613395127,"event":{"mods":["2.2 Compatiblity","BaseMod","Bestiary","Colored Map","Colored Powertips","Curses Come First","Downfall","Highlight Path","Keyboard Shortcuts","Minty Spire (QoL Compilation)","Relic Stats","Slay the Relics Exporter","StSLib","SuperFastMode"],"gold_per_floor":[99,112,131,131,131,164,189,189,189,189],"floor_reached":8,"language":"ENG","playtime":209,"items_purged":[],"score":92,"play_id":"2eb4f064-e2ac-4f28-afdb-03ee6baccd24","local_time":"20210215081847","is_ascension_mode":true,"campfire_choices":[{"data":"bronze:Goto","floor":1,"key":"SMITH"}],"circlet_count":0,"master_deck":["AscendersBane","bronze:Strike","bronze:Strike","bronze:Strike","bronze:Strike","bronze:Defend","bronze:Defend","bronze:Defend","bronze:Defend","bronze:Replicate","bronze:Goto+1","bronze:ChildClass","bronze:Repulsor","bronze:DigitalCarnage"],"relics":["Velvet Choker","bronze:BottledCode","downfall:BrokenWingStatue","bronze:BronzeIdol","Pen Nib"],"acts_visited":["Exordium"],"potions_floor_usage":[8,8],"damage_taken":[{"damage":0,"enemies":"2 Louse","floor":2,"turns":4},{"damage":0,"enemies":"Small Slimes","floor":3,"turns":3},{"damage":49,"enemies":"Gremlin Nob","floor":6,"turns":5},{"damage":5,"enemies":"Lagavulin","floor":8,"turns":4}],"seed_played":"-1858587383978718892","potions_obtained":[{"floor":2,"key":"Energy Potion"},{"floor":6,"key":"FearPotion"}],"is_trial":false,"path_per_floor":["R","M","M","?","?","E","T","E"],"character_chosen":"THE_AUTOMATON","items_purchased":[],"campfire_rested":0,"item_purchase_floors":[],"current_hp_per_floor":[57,57,57,53,53,4,4,0,0,0],"gold":189,"neow_bonus":"BOSS_RELIC","is_daily":false,"chose_seed":false,"campfire_upgraded":1,"win_rate":0.0,"timestamp":1613395127,"path_taken":["R","M","M","?","?","E","T","E"],"items_purchased_type":[],"build_version":"2020-12-22","purchased_purges":0,"victory":false,"max_hp_per_floor":[63,63,63,53,53,53,53,53,53,53],"relic_stats":{"counters":[4,16],"Pen Nib":[0],"obtain_stats":[{"bronze:BottledCode":4,"bronze:BronzeCore":0,"downfall:BrokenWingStatue":5,"Velvet Choker":0,"Pen Nib":7,"bronze:BronzeIdol":6},{"bronze:BottledCode":2,"bronze:BronzeCore":0,"downfall:BrokenWingStatue":2,"Velvet Choker":0,"Pen Nib":3,"bronze:BronzeIdol":3},{"bronze:BottledCode":7,"bronze:BronzeCore":0,"downfall:BrokenWingStatue":7,"Velvet Choker":0,"Pen Nib":12,"bronze:BronzeIdol":12}]},"card_choices":[{"not_picked":["bronze:Backtrace","bronze:ClassDefault"],"picked":"bronze:ChildClass","floor":2},{"not_picked":["bronze:Shield","bronze:Separator"],"picked":"bronze:Repulsor","floor":3},{"not_picked":["bronze:Fortify","bronze:Frontload"],"picked":"bronze:DigitalCarnage","floor":6}],"player_experience":1797735,"relics_obtained":[{"floor":6,"key":"bronze:BronzeIdol"},{"floor":7,"key":"Pen Nib"}],"event_choices":[],"is_beta":false,"boss_relics":[],"items_purged_floors":[],"is_endless":false,"potions_floor_spawned":[2,6],"killed_by":"Lagavulin","ascension_level":14}}