{"host":"eglukmwb6rueyn6u","time":1613378991,"event":{"mods":["BaseMod","Colored Map","Minty Spire (QoL Compilation)"],"gold_per_floor":[14,14,26,39,39,69,144,144,144,158,158,6,59,87,87,183,183,196,55,55,55,55,55,55],"floor_reached":23,"language":"ENG","playtime":2777,"items_purged":["Parasite","Defend_B"],"score":230,"play_id":"7f2ee5c7-4350-4be4-822a-5ef663c873d2","local_time":"20210215104951","is_ascension_mode":true,"campfire_choices":[{"floor":11,"key":"REST"},{"data":"Hologram","floor":15,"key":"SMITH"}],"circlet_count":0,"master_deck":["Strike_B","Strike_B","Strike_B","Defend_B","Defend_B","Defend_B","Zap","Dualcast","Leap","Hologram+1","Coolheaded","Defragment+1","Defragment+1","Self Repair+1","Machine Learning+1","Conserve Battery+1","Self Repair+1"],"relics":["Cracked Core","Question Card","Matryoshka","Pantograph","Frozen Egg 2","Juzu Bracelet","Orichalcum","Pen Nib","Nuclear Battery"],"acts_visited":["Exordium","TheCity"],"potions_floor_usage":[16,23],"damage_taken":[{"damage":0,"enemies":"Small Slimes","floor":1,"turns":3},{"damage":0,"enemies":"Cultist","floor":3,"turns":3},{"damage":0,"enemies":"2 Louse","floor":4,"turns":4},{"damage":59,"enemies":"Gremlin Nob","floor":6,"turns":5},{"damage":8,"enemies":"Blue Slaver","floor":10,"turns":5},{"damage":13,"enemies":"Lagavulin","floor":14,"turns":8},{"damage":21,"enemies":"The Guardian","floor":16,"turns":13},{"damage":13,"enemies":"3 Byrds","floor":18,"turns":7},{"damage":75,"enemies":"Gremlin Leader","floor":23,"turns":14}],"seed_played":"3783789178060480696","potions_obtained":[{"floor":3,"key":"DistilledChaos"},{"floor":6,"key":"EssenceOfSteel"},{"floor":16,"key":"PotionOfCapacity"}],"is_trial":false,"path_per_floor":["M","?","M","M","?","E","?","?","T","M","R","$","T","E","R","B",null,"M","$","?","?","$","E"],"character_chosen":"DEFECT","items_purchased":["Defragment+1","Self Repair+1"],"campfire_rested":1,"item_purchase_floors":[12,19],"current_hp_per_floor":[89,89,89,89,86,27,16,38,38,30,56,56,56,43,43,57,86,83,83,83,66,66,0,0],"gold":55,"neow_bonus":"TWENTY_PERCENT_HP_BONUS","is_daily":false,"chose_seed":false,"campfire_upgraded":1,"win_rate":0.0,"timestamp":1613378991,"path_taken":["M","?","?","M","?","E","?","?","T","M","R","$","?","E","R","BOSS","M","$","?","?","?","E"],"items_purchased_type":["Card","Card"],"build_version":"2020-12-22","purchased_purges":2,"victory":false,"max_hp_per_floor":[89,89,89,89,89,89,89,89,89,89,89,86,86,86,86,86,86,86,86,86,91,91,91,91],"card_choices":[{"not_picked":["Stack","Barrage"],"picked":"Leap","floor":1},{"not_picked":["Compile Driver","Sweeping Beam"],"picked":"Hologram","floor":3},{"not_picked":["Barrage","Sweeping Beam","Go for the Eyes"],"picked":"SKIP","floor":4},{"not_picked":["Ball Lightning","Cold Snap","Hologram"],"picked":"Coolheaded","floor":6},{"not_picked":["Streamline","Barrage","Redo"],"picked":"Defragment+1","floor":10},{"not_picked":["Skim","Go for the Eyes","Aggregate"],"picked":"Self Repair+1","floor":14},{"not_picked":["Meteor Strike","Seek","Biased Cognition+1"],"picked":"Machine Learning+1","floor":16},{"not_picked":["Darkness","Rebound","White Noise"],"picked":"Conserve Battery+1","floor":18}],"player_experience":32696,"relics_obtained":[{"floor":6,"key":"Matryoshka"},{"floor":9,"key":"Pantograph"},{"floor":9,"key":"Frozen Egg 2"},{"floor":13,"key":"Juzu Bracelet"},{"floor":13,"key":"Orichalcum"},{"floor":14,"key":"Pen Nib"}],"event_choices":[{"cards_removed":["Strike_B"],"damage_healed":0,"gold_gain":0,"player_choice":"Purged","damage_taken":0,"max_hp_gain":0,"max_hp_loss":0,"event_name":"Purifier","floor":2,"gold_loss":0},{"damage_healed":0,"gold_gain":0,"player_choice":"Success","damage_taken":3,"relics_obtained":["Question Card"],"max_hp_gain":0,"max_hp_loss":0,"event_name":"Scrap Ooze","floor":5,"gold_loss":0},{"damage_healed":0,"gold_gain":75,"player_choice":"Gather Gold","damage_taken":11,"max_hp_gain":0,"max_hp_loss":0,"event_name":"World of Goop","floor":7,"gold_loss":0},{"damage_healed":22,"gold_gain":0,"player_choice":"Healed and dodged fight","damage_taken":0,"max_hp_gain":0,"max_hp_loss":0,"event_name":"Mushrooms","floor":8,"gold_loss":0,"cards_obtained":["Parasite"]},{"damage_healed":0,"gold_gain":0,"player_choice":"Ignored","damage_taken":0,"max_hp_gain":0,"max_hp_loss":0,"event_name":"Ghosts","floor":20,"gold_loss":0},{"damage_healed":0,"gold_gain":0,"player_choice":"Shed Blood","damage_taken":22,"max_hp_gain":5,"max_hp_loss":0,"event_name":"Forgotten Altar","floor":21,"gold_loss":0}],"is_beta":false,"boss_relics":[{"not_picked":["Coffee Dripper","Busted Crown"],"picked":"Nuclear Battery"}],"items_purged_floors":[12,19],"is_endless":false,"potions_floor_spawned":[3,6,16],"killed_by":"Gremlin Leader","ascension_level":1}}