{"host":"pm6tps78s2qrawcb","time":1613388704,"event":{"mods":["BaseMod","BetterRewards","Colored Map","DeckTracker","Downfall","Hubris","Infinite Spire","Mimic Mod","Minty Spire (QoL Compilation)","Reliquary","Shop Mod","StSLib"],"gold_per_floor":[119,119,219,237,252,252,279,13,13,48,48,66,79,79,79,180,180,192,192,192,90,90,90,125,125,125,142,156,255,266,279,279,383,383,398,398,416,429,447,447,447],"floor_reached":40,"language":"ENG","playtime":3091,"items_purged":["Strike_B"],"score":439,"play_id":"2c45b022-5918-423d-90cb-5eccf9e16a79","local_time":"20210215113144","is_ascension_mode":true,"campfire_choices":[{"data":"Ball Lightning","floor":6,"key":"SMITH"},{"data":"Tempest","floor":11,"key":"SMITH"},{"floor":15,"key":"REST"},{"data":"Thunder Strike","floor":23,"key":"SMITH"},{"floor":25,"key":"REST"},{"floor":32,"key":"REST"}],"circlet_count":0,"master_deck":["Strike_B","Strike_B","Strike_B","Defend_B","Defend_B","Defend_B","Defend_B","Zap","Dualcast","Ball Lightning+1","BootSequence","Skim","Seek","Tempest+1","Gash","Streamline","Thunder Strike+1","FTL+1","Gash","Writhe","Tempest","Stack+1","Go for the Eyes+1","Leap+1","Electrodynamics","Leap+1","Stack+1","Chill+1"],"relics":["Cracked Core","Ancient Tea Set","hubris:64BitClover","hubris:SphereOfDissonance","Runic Capacitor","infinitespire:Lucky Rock","hubris:Towel","hubris:HollowSoul","Pantograph","MerchantsRug","Matryoshka","Gremlin Horn","Toxic Egg 2","Regal Pillow","Cursed Key","reliquary:Conveyor"],"acts_visited":["Exordium","TheCity","TheBeyond"],"potions_floor_usage":[7,16,31,31,33,39,40],"damage_taken":[{"damage":0,"enemies":"Small Slimes","floor":1,"turns":2},{"damage":0,"enemies":"2 Louse","floor":4,"turns":1},{"damage":0,"enemies":"Cultist","floor":5,"turns":3},{"damage":26,"enemies":"3 Sentries","floor":7,"turns":6},{"damage":16,"enemies":"Gremlin Nob","floor":10,"turns":3},{"damage":14,"enemies":"Exordium Thugs","floor":12,"turns":3},{"damage":3,"enemies":"Lots of Slimes","floor":13,"turns":3},{"damage":7,"enemies":"Slime Boss","floor":16,"turns":8},{"damage":22,"enemies":"3 Byrds","floor":18,"turns":4},{"damage":40,"enemies":"Gremlin Leader","floor":24,"turns":6},{"damage":10,"enemies":"Shell Parasite","floor":27,"turns":4},{"damage":3,"enemies":"Snecko","floor":28,"turns":3},{"damage":0,"enemies":"Centurion and Healer","floor":30,"turns":4},{"damage":1,"enemies":"Shelled Parasite and Fungi","floor":31,"turns":3},{"damage":67,"enemies":"hubris:MusketHawk","floor":33,"turns":7},{"damage":6,"enemies":"3 Darklings","floor":35,"turns":4},{"damage":17,"enemies":"3 Shapes","floor":37,"turns":5},{"damage":0,"enemies":"3 Darklings","floor":38,"turns":4},{"damage":28,"enemies":"Jaw Worm Horde","floor":39,"turns":5},{"damage":27,"enemies":"Nightmare","floor":40,"turns":3}],"seed_played":"-1299341054324404701","potions_obtained":[{"floor":1,"key":"PotionOfCapacity"},{"floor":4,"key":"LiquidMemories"},{"floor":13,"key":"BlessingOfTheForge"},{"floor":16,"key":"SpeedPotion"},{"floor":27,"key":"champ:CounterPotion"},{"floor":28,"key":"EssenceOfSteel"},{"floor":31,"key":"Swift Potion"},{"floor":33,"key":"DistilledChaos"},{"floor":37,"key":"PotionOfCapacity"}],"is_trial":false,"path_per_floor":["M","?","?","M","M","R","E","$","T","E","R","M","M","?","R","B",null,"M","?","?","$","?","R","E","R","T","M","M","?","M","M","R","B",null,"M","?","M","M","M","NM"],"character_chosen":"DEFECT","items_purchased":["Runic Capacitor","Tempest","MerchantsRug"],"campfire_rested":3,"item_purchase_floors":[8,8,21],"current_hp_per_floor":[75,63,63,63,63,63,37,37,37,21,21,7,4,4,26,19,75,53,53,53,53,53,53,13,35,35,25,22,22,22,21,58,8,75,69,69,52,52,24,0,0],"gold":447,"neow_bonus":"RANDOM_COMMON_RELIC","is_daily":false,"chose_seed":false,"campfire_upgraded":3,"win_rate":0.0,"timestamp":1613388704,"path_taken":["M","?","?","?","M","R","E","?","T","E","R","?","M","?","R","BOSS","M","?","?","$","?","R","E","R","T","M","M","?","M","M","R","BOSS","M","?","?","M","M","NM"],"items_purchased_type":["Relic","Card","Relic"],"build_version":"2020-12-22","purchased_purges":1,"victory":false,"max_hp_per_floor":[75,75,75,75,75,75,75,75,75,75,75,75,75,75,75,75,75,75,75,75,75,75,75,75,75,75,75,75,75,75,75,75,75,75,75,75,75,75,75,75,75],"card_choices":[{"not_picked":["Rebound","Redo"],"picked":"Ball Lightning","floor":1},{"not_picked":["Rebound","Glacier"],"picked":"BootSequence","floor":4},{"not_picked":["Leap","Compile Driver"],"picked":"Skim","floor":5},{"not_picked":["Ball Lightning","Beam Cell"],"picked":"Seek","floor":7},{"not_picked":["Ball Lightning","Meteor Strike"],"picked":"Gash","floor":10},{"not_picked":["Rebound","Conserve Battery","Hello World"],"picked":"SKIP","floor":12},{"not_picked":["Chaos","Go for the Eyes"],"picked":"Streamline","floor":13},{"not_picked":["hubris:Prefetch","Meteor Strike"],"picked":"Thunder Strike","floor":16},{"not_picked":["Ball Lightning+1","Coolheaded"],"picked":"FTL+1","floor":18},{"not_picked":["Coolheaded+1","Reboot"],"picked":"Tempest","floor":24},{"not_picked":["Undo+1","Steam+1"],"picked":"Stack+1","floor":27},{"not_picked":["Reinforced Body+1","Coolheaded+1"],"picked":"Go for the Eyes+1","floor":28},{"not_picked":["Echo Form","Sweeping Beam","Coolheaded+1"],"picked":"SKIP","floor":30},{"not_picked":["Recycle+1","Steam+1"],"picked":"Leap+1","floor":31},{"not_picked":["Echo Form","Multi-Cast+1"],"picked":"Electrodynamics","floor":33},{"not_picked":["Hello World","Rebound"],"picked":"Leap+1","floor":35},{"not_picked":["hubris:PowerSurge+1","Thunder Strike"],"picked":"Stack+1","floor":37},{"not_picked":["Streamline","Hello World","Doom and Gloom+1"],"picked":"SKIP","floor":38},{"not_picked":["Force Field+1","Compile Driver+1"],"picked":"Chill+1","floor":39}],"player_experience":292569,"relics_obtained":[{"floor":7,"key":"hubris:SphereOfDissonance"},{"floor":10,"key":"infinitespire:Lucky Rock"},{"floor":24,"key":"Matryoshka"},{"floor":26,"key":"Gremlin Horn"},{"floor":26,"key":"Toxic Egg 2"},{"floor":27,"key":"Regal Pillow"},{"floor":38,"key":"reliquary:Conveyor"}],"event_choices":[{"damage_healed":0,"gold_gain":0,"player_choice":"Success","damage_taken":12,"relics_obtained":["hubris:64BitClover"],"max_hp_gain":0,"max_hp_loss":0,"event_name":"Scrap Ooze","floor":2,"gold_loss":0},{"damage_healed":0,"gold_gain":100,"player_choice":"Pray","damage_taken":0,"max_hp_gain":0,"max_hp_loss":0,"event_name":"Golden Shrine","floor":3,"gold_loss":0},{"damage_healed":0,"gold_gain":0,"player_choice":"Read","damage_taken":0,"max_hp_gain":0,"max_hp_loss":0,"event_name":"The Library","floor":19,"gold_loss":0,"cards_obtained":["Gash"]},{"damage_healed":0,"gold_gain":0,"player_choice":"Opened","damage_taken":0,"relics_obtained":["Pantograph"],"max_hp_gain":0,"max_hp_loss":0,"event_name":"The Mausoleum","floor":20,"gold_loss":0,"cards_obtained":["Writhe"]},{"damage_healed":0,"gold_gain":99,"player_choice":"Stole From Cult","damage_taken":0,"max_hp_gain":0,"max_hp_loss":0,"event_name":"Nest","floor":29,"gold_loss":0},{"damage_healed":0,"gold_gain":0,"player_choice":"Ignored","damage_taken":0,"max_hp_gain":0,"max_hp_loss":0,"event_name":"SecretPortal","floor":36,"gold_loss":0}],"is_beta":false,"boss_relics":[{"not_picked":["FrozenCore","Inserter"],"picked":"hubris:HollowSoul"},{"not_picked":["Runic Pyramid","Snecko Eye"],"picked":"Cursed Key"}],"items_purged_floors":[8],"is_endless":false,"potions_floor_spawned":[1,4,13,16,27,28,31,33,37],"killed_by":"Nightmare","ascension_level":1}}