{"host":"avq773cl9g5msfol","time":1613398418,"event":{"mods":["100% Spire Juice","AchievementEnabler","Act Like it!","Ascension Unlocker","Aspiration","Astrologer","Bard","Bartender","BaseMod","Better Altar","Better Third Choice","BetterRewards","CapriCore","ChefMod","Colored Map","Colored Powertips","Conspire","Dio Mod","Downfall","Elementarium","Energized Spire","Gensokyo","GifTheSpireLib","Hallownest","Hermit","Highlight Path","Hubris","Humility","Infinite Spire","Jorbs\u0027s Wanderer Trilogy","Koishi","Magitek Elite","Marisa????????","Marked Mod","Menagerie","Minty Spire (QoL Compilation)","Pale of the Ancients","Potionbrewer","Quarter Circle Forward PUNCH!","Rare Cards Sparkle","Reimu??????","Relic Stats","Reliquary","Remilia??????","Replay The Spire","Robot Space Explorer","SacredBarkPlus","Shade Mod","Somnambulant","Spicy Shops","Spire Arcade","StSLib","The Blue Laboratory","The Bug Knight","The Construct","The Cursed","The Disciple","The Dragon Tamer","The Exalted","The Hayseed","The Hierophant","The Hydrologist","The Immortal","The Marked","The Mystic","The Problem Sleuth","The Runesmith","The Senshi","The Vixen","The Wild Card","TheFirefly","Wandering Minibosses","Wide Potions","vexMod"],"gold_per_floor":[114,132,142,142,142,169,169,195,195,228,228,246,262,272,272,347,347,367,386,430,430,440,465,88,111,136,151,151,151,167,201,201,280,280,293,293,293,312,312,322,322,322,322,347,367,367,379,410,410,410,410],"floor_reached":52,"language":"ENG","playtime":2057,"items_purged":["Abandon+1","Perfected Strike+1"],"score":2349,"play_id":"37590d61-a2e6-4508-a6c7-5e95007e1927","local_time":"20210215211338","is_ascension_mode":true,"campfire_choices":[{"data":"Bash","floor":7,"key":"SMITH"},{"data":"infinitespire:FutureSight","floor":15,"key":"SMITH"},{"data":"Gensokyo:LochNessMonster","floor":28,"key":"SMITH"},{"floor":32,"key":"REST"},{"floor":41,"key":"REST"},{"floor":46,"key":"REST"},{"floor":49,"key":"REST"}],"circlet_count":0,"master_deck":["AscendersBane","Bash+1","Blood for Blood+1","hubris:CleavingFinish+1","Clothesline+1","Battle Trance+1","Sword Boomerang+1","Disarm+1","Armaments+1","Feel No Pain+1","Pommel Strike+1","ReplayTheSpireMod:Muscle Training+1","Cleave+1","Inflame+1","Heavy Blade+1","Spot Weakness+1","Hemokinesis+1","hubris:EnhanceAbility+1","Sentinel+1","Uppercut+1","Entrench+1","Flame Barrier+1","Finesse+1","Shrug It Off+1","Blind+1","Barricade+1","ReplayTheSpireMod:Stacked+1","infinitespire:FutureSight+1","somnambulantmod: Unmake+1","Thunderclap+1","Brutality+1","Gensokyo:LochNessMonster+1","Demon Form+1","Metallicize+1","Exhume+1"],"relics":["Burning Blood","Golden Egg","Quantum Egg","RuthlessExorcism:ReiMu","reliquary:Tamtam","Guard_Bracelet","hubris:SphereOfDissonance","Protect_Vest","hubris:GlazedTorus","hexamod:BolsterEngine","Incense Burner","White_Cape","FossilizedHelix","Mythril_Glove","reliquary:RedCape","sneckomod:BlankCard","Brimstone","reliquary:Buckler","infinitespire:Lucky Rock","Gem_Box","wanderingMiniBosses:CarrionFlame","Bronze Scales","conspire:Dentures"],"acts_visited":["Menagerie:Menagerie","Gensokyo:Gensokyoer","TheBeyond"],"potions_floor_usage":[8,51],"damage_taken":[{"damage":2,"enemies":"Menagerie:WhisperingWraith","floor":1,"turns":1},{"damage":0,"enemies":"Menagerie:MonstrousExperiment","floor":2,"turns":2},{"damage":0,"enemies":"Menagerie:2_RABBITS","floor":3,"turns":2},{"damage":1,"enemies":"Menagerie:Hydra","floor":6,"turns":2},{"damage":0,"enemies":"Menagerie:MaskedSummoner","floor":8,"turns":4},{"damage":0,"enemies":"Menagerie:Hydra","floor":10,"turns":3},{"damage":6,"enemies":"Menagerie:STYGIAN_BOAR_AND_WHISPERING_WRAITH","floor":12,"turns":3},{"damage":0,"enemies":"Menagerie:BEAST_MAGE_AND_PROWLING_AMALGAM","floor":13,"turns":3},{"damage":0,"enemies":"Menagerie:STYGIAN_BOAR_AND_RABBIT","floor":14,"turns":3},{"damage":0,"enemies":"Menagerie:AVATARS","floor":16,"turns":2},{"damage":1,"enemies":"Gensokyo:3_Dogs","floor":18,"turns":2},{"damage":1,"enemies":"Gensokyo:2_Gloops","floor":19,"turns":3},{"damage":1,"enemies":"Gensokyo:Monolith_and_Dog","floor":22,"turns":4},{"damage":3,"enemies":"Gensokyo:Tenshi","floor":23,"turns":3},{"damage":6,"enemies":"Gensokyo:Wraith","floor":27,"turns":2},{"damage":0,"enemies":"Gensokyo:Slime_Group","floor":30,"turns":2},{"damage":2,"enemies":"Gensokyo:Reisen","floor":31,"turns":3},{"damage":7,"enemies":"Gensokyo:Kaguya","floor":33,"turns":6},{"damage":0,"enemies":"3 Darklings","floor":35,"turns":2},{"damage":1,"enemies":"3 Shapes","floor":38,"turns":2},{"damage":28,"enemies":"Sphere and 2 Shapes","floor":40,"turns":6},{"damage":15,"enemies":"Nemesis","floor":44,"turns":3},{"damage":0,"enemies":"Jaw Worm Horde","floor":45,"turns":1},{"damage":0,"enemies":"4 Shapes","floor":47,"turns":1},{"damage":19,"enemies":"R_Hoarder","floor":48,"turns":4},{"damage":32,"enemies":"Donu and Deca","floor":50,"turns":5},{"damage":13,"enemies":"Replay:Hell Engine","floor":51,"turns":6}],"seed_played":"-6472772071343480443","potions_obtained":[{"floor":10,"key":"GrandPatriotsElixir:ReiMu"},{"floor":18,"key":"DuplicationPotion"}],"is_trial":false,"path_per_floor":["M","M","M","$","?","E","R","E","T","E","?","M","M","M","R","B",null,"M","M","?","?","M","E","COS","T","T","M","R","$","M","E","R","B",null,"M","?","?","M","?","M","R","?","T","E","M","R","M","E","R","B","B",null],"character_chosen":"IRONCLAD","items_purchased":["Pommel Strike+1","ReplayTheSpireMod:Muscle Training","Cleave","RuthlessExorcism:ReiMu","Inflame","Heavy Blade","reliquary:Tamtam","Spot Weakness","Hemokinesis","hubris:EnhanceAbility","Sentinel","Uppercut","Entrench","Flame Barrier","Finesse","Guard_Bracelet","Shrug It Off","hubris:SphereOfDissonance","Blind","Protect_Vest","hubris:GlazedTorus","Perfected Strike","Barricade","hexamod:BolsterEngine","ReplayTheSpireMod:Stacked","blueLaboratory:FruitPunch","DuplicationPotion","Incense Burner","White_Cape"],"campfire_rested":4,"item_purchase_floors":[0,0,0,0,0,0,0,0,0,0,0,0,0,0,0,0,0,0,0,0,0,0,0,0,0,0,0,0,0],"current_hp_per_floor":[72,75,75,75,57,62,62,70,70,76,76,76,77,77,77,77,77,77,77,77,77,77,77,77,77,77,77,77,77,77,77,77,76,77,77,73,73,73,73,51,72,73,73,64,70,73,73,60,73,47,40],"gold":410,"neow_bonus":"","is_daily":false,"chose_seed":false,"campfire_upgraded":3,"win_rate":0.0,"timestamp":1613398418,"path_taken":["M","?","?","?","?","E","R","E","T","E","?","M","?","M","R","BOSS","M","M","?","?","M","E","COS","?","T","M","R","$","?","E","R","BOSS","M","?","?","?","?","M","R","?","T","E","M","R","M","E","R","BOSS","BOSS"],"items_purchased_type":["Card","Card","Card","Relic","Card","Card","Relic","Card","Card","Card","Card","Card","Card","Card","Card","Relic","Card","Relic","Card","Relic","Relic","Card","Card","Relic","Card","Potion","Potion","Relic","Relic"],"build_version":"2020-12-22","purchased_purges":2,"victory":true,"max_hp_per_floor":[75,75,75,75,75,75,75,77,77,77,77,77,77,77,77,77,77,77,77,77,77,77,77,77,77,77,77,77,77,77,77,77,77,77,77,73,73,73,73,73,73,73,73,73,73,73,73,73,73,73,73],"relic_stats":{"counters":[135,446],"Bronze Scales":[22],"obtain_stats":[{"theSenshi:CutieMoonRodRelic":0,"Golden Egg":1,"infinitespire:BottledMercury":30,"downfall:HeartBlessingGreen":27,"TheSimpletonMod:WoodChipper":28,"wanderingMiniBosses:OtherGremlinHorn":2,"reliquary:Tamtam":0,"reliquary:RedCape":17,"Ring of Searing":2,"Ribbon":0,"MealTicket":2,"hubris:MobiusCoin":2,"DemoMod:OrangeGuonStone":44,"Gensokyo:TheCrow":41,"TentaclePot:ReiMu":40,"hubris:SphereOfDissonance":0,"HollowMod:JonisBlessing":0,"infinitespire:EvilPickle":35,"SlaversCollar":17,"theSenshi:TransformationBroochRelic":0,"qcfpunch:Broken_Tusk":14,"Pandora\u0027s Box":10,"aspiration:SilentSkillbook":34,"Unceasing Top":21,"Bromod:ArcaneFury":28,"Regal Pillow":29,"sneckomod:BlankCard":23,"King of Hearts":31,"Bag of Preparation":49,"Mythril_Glove":10,"hubris:EmptyBottle":12,"theSenshi:ChokerRelic":0,"Power_Wrist":29,"White_Cape":0,"Ancient Tea Set":6,"hubris:EvacipatedBox":1,"Burning Blood":0,"Cleaning_Rag":41,"Replay:Rubber Ducky":0,"Silver_Glasses":17,"reliquary:Buckler":26,"hubris:FunFungus":0,"wanderingMiniBosses:LockLocket":38,"hubris:GlazedTorus":0,"Potion Belt":10,"downfall:HeartBlessingRed":27,"qcfpunch:Black_Training_Shirt":8,"Protect_Vest":0,"Ring of Greed":2,"infinitespire:Lucky Rock":31,"hubris:Towel":46,"Frozen Egg 2":8,"Replay:Arrowhead":10,"reliquary:Crutches":0,"Busted Crown":36,"reliquary:Ember":34,"Garlic":45,"potionbrewer:BottledElixir":25,"hexamod:BolsterEngine":0,"Toy Ornithopter":28,"hubris:BottledRain":40,"DemoMod:GlassGuonStoneRelic":8,"sneckomod:SneckoSoul":0,"RedLine:ReiMu":34,"potionbrewer:RamsHorn":12,"Lizard Tail":0,"HornCleat":0,"DemoMod:MonsterBlood":47,"theSenshi:RoseRelic":0,"Prayer Wheel":1,"DemoMod:ClearGuonStone":0,"conspire:Dentures":0,"Dead Branch":3,"Charon\u0027s Ashes":0,"Replay:Kaleidoscope":52,"War Paint":15,"potionbrewer:ToyAutogyro":0,"Question Card":1,"OrangePellets":53,"Replay:Baseball":25,"Brimstone":24,"Bronze Scales":44,"Onion Ring":24,"infinitespire:EmpoweringShard":23,"reliquary:WritOfMandamus":17,"aspiration:HatOfInfinitePower":23,"theSenshi:CosmicHeartCompactRelic":0,"Darkstone Periapt":6,"Hallownest:StagBellRelic1":20,"reliquary:PrincelyHelmet":43,"Juzu Bracelet":0,"Incense Burner":0,"ClockworkSouvenir":0,"Frozen Eye":8,"Mummified Hand":21,"downfall:HeartBlessingBlue":27,"Slimebound:StickyStick":0,"Genji_Glove":0,"TheVixenMod:UmbreonRelic":42,"DemoMod:JetPack":43,"Replay:Towering Pillar of Hats":43,"aspiration:FetidBarrel":23,"Quantum Egg":1,"aspiration:RunicSpoon":21,"vexMod:FocusSash":21,"Orichalcum":48,"Medical Kit":40,"vexMod:Dragonfruit":23,"Anchor":12,"wanderingMiniBosses:CarrionFlame":18,"ChewingGum":17,"Another Sword":0,"reliquary:Stiletto":46,"Bag of Marbles":38,"Membership Card":0,"Gem_Box":34,"potionbrewer:Keyblade":0,"Guard_Bracelet":0,"hubris:Potato":8,"FossilizedHelix":9,"RuthlessExorcism:ReiMu":0},{"theSenshi:CutieMoonRodRelic":52,"Golden Egg":0,"infinitespire:BottledMercury":71,"downfall:HeartBlessingGreen":15,"TheSimpletonMod:WoodChipper":69,"wanderingMiniBosses:OtherGremlinHorn":1,"reliquary:Tamtam":81,"reliquary:RedCape":118,"Ring of Searing":31,"Ribbon":30,"MealTicket":31,"hubris:MobiusCoin":31,"DemoMod:OrangeGuonStone":48,"Gensokyo:TheCrow":76,"TentaclePot:ReiMu":101,"hubris:SphereOfDissonance":52,"HollowMod:JonisBlessing":52,"infinitespire:EvilPickle":98,"SlaversCollar":38,"theSenshi:TransformationBroochRelic":30,"qcfpunch:Broken_Tusk":89,"Pandora\u0027s Box":5,"aspiration:SilentSkillbook":20,"Unceasing Top":92,"Bromod:ArcaneFury":43,"Regal Pillow":17,"sneckomod:BlankCard":122,"King of Hearts":95,"Bag of Preparation":105,"Mythril_Glove":114,"hubris:EmptyBottle":7,"theSenshi:ChokerRelic":52,"Power_Wrist":17,"White_Cape":52,"Ancient Tea Set":84,"hubris:EvacipatedBox":0,"Burning Blood":81,"Cleaning_Rag":23,"Replay:Rubber Ducky":52,"Silver_Glasses":90,"reliquary:Buckler":122,"hubris:FunFungus":81,"wanderingMiniBosses:LockLocket":100,"hubris:GlazedTorus":108,"Potion Belt":5,"downfall:HeartBlessingRed":15,"qcfpunch:Black_Training_Shirt":4,"Protect_Vest":108,"Ring of Greed":31,"infinitespire:Lucky Rock":125,"hubris:Towel":25,"Frozen Egg 2":85,"Replay:Arrowhead":5,"reliquary:Crutches":81,"Busted Crown":98,"reliquary:Ember":73,"Garlic":102,"potionbrewer:BottledElixir":15,"hexamod:BolsterEngine":108,"Toy Ornithopter":16,"hubris:BottledRain":76,"DemoMod:GlassGuonStoneRelic":4,"sneckomod:SneckoSoul":0,"RedLine:ReiMu":44,"potionbrewer:RamsHorn":88,"Lizard Tail":81,"HornCleat":30,"DemoMod:MonsterBlood":25,"theSenshi:RoseRelic":30,"Prayer Wheel":0,"DemoMod:ClearGuonStone":30,"conspire:Dentures":30,"Dead Branch":2,"Charon\u0027s Ashes":81,"Replay:Kaleidoscope":29,"War Paint":9,"potionbrewer:ToyAutogyro":30,"Question Card":0,"OrangePellets":29,"Replay:Baseball":67,"Brimstone":122,"Bronze Scales":130,"Onion Ring":14,"infinitespire:EmpoweringShard":14,"reliquary:WritOfMandamus":62,"aspiration:HatOfInfinitePower":66,"theSenshi:CosmicHeartCompactRelic":30,"Darkstone Periapt":34,"Hallownest:StagBellRelic1":39,"reliquary:PrincelyHelmet":102,"Juzu Bracelet":30,"Incense Burner":108,"ClockworkSouvenir":30,"Frozen Eye":4,"Mummified Hand":12,"downfall:HeartBlessingBlue":15,"Slimebound:StickyStick":52,"Genji_Glove":30,"TheVixenMod:UmbreonRelic":23,"DemoMod:JetPack":47,"Replay:Towering Pillar of Hats":24,"aspiration:FetidBarrel":42,"Quantum Egg":0,"aspiration:RunicSpoon":92,"vexMod:FocusSash":12,"Orichalcum":26,"Medical Kit":101,"vexMod:Dragonfruit":93,"Anchor":36,"wanderingMiniBosses:CarrionFlame":39,"ChewingGum":10,"Another Sword":81,"reliquary:Stiletto":103,"Bag of Marbles":22,"Membership Card":30,"Gem_Box":126,"potionbrewer:Keyblade":81,"Guard_Bracelet":108,"hubris:Potato":35,"FossilizedHelix":113,"RuthlessExorcism:ReiMu":52},{"theSenshi:CutieMoonRodRelic":211,"Golden Egg":0,"infinitespire:BottledMercury":268,"downfall:HeartBlessingGreen":39,"TheSimpletonMod:WoodChipper":264,"wanderingMiniBosses:OtherGremlinHorn":2,"reliquary:Tamtam":302,"reliquary:RedCape":391,"Ring of Searing":114,"Ribbon":112,"MealTicket":114,"hubris:MobiusCoin":114,"DemoMod:OrangeGuonStone":195,"Gensokyo:TheCrow":286,"TentaclePot:ReiMu":348,"hubris:SphereOfDissonance":211,"HollowMod:JonisBlessing":211,"infinitespire:EvilPickle":340,"SlaversCollar":143,"theSenshi:TransformationBroochRelic":112,"qcfpunch:Broken_Tusk":318,"Pandora\u0027s Box":12,"aspiration:SilentSkillbook":72,"Unceasing Top":326,"Bromod:ArcaneFury":171,"Regal Pillow":43,"sneckomod:BlankCard":403,"King of Hearts":332,"Bag of Preparation":355,"Mythril_Glove":380,"hubris:EmptyBottle":19,"theSenshi:ChokerRelic":211,"Power_Wrist":43,"White_Cape":211,"Ancient Tea Set":309,"hubris:EvacipatedBox":0,"Burning Blood":302,"Cleaning_Rag":76,"Replay:Rubber Ducky":211,"Silver_Glasses":322,"reliquary:Buckler":403,"hubris:FunFungus":302,"wanderingMiniBosses:LockLocket":346,"hubris:GlazedTorus":366,"Potion Belt":12,"downfall:HeartBlessingRed":39,"qcfpunch:Black_Training_Shirt":8,"Protect_Vest":366,"Ring of Greed":114,"infinitespire:Lucky Rock":410,"hubris:Towel":81,"Frozen Egg 2":310,"Replay:Arrowhead":12,"reliquary:Crutches":302,"Busted Crown":340,"reliquary:Ember":278,"Garlic":349,"potionbrewer:BottledElixir":39,"hexamod:BolsterEngine":366,"Toy Ornithopter":42,"hubris:BottledRain":286,"DemoMod:GlassGuonStoneRelic":8,"sneckomod:SneckoSoul":0,"RedLine:ReiMu":174,"potionbrewer:RamsHorn":315,"Lizard Tail":302,"HornCleat":112,"DemoMod:MonsterBlood":81,"theSenshi:RoseRelic":112,"Prayer Wheel":0,"DemoMod:ClearGuonStone":112,"conspire:Dentures":112,"Dead Branch":3,"Charon\u0027s Ashes":302,"Replay:Kaleidoscope":99,"War Paint":24,"potionbrewer:ToyAutogyro":112,"Question Card":0,"OrangePellets":99,"Replay:Baseball":255,"Brimstone":403,"Bronze Scales":429,"Onion Ring":37,"infinitespire:EmpoweringShard":37,"reliquary:WritOfMandamus":243,"aspiration:HatOfInfinitePower":252,"theSenshi:CosmicHeartCompactRelic":112,"Darkstone Periapt":122,"Hallownest:StagBellRelic1":148,"reliquary:PrincelyHelmet":349,"Juzu Bracelet":112,"Incense Burner":366,"ClockworkSouvenir":112,"Frozen Eye":7,"Mummified Hand":32,"downfall:HeartBlessingBlue":39,"Slimebound:StickyStick":211,"Genji_Glove":112,"TheVixenMod:UmbreonRelic":76,"DemoMod:JetPack":191,"Replay:Towering Pillar of Hats":78,"aspiration:FetidBarrel":161,"Quantum Egg":0,"aspiration:RunicSpoon":326,"vexMod:FocusSash":32,"Orichalcum":87,"Medical Kit":348,"vexMod:Dragonfruit":328,"Anchor":135,"wanderingMiniBosses:CarrionFlame":148,"ChewingGum":26,"Another Sword":302,"reliquary:Stiletto":350,"Bag of Marbles":74,"Membership Card":112,"Gem_Box":416,"potionbrewer:Keyblade":302,"Guard_Bracelet":366,"hubris:Potato":126,"FossilizedHelix":377,"RuthlessExorcism:ReiMu":211}],"Burning Blood":203},"card_choices":[{"not_picked":["True Grit","Anger","Rage"],"picked":"SKIP","floor":1},{"not_picked":["Life Link","Warcry","Heavy Blade"],"picked":"SKIP","floor":2},{"not_picked":["Searing Blow","Body Slam","Battle Trance"],"picked":"SKIP","floor":3},{"not_picked":["infinitespire:Collect","ReplayTheSpireMod:Chaos Vortex"],"picked":"infinitespire:FutureSight","floor":5},{"not_picked":["Warcry","True Grit","Corruption"],"picked":"SKIP","floor":6},{"not_picked":["Carnage","Pommel Strike","Cleave"],"picked":"SKIP","floor":8},{"not_picked":["Body Slam","Warcry","Sword Boomerang"],"picked":"SKIP","floor":10},{"not_picked":["TheCursedMod:CursedMace","TheSimpletonMod:Turnips"],"picked":"somnambulantmod: Unmake","floor":11},{"not_picked":["Body Slam","Clothesline"],"picked":"Thunderclap","floor":12},{"not_picked":["Shrug It Off","Pommel Strike","ReplayTheSpireMod:LeadingStrike"],"picked":"SKIP","floor":13},{"not_picked":["Barricade","Wild Strike","Clash"],"picked":"SKIP","floor":14},{"not_picked":["hubris:StunningStrike","Offering"],"picked":"Brutality","floor":16},{"not_picked":["Armaments","Evolve","ReplayTheSpireMod:Muscle Training"],"picked":"SKIP","floor":18},{"not_picked":["hubris:SharpeningStone","Pommel Strike+1","Heavy Blade"],"picked":"SKIP","floor":19},{"not_picked":["ReplayTheSpireMod:Strike From Hell+1","True Grit","Pommel Strike"],"picked":"SKIP","floor":22},{"not_picked":["Sword Boomerang","Anger","Seeing Red"],"picked":"SKIP","floor":23},{"not_picked":["Havoc","Sever Soul","Thunderclap"],"picked":"SKIP","floor":27},{"not_picked":["Twin Strike","Clothesline","conspire:Charge"],"picked":"SKIP","floor":30},{"not_picked":["Perfected Strike+1","Sentinel","Wild Strike"],"picked":"SKIP","floor":31},{"not_picked":["Impervious","Double Tap"],"picked":"Demon Form","floor":33},{"not_picked":["Armaments","Anger"],"picked":"Metallicize","floor":35},{"not_picked":["Heavy Blade","Flex+1","Twin Strike"],"picked":"SKIP","floor":38},{"not_picked":["Life Link","Rampage","Disarm"],"picked":"SKIP","floor":40},{"not_picked":["Defy Death+1","Entrench","Dark Embrace"],"picked":"SKIP","floor":44},{"not_picked":["ReplayTheSpireMod:Strike From Hell","Reckless Charge"],"picked":"Exhume","floor":45},{"not_picked":["True Grit","Perfected Strike","Wild Strike+1"],"picked":"SKIP","floor":47},{"not_picked":["Body Slam+1","Feel No Pain","Anger"],"picked":"SKIP","floor":48}],"player_experience":1442035,"relics_obtained":[{"floor":9,"key":"FossilizedHelix"},{"floor":10,"key":"Mythril_Glove"},{"floor":23,"key":"sneckomod:BlankCard"},{"floor":26,"key":"reliquary:Buckler"},{"floor":31,"key":"infinitespire:Lucky Rock"},{"floor":40,"key":"wanderingMiniBosses:CarrionFlame"},{"floor":44,"key":"Bronze Scales"},{"floor":48,"key":"conspire:Dentures"}],"event_choices":[{"damage_healed":0,"gold_gain":0,"player_choice":"Lion","damage_taken":0,"max_hp_gain":0,"max_hp_loss":0,"event_name":"Menagerie:ThreeAnimals","floor":11,"gold_loss":0},{"damage_healed":0,"gold_gain":44,"player_choice":"Grab what you can","damage_taken":0,"max_hp_gain":0,"max_hp_loss":0,"event_name":"Creature of the Night","floor":20,"gold_loss":0},{"damage_healed":0,"gold_gain":0,"player_choice":"Max HP","damage_taken":0,"max_hp_gain":0,"max_hp_loss":4,"event_name":"Winding Halls","floor":36,"gold_loss":0},{"damage_healed":0,"gold_gain":0,"player_choice":"Upgraded","damage_taken":0,"max_hp_gain":0,"max_hp_loss":0,"event_name":"Upgrade Shrine","floor":37,"gold_loss":0,"cards_upgraded":["Metallicize"]},{"damage_healed":0,"gold_gain":0,"player_choice":"Ignored","damage_taken":0,"max_hp_gain":0,"max_hp_loss":0,"event_name":"Tomb of Lord Red Mask","floor":39,"gold_loss":0}],"is_beta":false,"boss_relics":[{"not_picked":["energizedSpire:StickyHand","infinitespire:Burning Sword"],"picked":"reliquary:RedCape"},{"not_picked":["conspire:SeveredTorchhead","conspire:SpecialSausage"],"picked":"Gem_Box"}],"items_purged_floors":[0,0],"is_endless":false,"potions_floor_spawned":[3,6,10,14,18,19,23,40,45,47,48],"ascension_level":20,"is_humility":true}}