{"host":"swn8ychr123rw3gf","time":1613388807,"event":{"mods":["BaseMod","Minty Spire (QoL Compilation)","StSLib"],"gold_per_floor":[117,117,42,54,70,70,96,96,96,109,109,143,143,153,153,227,227,227,227,127,127,127],"floor_reached":21,"language":"ZHS","playtime":707,"items_purged":["Strike_R","Strike_R"],"score":321,"play_id":"7d720118-1bd1-410c-8e34-78eed6c8a190","local_time":"20210215193327","is_ascension_mode":true,"campfire_choices":[{"data":"Heavy Blade","floor":6.0,"key":"SMITH"},{"data":"Second Wind","floor":8.0,"key":"SMITH"},{"data":"Metallicize","floor":11.0,"key":"SMITH"},{"floor":15.0,"key":"REST"}],"circlet_count":0,"master_deck":["AscendersBane","Strike_R","Strike_R+1","Strike_R+1","Defend_R","Defend_R","Defend_R","Defend_R","Bash","Burning Pact","Ghostly Armor","Heavy Blade+1","Second Wind+1","Metallicize+1","Offering","Barricade","Combust"],"relics":["Burning Blood","Whetstone","Mercury Hourglass","Tiny Chest","InkBottle","Omamori","Ectoplasm"],"acts_visited":["Exordium","TheCity"],"potions_floor_usage":[16,16],"damage_taken":[{"damage":10.0,"enemies":"Small Slimes","floor":1.0,"turns":3.0},{"damage":14.0,"enemies":"Jaw Worm","floor":4.0,"turns":3.0},{"damage":0.0,"enemies":"2 Louse","floor":5.0,"turns":2.0},{"damage":36.0,"enemies":"Lagavulin","floor":7.0,"turns":7.0},{"damage":2.0,"enemies":"Looter","floor":10.0,"turns":3.0},{"damage":26.0,"enemies":"Gremlin Nob","floor":12.0,"turns":5.0},{"damage":8.0,"enemies":"Blue Slaver","floor":14.0,"turns":4.0},{"damage":25,"enemies":"The Guardian","floor":16,"turns":13},{"damage":31,"enemies":"Shell Parasite","floor":18,"turns":9},{"damage":19,"enemies":"Chosen","floor":19,"turns":5},{"damage":17,"enemies":"Snake Plant","floor":21,"turns":2}],"seed_played":"2879226680259106158","potions_obtained":[{"floor":1.0,"key":"Fruit Juice"},{"floor":7.0,"key":"Weak Potion"},{"floor":10.0,"key":"BlessingOfTheForge"},{"floor":12.0,"key":"PowerPotion"},{"floor":14.0,"key":"SkillPotion"},{"floor":19,"key":"Energy Potion"}],"is_trial":false,"path_per_floor":["M","?","$","M","M","R","E","R","T","M","R","E","?","M","R","B",null,"M","M","$","M"],"character_chosen":"IRONCLAD","items_purchased":[],"campfire_rested":1,"item_purchase_floors":[],"current_hp_per_floor":[64,61,61,58,64,64,34,34,34,38,38,18,18,16,40,21,65,40,27,27,10,10],"gold":127,"neow_bonus":"RANDOM_COMMON_RELIC","is_daily":false,"chose_seed":false,"campfire_upgraded":3,"win_rate":0.0,"timestamp":1613388807,"path_taken":["M","?","?","M","M","R","E","R","T","M","R","E","?","M","R","BOSS","M","M","$","M"],"items_purchased_type":[],"build_version":"2020-12-22","purchased_purges":2,"victory":false,"max_hp_per_floor":[75,75,75,80,80,80,80,80,80,80,80,80,80,80,80,80,80,80,80,80,80,80],"card_choices":[{"not_picked":["Anger","Warcry"],"picked":"Burning Pact","floor":1.0},{"not_picked":["Wild Strike","Cleave"],"picked":"Ghostly Armor","floor":4.0},{"not_picked":["Entrench","Clash"],"picked":"Heavy Blade","floor":5.0},{"not_picked":["Pommel Strike","Dropkick"],"picked":"Second Wind","floor":7.0},{"not_picked":["Armaments","Iron Wave"],"picked":"Metallicize","floor":10.0},{"not_picked":["Shrug It Off","Flex"],"picked":"Offering","floor":12.0},{"not_picked":["Perfected Strike","Anger","Hemokinesis"],"picked":"SKIP","floor":14.0},{"not_picked":["Corruption","Bludgeon"],"picked":"Barricade","floor":16},{"not_picked":["Pommel Strike","Clash"],"picked":"Combust","floor":18},{"not_picked":["Clash","Anger","Perfected Strike"],"picked":"SKIP","floor":19}],"player_experience":470300,"relics_obtained":[{"floor":7.0,"key":"Tiny Chest"},{"floor":9.0,"key":"InkBottle"},{"floor":12.0,"key":"Omamori"}],"event_choices":[{"damage_healed":0.0,"max_hp_gain":0.0,"max_hp_loss":0.0,"gold_gain":0.0,"event_name":"Scrap Ooze","player_choice":"Success","floor":2.0,"gold_loss":0.0,"damage_taken":3.0,"relics_obtained":["Mercury Hourglass"]},{"damage_healed":0.0,"max_hp_gain":0.0,"max_hp_loss":0.0,"gold_gain":0.0,"event_name":"Dead Adventurer","player_choice":"Searched \u00270\u0027 times","floor":13.0,"gold_loss":0.0,"damage_taken":0.0}],"is_beta":false,"boss_relics":[{"not_picked":["Tiny House","SacredBark"],"picked":"Ectoplasm"}],"items_purged_floors":[3,20],"is_endless":false,"potions_floor_spawned":[1,7,10,12,14,19],"killed_by":"Snake Plant","ascension_level":14}}