{"host":"v0xbo920qxoewo3e","time":1613400412,"event":{"mods":["Act Like it!","Aspiration","Astrologer","BaseMod","Conspire","Downfall","Friendly Minions","GifTheSpireLib","Halation","Hermit","Hubris","Infinite Spire","Jedi Mod","Jorbs\u0027s Wanderer Trilogy","Koishi","Marisa????????","Minty Spire (QoL Compilation)","Potionbrewer","Rare Cards Sparkle","Reimu??????","Remilia??????","Replay The Spire","StSLib","Stuff the Spire","The Animator","The Blackbeard","The Bladedancer","The Bug Knight","The Construct","The Cursed","The Disciple","The Gatherer","The Jungle","The Problem Sleuth","The Runesmith","The Servant 0.9.4","TheBandit","Unceasing Turn Reminder"],"gold_per_floor":[199,214,232,95,95,124,124,124,152,152,192,92,116,153,173,272,272,272,299,323,323,346,346,420,462,318,318,318,339,339,382,398,506,506,506,526,526,668,689,732,732,732,838,858,858,884,909,603,632,646],"floor_reached":51,"language":"ENG","playtime":5033,"items_purged":["Slimebound:Strike_Slimebound","Slimebound:Strike_Slimebound","Slimebound:Tackle","Slimebound:CorrosiveSpit","Slimebound:SplitLeeching"],"score":770,"play_id":"b4024be0-6b26-462b-aa30-8982ab4da345","local_time":"20210215164652","is_ascension_mode":true,"campfire_choices":[{"data":"Slimebound:Split","floor":1,"key":"SMITH"},{"data":"Slimebound:LeechEnergy","floor":8,"key":"SMITH"},{"floor":10,"key":"REST"},{"data":"Slimebound:PressTheAttack","floor":12,"key":"SMITH"},{"data":"Slimebound:PressTheAttack","floor":18,"key":"SMITH"},{"data":"Slimebound:Defend_Slimebound","floor":23,"key":"SMITH"},{"data":"Slimebound:Defend_Slimebound","floor":27,"key":"SMITH"},{"data":"Slimebound:LevelUp","floor":30,"key":"SMITH"},{"data":"Slimebound:TagTeam","floor":35,"key":"SMITH"},{"floor":42,"key":"REST"},{"data":"Slimebound:SplitSpecialist","floor":45,"key":"SMITH"}],"circlet_count":0,"master_deck":["Slimebound:Defend_Slimebound","Slimebound:Defend_Slimebound+1","Slimebound:Defend_Slimebound","Slimebound:Defend_Slimebound+1","Slimebound:Split+1","Slimebound:LevelUp+1","Slimebound:LeechEnergy+1","Slimebound:ComboTackle","Slimebound:Schlurp","Slimebound:ViciousTackle","Slimebound:PressTheAttack+1","Slimebound:MinionMaster+1","Slimebound:PressTheAttack+1","Slimebound:OozeBath+1","Slimebound:Schlurp","Slimebound:MegaLick+1","Slimebound:SplitAcid+1","Slimebound:PressTheAttack+1","Slimebound:GoopSpray+1","Slimebound:SlimeSpikes+1","Slimebound:SlimeBarrage+1","Slimebound:LeechLife","Slimebound:TagTeam+1","Slimebound:TagTeam+1","Slimebound:MegaLick+1","Slimebound:SlimeTap","Slimebound:SplitSpecialist+1","Slimebound:SlimeBarrage+1","Slimebound:TagTeam+1","Slimebound:SamplingLick+1"],"relics":["Slimebound:AbsorbEndCombat","Replay:Bandana","TungstenRod","Orichalcum","downfall:HeartBlessingGreen","Odd Mushroom","aspiration:FutureDiary","StuffTheSpire:Rhapsscallions","halation:TwoAmDonut","Guide Book","construct:FoamFinger","Runic Dome","halation:AfternoonTea","Omamori","downfall:GremlinWheel","DollysMirror"],"acts_visited":["Exordium","TheCity","TheBeyond"],"potions_floor_usage":[6,15,25],"damage_taken":[{"damage":7,"enemies":"Jaw Worm","floor":2,"turns":5},{"damage":1,"enemies":"2 Louse","floor":3,"turns":4},{"damage":5,"enemies":"downfall:FleeingMerchant","floor":4,"turns":4},{"damage":38,"enemies":"Gremlin Nob","floor":6,"turns":4},{"damage":0,"enemies":"Small Slimes","floor":9,"turns":3},{"damage":19,"enemies":"3 Sentries","floor":11,"turns":6},{"damage":7,"enemies":"3 Louse","floor":13,"turns":4},{"damage":13,"enemies":"The Mushroom Lair","floor":14,"turns":5},{"damage":1,"enemies":"Lots of Slimes","floor":15,"turns":3},{"damage":4,"enemies":"SI_SHIV_ARCHETYPE","floor":16,"turns":7},{"damage":6,"enemies":"Chosen","floor":19,"turns":4},{"damage":3,"enemies":"Spheric Guardian","floor":20,"turns":4},{"damage":5,"enemies":"3 Cultists","floor":22,"turns":5},{"damage":28,"enemies":"Gremlin Leader","floor":25,"turns":6},{"damage":0,"enemies":"downfall:FleeingMerchant","floor":26,"turns":4},{"damage":10,"enemies":"Centurion and Healer","floor":29,"turns":5},{"damage":7,"enemies":"Book of Stabbing","floor":31,"turns":5},{"damage":0,"enemies":"Shelled Parasite and Fungi","floor":32,"turns":4},{"damage":4,"enemies":"DF_ARCHETYPE_CLAW","floor":33,"turns":7},{"damage":1,"enemies":"3 Darklings","floor":36,"turns":4},{"damage":0,"enemies":"downfall:FleeingMerchant","floor":38,"turns":4},{"damage":0,"enemies":"Orb Walker","floor":39,"turns":3},{"damage":47,"enemies":"Nightmare","floor":40,"turns":9},{"damage":0,"enemies":"Nightmare","floor":43,"turns":2},{"damage":0,"enemies":"Maw","floor":44,"turns":5},{"damage":8,"enemies":"Transient","floor":46,"turns":5},{"damage":0,"enemies":"4 Shapes","floor":47,"turns":3},{"damage":23,"enemies":"Maw","floor":49,"turns":4},{"damage":12,"enemies":"WA_ARCHETYPE_DIVINITY","floor":50,"turns":7}],"seed_played":"1248820555308658012","potions_obtained":[{"floor":2,"key":"potionbrewer:NoxiousPotion"},{"floor":3,"key":"jedi:mysterypotion"},{"floor":6,"key":"Strength Potion"},{"floor":14,"key":"LifebloodPotion"},{"floor":20,"key":"jedi:wingpotion"},{"floor":22,"key":"Fire Potion"},{"floor":31,"key":"Cursed Concoction"},{"floor":36,"key":"FearPotion"}],"is_trial":false,"path_per_floor":["R","M","M","$","?","E","T","R","M","R","E","R","M","?","M","B",null,"R","M","M","?","M","R","T","E","$","R","AVR","M","R","E","M","B",null,"R","M","?","$","M","NM","T","R","?","M","R","M","M","$","M","B",null],"character_chosen":"SLIMEBOUND","items_purchased":["Slimebound:Schlurp","Slimebound:GoopSpray+1","Slimebound:SlimeTap","DollysMirror"],"campfire_rested":2,"item_purchase_floors":[4,26,38,48],"current_hp_per_floor":[65,65,65,64,64,31,31,31,37,56,45,45,46,41,44,48,65,65,63,65,50,53,53,55,35,43,43,43,41,41,40,46,50,67,67,66,66,67,67,22,22,42,47,67,67,67,67,67,55,55],"gold":646,"neow_bonus":"HUNDRED_GOLD","is_daily":false,"chose_seed":false,"campfire_upgraded":9,"win_rate":0.0,"timestamp":1613400412,"path_taken":["R","M","M","$","?","E","T","R","M","R","E","R","M","?","M","BOSS","R","M","M","?","M","R","T","E","$","R","AVR","M","R","E","M","BOSS","R","M","?","$","?","NM","T","R","?","M","R","M","?","$","M","BOSS"],"items_purchased_type":["Card","Card","Card","Relic"],"build_version":"2020-12-22","purchased_purges":5,"victory":true,"max_hp_per_floor":[65,65,65,65,65,65,65,65,65,65,65,65,65,65,65,65,65,65,65,65,65,65,65,67,67,67,67,67,67,67,67,67,67,67,67,67,67,67,67,67,67,67,67,67,67,67,67,67,67,67],"card_choices":[{"not_picked":["Slimebound:LeechEnergy","Slimebound:Prepare"],"picked":"Slimebound:LevelUp","floor":2},{"not_picked":["Slimebound:LivingWall","Slimebound:FormOfPuddle"],"picked":"Slimebound:LeechEnergy","floor":3},{"not_picked":["Slimebound:FinishingTackle","Slimebound:FormOfPuddle"],"picked":"Slimebound:ComboTackle","floor":4},{"not_picked":["Slimebound:ProtectTheBoss","Slimebound:LeechEnergy"],"picked":"Slimebound:ViciousTackle","floor":6},{"not_picked":["Slimebound:ComboTackle","Slimebound:SlimeSpikes"],"picked":"Slimebound:PressTheAttack","floor":9},{"not_picked":["Slimebound:BestDefense","Slimebound:SplitMire"],"picked":"Slimebound:MinionMaster","floor":11},{"not_picked":["Slimebound:LeechEnergy","Slimebound:HauntingLick"],"picked":"Slimebound:PressTheAttack","floor":13},{"not_picked":["Slimebound:LeechLife","Slimebound:LeechEnergy"],"picked":"Slimebound:SplitLeeching","floor":15},{"not_picked":["Slimebound:DouseInSlime","Slimebound:MassFeed"],"picked":"Slimebound:OozeBath","floor":16},{"not_picked":["Slimebound:SplitBruiser","Slimebound:GoopTackle+1"],"picked":"Slimebound:Schlurp","floor":19},{"not_picked":["Slimebound:SamplingLick","Slimebound:LeechEnergy+1"],"picked":"Slimebound:MegaLick+1","floor":20},{"not_picked":["Slimebound:HauntingLick","Slimebound:BestDefense"],"picked":"Slimebound:SplitAcid+1","floor":22},{"not_picked":["Slimebound:Schlurp","Slimebound:SlimeSpikes","Slimebound:SplitMire+1"],"picked":"SKIP","floor":25},{"not_picked":["Slimebound:SplitBruiser+1","Slimebound:DisruptingSlam+1"],"picked":"Slimebound:PressTheAttack+1","floor":26},{"not_picked":["Slimebound:Dissolve","Slimebound:Recollect"],"picked":"Slimebound:SlimeSpikes+1","floor":29},{"not_picked":["Slimebound:LeechEnergy","Slimebound:SplitMire"],"picked":"Slimebound:SlimeBarrage+1","floor":31},{"not_picked":["Slimebound:FinishingTackle+1","Slimebound:BestDefense"],"picked":"Slimebound:LeechLife","floor":32},{"not_picked":["Slimebound:PrepareCrush","Slimebound:FirmFortitude"],"picked":"Slimebound:TagTeam","floor":33},{"not_picked":["Slimebound:Nibble","Slimebound:PressTheAttack","Slimebound:AcidTongue"],"picked":"SKIP","floor":36},{"not_picked":["Slimebound:FinishingTackle+1","Slimebound:SpikyOuterGoop"],"picked":"Slimebound:MegaLick+1","floor":38},{"not_picked":["Slimebound:FormOfPuddle+1","Slimebound:ServeAndProtect+1"],"picked":"Slimebound:SplitSpecialist","floor":39},{"not_picked":["Slimebound:ItLooksTasty","Slimebound:FinishingTackle+1","Slimebound:Prepare"],"picked":"SKIP","floor":40},{"not_picked":["Slimebound:LeechingTouch","Slimebound:SplitMire+1"],"picked":"Slimebound:SlimeBarrage+1","floor":44},{"not_picked":["Slimebound:PressTheAttack+1","Slimebound:SplitLeeching","Slimebound:LeechEnergy"],"picked":"SKIP","floor":46},{"not_picked":["Slimebound:SplitLeeching+1","Slimebound:Gluttony","Slimebound:ItLooksTasty"],"picked":"SKIP","floor":47},{"not_picked":["Slimebound:Schlurp","Slimebound:ViciousTackle"],"picked":"Slimebound:SamplingLick+1","floor":49}],"player_experience":1501989,"relics_obtained":[{"floor":6,"key":"Replay:Bandana"},{"floor":7,"key":"TungstenRod"},{"floor":11,"key":"Orichalcum"},{"floor":14,"key":"Odd Mushroom"},{"floor":24,"key":"StuffTheSpire:Rhapsscallions"},{"floor":25,"key":"halation:TwoAmDonut"},{"floor":31,"key":"construct:FoamFinger"},{"floor":40,"key":"halation:AfternoonTea"},{"floor":41,"key":"Omamori"},{"floor":43,"key":"downfall:GremlinWheel"}],"event_choices":[{"damage_healed":0,"gold_gain":0,"player_choice":"Disagree","damage_taken":0,"max_hp_gain":0,"max_hp_loss":0,"event_name":"conspire:LoneGhost","floor":5,"gold_loss":0},{"damage_healed":0,"gold_gain":0,"player_choice":"Fought Mushrooms","damage_taken":0,"max_hp_gain":0,"max_hp_loss":0,"event_name":"Mushrooms","floor":14,"gold_loss":0}],"is_beta":false,"boss_relics":[{"not_picked":["Tiny House","Black Star"],"picked":"aspiration:FutureDiary"},{"not_picked":["halation:PinkAlligatorPlush","Busted Crown"],"picked":"Runic Dome"}],"items_purged_floors":[4,26,28,38,48],"is_endless":false,"potions_floor_spawned":[2,3,6,14,20,22,31,36,39,44],"ascension_level":2}}