{"host":"s0ikvqhe10eopvjn","time":1613416125,"event":{"mods":["Act Like it!","Bard","BaseMod","Better Third Choice","Block Reminder","Colored Map","Colored Powertips","Dark Map","DeckTracker","Downfall","GifTheSpireLib","Halation","Hallownest","Hermit","Highlight Path","Hubris","Infinite Spire","Mad Scientist","Minty Spire (QoL Compilation)","Permanent Neow","Random Character Button","Relic Stats","Reliquary","StSLib","The Blue Laboratory","The Bug Knight","The Construct","The Cursed","The Disciple","The Marked","The Necromancer","The Poker Player","The Runesmith","The Servant 0.9.4"],"gold_per_floor":[117,135,153,253,266,295,295,327,353,353,353,353],"floor_reached":11,"language":"ENG","playtime":292,"items_purged":[],"score":87,"play_id":"22f2656e-4354-4f18-ab55-10a5766b70e0","local_time":"20210215190845","is_ascension_mode":true,"campfire_choices":[],"circlet_count":0,"master_deck":["Strike_B","Strike_B","Strike_B","Strike_B","Defend_B","Defend_B","Defend_B","Defend_B","Zap","Dualcast","Cold Snap","Gash","Redo","Leap","Sweeping Beam","Amplify"],"relics":["Cracked Core","NeowsBlessing","halation:Gekota","MealTicket","halation:WeightlessCrab"],"acts_visited":["Exordium"],"potions_floor_usage":[],"damage_taken":[{"damage":0,"enemies":"Cultist","floor":1,"turns":1},{"damage":0,"enemies":"Jaw Worm","floor":2,"turns":1},{"damage":0,"enemies":"2 Louse","floor":3,"turns":1},{"damage":10,"enemies":"Looter","floor":5,"turns":2},{"damage":16,"enemies":"Gremlin Nob","floor":6,"turns":4},{"damage":40,"enemies":"Lagavulin","floor":8,"turns":8},{"damage":6,"enemies":"Gremlin Nob","floor":11,"turns":2}],"seed_played":"-6115884776143584942","potions_obtained":[{"floor":5,"key":"blueLaboratory:PyrophylliteBrew"}],"is_trial":false,"path_per_floor":["M","M","M","?","M","E","?","E","T","?","E"],"character_chosen":"DEFECT","items_purchased":[],"campfire_rested":0,"item_purchase_floors":[],"current_hp_per_floor":[75,75,75,75,65,49,42,2,2,2,0,0],"gold":353,"neow_bonus":"THREE_ENEMY_KILL","is_daily":false,"chose_seed":false,"campfire_upgraded":0,"win_rate":0.0,"timestamp":1613416125,"path_taken":["M","?","M","?","?","E","?","E","T","?","E"],"items_purchased_type":[],"build_version":"2020-12-22","purchased_purges":0,"victory":false,"max_hp_per_floor":[75,75,75,75,75,75,75,75,75,75,75,75],"relic_stats":{"counters":[7,19],"MealTicket":0,"obtain_stats":[{"NeowsBlessing":0,"halation:Gekota":6,"MealTicket":7,"halation:WeightlessCrab":8,"Cracked Core":0},{"NeowsBlessing":0,"halation:Gekota":5,"MealTicket":5,"halation:WeightlessCrab":6,"Cracked Core":0},{"NeowsBlessing":0,"halation:Gekota":9,"MealTicket":9,"halation:WeightlessCrab":17,"Cracked Core":0}]},"card_choices":[{"not_picked":["Stack","Barrage"],"picked":"Cold Snap","floor":1},{"not_picked":["Beam Cell","Barrage"],"picked":"Gash","floor":2},{"not_picked":["Reprogram","Stack"],"picked":"Redo","floor":3},{"not_picked":["Hello World","Aggregate"],"picked":"Leap","floor":5},{"not_picked":["Leap","Chaos"],"picked":"Sweeping Beam","floor":6},{"not_picked":["Sweeping Beam","Coolheaded"],"picked":"Amplify","floor":8}],"player_experience":354351,"relics_obtained":[{"floor":6,"key":"halation:Gekota"},{"floor":8,"key":"halation:WeightlessCrab"}],"event_choices":[{"damage_healed":0,"gold_gain":100,"player_choice":"Pray","damage_taken":0,"max_hp_gain":0,"max_hp_loss":0,"event_name":"Golden Shrine","floor":4,"gold_loss":0},{"damage_healed":0,"gold_gain":0,"player_choice":"Relic ","damage_taken":7,"max_hp_gain":0,"max_hp_loss":0,"event_name":"betterThird:BetterScrap","floor":7,"gold_loss":0,"cards_obtained":["Entrench"]},{"damage_healed":0,"gold_gain":0,"player_choice":"Ignored","damage_taken":0,"max_hp_gain":0,"max_hp_loss":0,"event_name":"Golden Wing","floor":10,"gold_loss":0}],"is_beta":false,"boss_relics":[],"items_purged_floors":[],"is_endless":false,"potions_floor_spawned":[5],"killed_by":"Gremlin Nob","ascension_level":1}}