{"host":"h4390p13uu6iw1q5","time":1613366755,"event":{"mods":["BaseMod","Colored Map","Downfall","Minty Spire (QoL Compilation)","StSLib"],"gold_per_floor":[99,99,115,115,115,135,135,145,145,145,179,0,0,17,34,138,138,138,149,149,29,43,43,43,57,42,42,42,42],"floor_reached":27,"language":"ENG","playtime":2084,"items_purged":[],"score":236,"play_id":"1ee5f851-465d-47ea-bca9-96e8bc67b87f","local_time":"20210215002555","is_ascension_mode":false,"campfire_choices":[{"data":"Slimebound:Split","floor":1,"key":"SMITH"},{"data":"Slimebound:ComboTackle","floor":9,"key":"SMITH"},{"data":"Slimebound:Overexert","floor":13,"key":"SMITH"},{"data":"Slimebound:DouseInSlime","floor":18,"key":"SMITH"}],"circlet_count":0,"master_deck":["Slimebound:Tackle","Slimebound:Defend_Slimebound","Slimebound:Defend_Slimebound","Slimebound:Defend_Slimebound","Slimebound:Split+1","Slimebound:CorrosiveSpit","Slimebound:ComboTackle+1","Iron Wave","Slimebound:LeechEnergy","Slimebound:Equalize","Slimebound:LeechingTouch+1","Slimebound:RainOfGoop","Slimebound:LeechEnergy+1","Slimebound:Overexert+1","Slimebound:RollThrough+1","Slimebound:Grow","Slimebound:DouseInSlime+1","Slimebound:LeechingTouch+1","RitualDagger+1","Slimebound:SamplingLick","Slimebound:SpikyOuterGoop","Slimebound:MegaLick","Slimebound:PressTheAttack+1","Regret","Slimebound:Prepare","Slimebound:SlimeSpikes+1"],"relics":["Slimebound:AbsorbEndCombat","Molten Egg 2","InkBottle","Cursed Key","Pear"],"acts_visited":["Exordium","TheCity"],"potions_floor_usage":[15,23,27,27],"damage_taken":[{"damage":6,"enemies":"2 Louse","floor":3,"turns":3},{"damage":0,"enemies":"Cultist","floor":5,"turns":1},{"damage":3,"enemies":"Small Slimes","floor":6,"turns":5},{"damage":0,"enemies":"2 Fungi Beasts","floor":8,"turns":4},{"damage":34,"enemies":"Gremlin Nob","floor":11,"turns":4},{"damage":0,"enemies":"downfall:FleeingMerchant","floor":12,"turns":4},{"damage":0,"enemies":"Large Slime","floor":14,"turns":4},{"damage":14,"enemies":"Exordium Wildlife","floor":15,"turns":4},{"damage":23,"enemies":"SI_SHIV_ARCHETYPE","floor":16,"turns":8},{"damage":4,"enemies":"Chosen","floor":19,"turns":3},{"damage":18,"enemies":"downfall:FleeingMerchant","floor":21,"turns":4},{"damage":32,"enemies":"3 Byrds","floor":22,"turns":5},{"damage":48,"enemies":"3 Byrds","floor":23,"turns":6},{"damage":31,"enemies":"Sentry and Sphere","floor":25,"turns":6},{"damage":22,"enemies":"downfall:FleeingMerchant","floor":26,"turns":4},{"damage":29,"enemies":"Slavers","floor":27,"turns":2}],"seed_played":"404749315745218416","potions_obtained":[{"floor":14,"key":"FairyPotion"},{"floor":15,"key":"Fruit Juice"},{"floor":16,"key":"FearPotion"},{"floor":20,"key":"CultistPotion"},{"floor":25,"key":"BlessingOfTheForge"}],"is_trial":false,"path_per_floor":["R","?","M","?","M","M","T","M","R","?","E","$","R","M","M","B",null,"R","M","?","$","M","?","T","M","$","E"],"character_chosen":"SLIMEBOUND","items_purchased":["Slimebound:Overexert","Slimebound:SpikyOuterGoop","Slimebound:MegaLick"],"campfire_rested":0,"item_purchase_floors":[12,21,21],"current_hp_per_floor":[71,71,69,69,69,70,70,71,71,71,42,50,50,54,61,50,76,76,76,76,63,47,13,23,8,21,0,0,0],"gold":42,"neow_bonus":"TEN_PERCENT_HP_BONUS","is_daily":false,"chose_seed":false,"campfire_upgraded":4,"win_rate":0.0,"timestamp":1613366755,"path_taken":["R","?","M","?","M","?","T","M","R","?","E","$","R","M","M","BOSS","R","M","?","$","M","?","T","M","?","E"],"items_purchased_type":["Card","Card","Card"],"build_version":"2020-12-22","purchased_purges":0,"victory":false,"max_hp_per_floor":[71,71,71,71,71,71,71,71,71,71,71,71,71,71,76,76,76,76,76,76,76,76,76,86,86,86,86,86,86],"card_choices":[{"not_picked":["Slimebound:SamplingLick","Slimebound:Schlurp"],"picked":"Slimebound:ComboTackle","floor":3},{"not_picked":["Slimebound:SplitBruiser","Slimebound:SplitLeeching"],"picked":"Slimebound:LeechEnergy","floor":5},{"not_picked":["Slimebound:SlimeTap","Slimebound:GoopTackle"],"picked":"Slimebound:Equalize","floor":6},{"not_picked":["Slimebound:Prepare","Slimebound:SplitAcid"],"picked":"Slimebound:LeechingTouch+1","floor":8},{"not_picked":["Slimebound:FlameTackle+1","Slimebound:SplitMire"],"picked":"Slimebound:RainOfGoop","floor":11},{"not_picked":["Slimebound:LeechingTouch+1","Slimebound:Prepare"],"picked":"Slimebound:LeechEnergy+1","floor":12},{"not_picked":["Slimebound:Teamwork","Slimebound:GoopTackle+1"],"picked":"Slimebound:RollThrough+1","floor":14},{"not_picked":["Slimebound:SplitAcid","Slimebound:LeechEnergy+1"],"picked":"Slimebound:Grow","floor":15},{"not_picked":["Slimebound:Overexert","Slimebound:Teamwork"],"picked":"Slimebound:DouseInSlime","floor":16},{"not_picked":["Slimebound:HauntingLick","Slimebound:Prepare"],"picked":"Slimebound:LeechingTouch+1","floor":19},{"not_picked":["Slimebound:LeechingTouch+1","Slimebound:GrowthPunch+1"],"picked":"Slimebound:SamplingLick","floor":21},{"not_picked":["Slimebound:Replication","Slimebound:SplitLeeching"],"picked":"Slimebound:PressTheAttack+1","floor":22},{"not_picked":["Slimebound:Schlurp","Slimebound:LeechEnergy+1"],"picked":"Slimebound:Prepare","floor":25},{"not_picked":["Slimebound:HauntingLick","Slimebound:Prepare"],"picked":"Slimebound:SlimeSpikes+1","floor":26}],"player_experience":2837386,"relics_obtained":[{"floor":7,"key":"Molten Egg 2"},{"floor":11,"key":"InkBottle"},{"floor":24,"key":"Pear"}],"event_choices":[{"cards_removed":["Slimebound:Strike_Slimebound"],"damage_healed":0,"gold_gain":0,"player_choice":"Took Card","damage_taken":0,"max_hp_gain":0,"max_hp_loss":0,"event_name":"NoteForYourself","floor":4,"gold_loss":0,"cards_obtained":["Iron Wave"]},{"cards_removed":["Slimebound:Strike_Slimebound"],"damage_healed":0,"gold_gain":0,"player_choice":"Card Removal","damage_taken":0,"max_hp_gain":0,"max_hp_loss":0,"event_name":"The Cleric","floor":10,"gold_loss":0}],"is_beta":false,"boss_relics":[{"not_picked":["Philosopher\u0027s Stone","Busted Crown"],"picked":"Cursed Key"}],"items_purged_floors":[],"is_endless":false,"potions_floor_spawned":[14,15,16,23,25],"killed_by":"Slavers","ascension_level":0}}