{"host":"yy1cu9q9bsxhflzi","time":1613412684,"event":{"mods":["BaseMod","DeckTracker","Minty Spire (QoL Compilation)","Quick Restart","StSLib","SuperFastMode","everything is the same but u backflip on backflip"],"gold_per_floor":[119,119,119,119,194,220,239,273,348,348,348,360,360,370,370,441,441,452,472,522,437,450,450,463,58,83,111,11,42,42,68,68,68,68],"floor_reached":33,"language":"KOR","playtime":613,"items_purged":["Strike_G","Defend_G"],"score":622,"play_id":"7d22c86c-683e-4ecb-95d1-ab4d911adf2c","local_time":"20210216031124","is_ascension_mode":true,"campfire_choices":[{"data":"Riddle With Holes","floor":11,"key":"SMITH"},{"data":"Tactician","floor":15,"key":"SMITH"},{"floor":30,"key":"REST"},{"data":"Neutralize","floor":32,"key":"SMITH"}],"circlet_count":0,"master_deck":["AscendersBane","Strike_G","Strike_G","Defend_G","Defend_G","Defend_G","Survivor","Neutralize+1","Deadly Poison+1","Riddle With Holes+1","Tactician+1","Acrobatics","Crippling Poison+1","Adrenaline+1","Malaise+1","Footwork+1","Riddle With Holes+1","Blur+1","Doppelganger+1","Reflex+1"],"relics":["Ring of the Snake","NeowsBlessing","Vajra","Akabeko","Toxic Egg 2","Gremlin Horn","Astrolabe","Dream Catcher","Toy Ornithopter","OrangePellets","Bag of Preparation","Turnip","Blood Vial","Potion Belt"],"acts_visited":["Exordium","TheCity"],"potions_floor_usage":[16,29,31,33],"damage_taken":[{"damage":0,"enemies":"Jaw Worm","floor":1,"turns":1},{"damage":0,"enemies":"3 Sentries","floor":6,"turns":2},{"damage":0,"enemies":"2 Louse","floor":7,"turns":1},{"damage":21,"enemies":"Lagavulin","floor":8,"turns":7},{"damage":16,"enemies":"Small Slimes","floor":12,"turns":3},{"damage":0,"enemies":"3 Louse","floor":14,"turns":2},{"damage":9,"enemies":"The Guardian","floor":16,"turns":10},{"damage":16,"enemies":"Chosen","floor":18,"turns":5},{"damage":4,"enemies":"3 Byrds","floor":19,"turns":4},{"damage":0,"enemies":"Centurion and Healer","floor":22,"turns":4},{"damage":11,"enemies":"Snake Plant","floor":24,"turns":3},{"damage":13,"enemies":"Book of Stabbing","floor":27,"turns":6},{"damage":11,"enemies":"Slavers","floor":29,"turns":6},{"damage":7,"enemies":"Gremlin Leader","floor":31,"turns":8},{"damage":55,"enemies":"Champ","floor":33,"turns":9}],"seed_played":"6626322468344895142","potions_obtained":[{"floor":6,"key":"Swift Potion"},{"floor":8,"key":"Dexterity Potion"},{"floor":19,"key":"AttackPotion"},{"floor":24,"key":"Regen Potion"},{"floor":31,"key":"Poison Potion"}],"is_trial":false,"path_per_floor":["M","?","?","?","?","E","M","E","T","T","R","M","?","M","R","B",null,"M","M","?","?","M","?","M","$","T","E","$","E","R","E","R","B"],"character_chosen":"THE_SILENT","items_purchased":["Toy Ornithopter","OrangePellets"],"campfire_rested":1,"item_purchase_floors":[25,25],"current_hp_per_floor":[59,59,59,64,53,53,53,32,32,32,32,16,16,16,16,7,55,39,35,35,35,35,35,24,24,24,11,11,19,40,40,40,0,0],"gold":68,"neow_bonus":"THREE_ENEMY_KILL","is_daily":false,"chose_seed":false,"campfire_upgraded":3,"win_rate":0.0,"timestamp":1613412684,"path_taken":["M","?","?","?","?","E","M","E","T","?","R","?","?","M","R","BOSS","M","M","?","?","M","?","M","$","T","E","$","E","R","E","R","BOSS"],"items_purchased_type":["Relic","Relic"],"build_version":"2020-12-22","purchased_purges":2,"victory":false,"max_hp_per_floor":[66,66,66,71,71,71,71,71,71,71,71,71,71,71,71,71,71,71,71,71,71,71,71,71,71,71,71,71,71,71,71,71,71,71],"card_choices":[{"not_picked":["Deflect","Bane"],"picked":"Deadly Poison","floor":1},{"not_picked":["Skewer","Finisher"],"picked":"Riddle With Holes","floor":6},{"not_picked":["Underhanded Strike","Deflect"],"picked":"Tactician","floor":7},{"not_picked":["Wraith Form v2","Dagger Spray"],"picked":"Acrobatics","floor":8},{"not_picked":["Quick Slash","Heel Hook"],"picked":"Crippling Poison+1","floor":12},{"not_picked":["Deadly Poison+1","Poisoned Stab","Deflect+1"],"picked":"SKIP","floor":14},{"not_picked":["Wraith Form v2","Venomology+1"],"picked":"Adrenaline+1","floor":16},{"not_picked":["Caltrops","Dodge and Roll+1"],"picked":"Blur+1","floor":18},{"not_picked":["Expertise+1","Poisoned Stab+1","Cloak And Dagger+1"],"picked":"SKIP","floor":19},{"not_picked":["Sucker Punch","Backstab","Dagger Throw+1"],"picked":"SKIP","floor":22},{"not_picked":["Flechettes","Bane","All Out Attack"],"picked":"SKIP","floor":24},{"not_picked":["Blade Dance+1","Bouncing Flask+1","Quick Slash"],"picked":"SKIP","floor":27},{"not_picked":["All Out Attack","Backstab","Blade Dance+1"],"picked":"SKIP","floor":29},{"not_picked":["Infinite Blades","Noxious Fumes"],"picked":"Reflex+1","floor":30},{"not_picked":["Dagger Throw","Masterful Stab","Caltrops+1"],"picked":"SKIP","floor":31}],"player_experience":3912968,"relics_obtained":[{"floor":6,"key":"Vajra"},{"floor":8,"key":"Akabeko"},{"floor":9,"key":"Toxic Egg 2"},{"floor":10,"key":"Gremlin Horn"},{"floor":26,"key":"Bag of Preparation"},{"floor":27,"key":"Turnip"},{"floor":29,"key":"Blood Vial"},{"floor":31,"key":"Potion Belt"}],"event_choices":[{"damage_healed":0,"gold_gain":0,"player_choice":"Grow","damage_taken":0,"max_hp_gain":0,"max_hp_loss":0,"event_name":"Living Wall","floor":2,"gold_loss":0,"cards_upgraded":["Deadly Poison"]},{"damage_healed":0,"gold_gain":0,"player_choice":"Ignored","damage_taken":0,"max_hp_gain":0,"max_hp_loss":0,"event_name":"Liars Game","floor":3,"gold_loss":0},{"damage_healed":0,"gold_gain":0,"player_choice":"Donut","damage_taken":0,"max_hp_gain":5,"max_hp_loss":0,"event_name":"Big Fish","floor":4,"gold_loss":0},{"damage_healed":0,"gold_gain":75,"player_choice":"Gather Gold","damage_taken":11,"max_hp_gain":0,"max_hp_loss":0,"event_name":"World of Goop","floor":5,"gold_loss":0},{"damage_healed":0,"gold_gain":0,"player_choice":"Ignored","damage_taken":0,"max_hp_gain":0,"max_hp_loss":0,"event_name":"Shining Light","floor":13,"gold_loss":0},{"damage_healed":0,"gold_gain":50,"player_choice":"Stole From Cult","damage_taken":0,"max_hp_gain":0,"max_hp_loss":0,"event_name":"Nest","floor":20,"gold_loss":0},{"damage_healed":0,"gold_gain":0,"player_choice":"Obtained Relic","damage_taken":0,"relics_obtained":["Dream Catcher"],"max_hp_gain":0,"max_hp_loss":0,"event_name":"Addict","floor":21,"gold_loss":85},{"damage_healed":0,"gold_gain":0,"player_choice":"1 cards matched","damage_taken":0,"max_hp_gain":0,"max_hp_loss":0,"event_name":"Match and Keep!","floor":23,"gold_loss":0,"cards_obtained":["Doppelganger"]}],"is_beta":false,"boss_relics":[{"not_picked":["Tiny House","SacredBark"],"picked":"Astrolabe"}],"items_purged_floors":[25,28],"is_endless":false,"potions_floor_spawned":[6,8,14,19,24,31],"killed_by":"Champ","ascension_level":17}}