{"host":"pj7egx7jkoz18hom","time":1613397623,"event":{"mods":["AchievementEnabler","BaseMod","Keyboard Shortcuts","Minty Spire (QoL Compilation)","SuperFastMode"],"gold_per_floor":[114,133,147,162,162,162,203,203,226,0,0,75,94,113,113,232,232,232,232],"floor_reached":18,"language":"KOR","playtime":575,"items_purged":["Defend_R"],"score":194,"play_id":"c2441b82-e7dc-4823-a208-ca5e1675a7bc","local_time":"20210215230023","is_ascension_mode":true,"campfire_choices":[{"data":"Ghostly Armor","floor":6,"key":"SMITH"},{"floor":11,"key":"REST"},{"floor":15,"key":"REST"}],"circlet_count":0,"master_deck":["Strike_R","Strike_R","Strike_R","Strike_R","Defend_R","Defend_R","Defend_R","Bash","Cleave","Battle Trance","Disarm","Ghostly Armor+1","Shrug It Off","Rampage","Reaper","CurseOfTheBell"],"relics":["Burning Blood","Orichalcum","Golden Idol","Regal Pillow","Blood Vial","Vajra","Calling Bell","Boot","Mercury Hourglass","Charon\u0027s Ashes"],"acts_visited":["Exordium","TheCity"],"potions_floor_usage":[7,16],"damage_taken":[{"damage":9,"enemies":"Small Slimes","floor":1,"turns":3},{"damage":0,"enemies":"Cultist","floor":2,"turns":3},{"damage":6,"enemies":"Jaw Worm","floor":3,"turns":3},{"damage":12,"enemies":"Looter","floor":4,"turns":4},{"damage":53,"enemies":"Lagavulin","floor":7,"turns":9},{"damage":9,"enemies":"Red Slaver","floor":13,"turns":3},{"damage":15,"enemies":"Exordium Wildlife","floor":14,"turns":5},{"damage":35,"enemies":"The Guardian","floor":16,"turns":15},{"damage":0,"enemies":"Spheric Guardian","floor":18,"turns":1}],"seed_played":"8505116300317219348","potions_obtained":[{"floor":2,"key":"FairyPotion"},{"floor":4,"key":"Energy Potion"},{"floor":7,"key":"Weak Potion"},{"floor":16,"key":"Swift Potion"}],"is_trial":false,"path_per_floor":["M","M","M","M","?","R","E","?","T","$","R","?","M","M","R","B",null,"M"],"character_chosen":"IRONCLAD","items_purchased":["Vajra"],"campfire_rested":2,"item_purchase_floors":[10],"current_hp_per_floor":[77,80,80,74,54,54,7,7,7,7,46,38,37,30,69,42,80,80,80],"gold":232,"neow_bonus":"RANDOM_COMMON_RELIC","is_daily":false,"chose_seed":false,"campfire_upgraded":1,"win_rate":0.0,"timestamp":1613397623,"path_taken":["M","M","M","M","?","R","E","?","T","$","R","?","M","M","R","BOSS","M"],"items_purchased_type":["Relic"],"build_version":"2020-12-22","purchased_purges":1,"victory":false,"max_hp_per_floor":[80,80,80,80,80,80,80,80,80,80,80,80,80,80,80,80,80,80,80],"card_choices":[{"not_picked":["Twin Strike","Wild Strike"],"picked":"Cleave","floor":1},{"not_picked":["Wild Strike","Havoc"],"picked":"Battle Trance","floor":2},{"not_picked":["Sword Boomerang","Twin Strike"],"picked":"Disarm","floor":3},{"not_picked":["Sword Boomerang","Berserk"],"picked":"Ghostly Armor","floor":4},{"not_picked":["Second Wind","Pummel"],"picked":"Shrug It Off","floor":7},{"not_picked":["Clash","Wild Strike","Pummel"],"picked":"SKIP","floor":13},{"not_picked":["Cleave","Infernal Blade","Uppercut"],"picked":"SKIP","floor":14},{"not_picked":["Offering","Immolate"],"picked":"Reaper","floor":16}],"player_experience":78650,"relics_obtained":[{"floor":7,"key":"Regal Pillow"},{"floor":9,"key":"Blood Vial"},{"floor":17,"key":"Boot"},{"floor":17,"key":"Mercury Hourglass"},{"floor":17,"key":"Charon\u0027s Ashes"}],"event_choices":[{"damage_healed":0,"gold_gain":0,"player_choice":"Take Damage","damage_taken":20,"relics_obtained":["Golden Idol"],"max_hp_gain":0,"max_hp_loss":0,"event_name":"Golden Idol","floor":5,"gold_loss":0},{"damage_healed":0,"gold_gain":0,"cards_transformed":["Strike_R"],"player_choice":"Change","damage_taken":0,"max_hp_gain":0,"max_hp_loss":0,"event_name":"Living Wall","floor":8,"gold_loss":0,"cards_obtained":["Rampage"]},{"damage_healed":0,"gold_gain":75,"player_choice":"Touch","damage_taken":8,"max_hp_gain":0,"max_hp_loss":0,"event_name":"FaceTrader","floor":12,"gold_loss":0}],"is_beta":false,"boss_relics":[{"not_picked":["Fusion Hammer","Velvet Choker"],"picked":"Calling Bell"}],"items_purged_floors":[10],"is_endless":false,"potions_floor_spawned":[2,4,7,16],"killed_by":"Spheric Guardian","ascension_level":4}}