{"host":"93x13jgem5w43hjr","time":1613420471,"event":{"mods":["AchievementEnabler","BaseMod","Better Note","Colored Map","Colored Powertips","Downfall","Highlight Path","Minty Spire (QoL Compilation)","Rare Cards Sparkle","StSLib"],"gold_per_floor":[99,99,99,99,99,99,99,132,155,55,66,98,110,19,38,141,141,141,161,161,211,39,39,39,66,81,116,132,151,180,65,82,187,187,87,97,114,133,145,176,255,266,166,166,178,194,194,71,88,88,88,88],"floor_reached":50,"language":"ENG","playtime":3963,"items_purged":["Normality","Shame","Parasite"],"score":620,"play_id":"27ce3be1-ba98-4c6a-ad9a-1654fb591da0","local_time":"20210215132111","is_ascension_mode":true,"campfire_choices":[{"data":"champ:Taunt","floor":1,"key":"SMITH"},{"data":"champ:DancingMaster","floor":10,"key":"SMITH"},{"data":"champ:VampiricStrike","floor":18,"key":"SMITH"},{"floor":23,"key":"RECALL"},{"data":"champ:DancingMaster","floor":35,"key":"SMITH"},{"floor":43,"key":"REST"},{"floor":47,"key":"REST"}],"circlet_count":0,"master_deck":["champ:Strike","champ:Strike","champ:Strike","champ:Strike","champ:Defend","champ:Defend","champ:Defend+1","champ:Defend+1","champ:Execute","champ:Taunt+1","champ:AdrenalArmor","Clumsy","champ:DancingMaster+1","downfall:Haunted","champ:GutPunch","champ:FlashCut","champ:EnchantCrown+1","champ:ViciousMockery+1","champ:FlashCut","champ:Backstep+1","champ:PreciseThrust","champ:BringItOn+1","champ:VampiricStrike+1","champ:BerserkersShout+1","champ:FancyFootwork+1","downfall:Icky","champ:CalledShot+1","champ:FocusedDefense+1","champ:StanceDance+1","champ:DancingMaster+1","champ:IronFortress+1","downfall:Icky","champ:GutPunch","champ:StanceDance+1"],"relics":["champ:ChampionCrown","downfall:HeartsMalice","downfall:ExtraCursedKey","Vajra","PreservedInsect","Toxic Egg 2","Tiny Chest","Odd Mushroom","downfall:HeartBlessingGreen","Centennial Puzzle","Runic Pyramid","Orichalcum","Incense Burner","Letter Opener","War Paint","White Beast Statue","Empty Cage","downfall:HeartBlessingRed","Lantern","downfall:HeartBlessingBlue","TheAbacus","Happy Flower"],"acts_visited":["Exordium","TheCity","TheBeyond"],"potions_floor_usage":[14,25,29,33,33,36,38,45,50],"damage_taken":[{"damage":0,"enemies":"Jaw Worm","floor":2,"turns":1},{"damage":0,"enemies":"Gremlin Nob","floor":8,"turns":1},{"damage":0,"enemies":"The Mushroom Lair","floor":9,"turns":1},{"damage":10,"enemies":"Small Slimes","floor":11,"turns":3},{"damage":44,"enemies":"3 Sentries","floor":12,"turns":6},{"damage":15,"enemies":"2 Louse","floor":13,"turns":3},{"damage":20,"enemies":"downfall:FleeingMerchant","floor":14,"turns":4},{"damage":20,"enemies":"Exordium Thugs","floor":15,"turns":3},{"damage":39,"enemies":"IC_STATUS_ARCHETYPE","floor":16,"turns":7},{"damage":22,"enemies":"downfall:LooterAlt2","floor":19,"turns":5},{"damage":15,"enemies":"downfall:FleeingMerchant","floor":22,"turns":4},{"damage":24,"enemies":"Book of Stabbing","floor":25,"turns":5},{"damage":21,"enemies":"Spheric Guardian","floor":26,"turns":3},{"damage":30,"enemies":"Slavers","floor":27,"turns":5},{"damage":38,"enemies":"Centurion and Healer","floor":28,"turns":4},{"damage":3,"enemies":"Cultist and Chosen","floor":29,"turns":4},{"damage":55,"enemies":"Gremlin Leader","floor":30,"turns":6},{"damage":10,"enemies":"downfall:FleeingMerchant","floor":31,"turns":4},{"damage":35,"enemies":"Shelled Parasite and Fungi","floor":32,"turns":5},{"damage":43,"enemies":"DF_ARCHETYPE_CLAW","floor":33,"turns":8},{"damage":22,"enemies":"3 Darklings","floor":36,"turns":4},{"damage":28,"enemies":"3 Shapes","floor":37,"turns":4},{"damage":15,"enemies":"Writhing Mass","floor":38,"turns":4},{"damage":15,"enemies":"Jaw Worm Horde","floor":39,"turns":4},{"damage":44,"enemies":"Nemesis","floor":40,"turns":7},{"damage":22,"enemies":"3 Darklings","floor":42,"turns":5},{"damage":29,"enemies":"4 Shapes","floor":45,"turns":4},{"damage":55,"enemies":"Maw","floor":46,"turns":7},{"damage":10,"enemies":"downfall:FleeingMerchant","floor":48,"turns":4},{"damage":3,"enemies":"Jaw Worm Horde","floor":49,"turns":5},{"damage":151,"enemies":"WA_ARCHETYPE_DIVINITY","floor":50,"turns":7}],"seed_played":"-1817641408191407839","potions_obtained":[{"floor":11,"key":"SkillPotion"},{"floor":12,"key":"sneckomod:MuddlingPotion"},{"floor":15,"key":"Fire Potion"},{"floor":19,"key":"Dexterity Potion"},{"floor":25,"key":"Strength Potion"},{"floor":31,"key":"LiquidBronze"},{"floor":32,"key":"Weak Potion"},{"floor":33,"key":"BlessingOfTheForge"},{"floor":36,"key":"ColorlessPotion"},{"floor":37,"key":"bronze:BurnAndBuffPotion"},{"floor":38,"key":"sneckomod:MuddlingPotion"},{"floor":39,"key":"AttackPotion"},{"floor":45,"key":"Block Potion"},{"floor":49,"key":"EssenceOfSteel"}],"is_trial":false,"path_per_floor":["R","M","?","?","T","?","T","E","?","R","M","E","M","$","M","B",null,"R","M","?","T","$","R","T","E","M","E","M","M","E","$","M","B",null,"R","M","M","M","M","E","T","M","R","?","M","M","R","$","M","B"],"character_chosen":"THE_CHAMP","items_purchased":["champ:Backstep+1","champ:PreciseThrust","champ:FancyFootwork+1","TheAbacus","champ:GutPunch","Happy Flower"],"campfire_rested":2,"item_purchase_floors":[14,14,22,48,48,48],"current_hp_per_floor":[90,90,90,78,78,78,78,78,78,78,78,64,59,59,59,50,90,90,88,88,88,88,88,88,74,83,68,60,77,62,62,57,49,90,90,78,70,70,70,51,51,54,94,86,67,67,97,97,97,0,0,0],"gold":88,"neow_bonus":"THREE_ENEMY_KILL","is_daily":false,"chose_seed":false,"campfire_upgraded":4,"win_rate":0.0,"timestamp":1613420471,"path_taken":["R","M","?","?","?","?","T","E","?","R","M","E","M","?","M","BOSS","R","M","?","?","$","R","T","E","M","E","M","M","E","$","M","BOSS","R","M","M","M","M","E","T","M","R","?","?","M","R","$","M","BOSS"],"items_purchased_type":["Card","Card","Card","Relic","Card","Relic"],"build_version":"2020-12-22","purchased_purges":3,"victory":false,"max_hp_per_floor":[90,90,90,90,90,90,90,90,90,90,90,90,90,90,90,90,90,90,90,90,90,90,90,90,90,90,90,90,90,90,90,90,90,90,90,90,90,90,90,90,90,90,100,100,100,100,100,97,97,97,97,97],"card_choices":[{"not_picked":["champ:RapidStrikes","champ:PerfectedStrike"],"picked":"champ:AdrenalArmor","floor":2},{"not_picked":["champ:FalseCounter+1","champ:FanOfKnives"],"picked":"champ:GutPunch","floor":8},{"not_picked":["champ:BerserkersShout+1","champ:ShieldSigil+1"],"picked":"champ:FlashCut","floor":11},{"not_picked":["champ:HeavySlash","champ:FlashCut"],"picked":"champ:EnchantCrown+1","floor":12},{"not_picked":["champ:PerfectedStrike","champ:FlashCut"],"picked":"champ:ViciousMockery+1","floor":13},{"not_picked":["champ:PerfectedStrike","champ:AdrenalArmor+1"],"picked":"champ:FlashCut","floor":14},{"not_picked":["champ:EnragedBash","champ:FocusedBerserking+1"],"picked":"champ:BringItOn+1","floor":15},{"not_picked":["champ:Devastate","champ:EnchantCrown+1"],"picked":"champ:VampiricStrike","floor":16},{"not_picked":["champ:GutPunch","champ:AdrenalArmor+1"],"picked":"champ:BerserkersShout+1","floor":19},{"not_picked":["champ:FanOfKnives+1","champ:Duel+1","champ:PreciseThrust+1"],"picked":"SKIP","floor":22},{"not_picked":["champ:Lariat+1","champ:Haymaker","champ:Parry+1"],"picked":"SKIP","floor":25},{"not_picked":["champ:AdrenalArmor+1","champ:Encircle","champ:EnragedBash+1"],"picked":"SKIP","floor":26},{"not_picked":["champ:Improvising","champ:Backstep+1","champ:HoldFirm+1"],"picked":"SKIP","floor":27},{"not_picked":["champ:ShieldSigil+1","champ:AdrenalArmor+1"],"picked":"champ:CalledShot+1","floor":28},{"not_picked":["champ:BringItOn+1","champ:ShieldSlam+1"],"picked":"champ:FocusedDefense+1","floor":29},{"not_picked":["champ:BerserkerStyle","champ:Circumvent+1"],"picked":"champ:StanceDance+1","floor":30},{"not_picked":["champ:Circumvent+1","champ:Shatter","champ:AdrenalArmor+1"],"picked":"SKIP","floor":31},{"not_picked":["champ:ShieldSigil+1","champ:ShieldWall","champ:BladeFlurry"],"picked":"SKIP","floor":32},{"not_picked":["champ:Improvising","champ:EnchantSword+1"],"picked":"champ:DancingMaster","floor":33},{"not_picked":["champ:Endure+1","champ:Duel+1","champ:Shatter+1"],"picked":"SKIP","floor":36},{"not_picked":["champ:Shatter+1","champ:BringItOn+1","champ:RageSigil+1"],"picked":"SKIP","floor":37},{"not_picked":["champ:BringItOn+1","champ:ShieldThrow","champ:Circumvent+1"],"picked":"SKIP","floor":38},{"not_picked":["champ:PreemptiveStrike","champ:Haymaker+1"],"picked":"champ:IronFortress","floor":39},{"not_picked":["champ:EnchantSword+1","champ:ShieldSigil+1","champ:BladeFlurry"],"picked":"SKIP","floor":40},{"not_picked":["champ:Shatter+1","champ:PerfectedStrike+1","champ:CrownThrow"],"picked":"SKIP","floor":42},{"not_picked":["champ:SkillfulDodge+1","champ:EnGarde+1","champ:FanOfKnives"],"picked":"SKIP","floor":45},{"not_picked":["champ:ShieldSlam+1","champ:Haymaker","champ:FlashCut"],"picked":"SKIP","floor":46},{"not_picked":["champ:GladiatorStyle+1","champ:ShieldSigil+1","champ:Devastate"],"picked":"SKIP","floor":48},{"not_picked":["champ:BringItOn+1","champ:EnragedBash+1"],"picked":"champ:StanceDance+1","floor":49}],"player_experience":200017,"relics_obtained":[{"floor":5,"key":"PreservedInsect"},{"floor":7,"key":"Toxic Egg 2"},{"floor":8,"key":"Tiny Chest"},{"floor":9,"key":"Odd Mushroom"},{"floor":12,"key":"Centennial Puzzle"},{"floor":21,"key":"Orichalcum"},{"floor":24,"key":"Incense Burner"},{"floor":25,"key":"Letter Opener"},{"floor":27,"key":"War Paint"},{"floor":30,"key":"White Beast Statue"},{"floor":40,"key":"Lantern"}],"event_choices":[{"damage_healed":0,"gold_gain":0,"player_choice":"Success","damage_taken":12,"relics_obtained":["Vajra"],"max_hp_gain":0,"max_hp_loss":0,"event_name":"Scrap Ooze","floor":4,"gold_loss":0},{"cards_removed":["Doubt"],"damage_healed":0,"gold_gain":0,"player_choice":"Card Removal","damage_taken":0,"max_hp_gain":0,"max_hp_loss":0,"event_name":"The Cleric","floor":6,"gold_loss":0},{"damage_healed":0,"gold_gain":0,"player_choice":"Fought Mushrooms","damage_taken":0,"max_hp_gain":0,"max_hp_loss":0,"event_name":"Mushrooms","floor":9,"gold_loss":0},{"damage_healed":0,"gold_gain":0,"player_choice":"Ignored","damage_taken":0,"max_hp_gain":0,"max_hp_loss":0,"event_name":"betterNote:BetterNote","floor":20,"gold_loss":0,"cards_obtained":["expansioncontent:DashGenerateEvil"]}],"is_beta":false,"boss_relics":[{"not_picked":["bronze:MakeshiftBattery","SacredBark"],"picked":"Runic Pyramid"},{"not_picked":["Fusion Hammer","Runic Dome"],"picked":"Empty Cage"}],"items_purged_floors":[22,31,48],"is_endless":false,"potions_floor_spawned":[11,12,15,19,25,31,32,33,36,37,38,39,40,42,45,46,48,49],"killed_by":"WA_ARCHETYPE_DIVINITY","ascension_level":1}}