{"host":"91blwi3hgehj6ch9","time":1613415403,"event":{"mods":["2.2 Compatiblity","AchievementEnabler","BaseMod","Colored Map","DeckTracker","Keyboard Shortcuts","Minty Spire (QoL Compilation)","Permanent Neow","StSLib","SuperFastMode","everything is the same but u backflip on backflip"],"gold_per_floor":[115,132,18,36,55,55,89,89,89,9,9,24,24,40,40,137,137,157,170,188,29,29,54,74,74,98,124,124,140,174,184,184,279,279,298,298,178,178,178,189,189,220,301,61,90,110,110,142,142,142,142,142,8,36,36,36],"floor_reached":55,"language":"KOR","playtime":3089,"items_purged":["Strike_R","Strike_R","Strike_R","Pommel Strike"],"score":1398,"play_id":"5a9ea4ba-7de7-4a1e-b75c-6020974ae382","local_time":"20210216035643","is_ascension_mode":true,"campfire_choices":[{"data":"Flame Barrier","floor":6.0,"key":"SMITH"},{"data":"Second Wind","floor":11.0,"key":"SMITH"},{"floor":15.0,"key":"REST"},{"floor":25.0,"key":"REST"},{"floor":28.0,"key":"RECALL"},{"data":"Purity","floor":32.0,"key":"SMITH"},{"data":"Fiend Fire","floor":41,"key":"SMITH"},{"data":"Power Through","floor":47,"key":"SMITH"},{"floor":49,"key":"REST"},{"floor":52,"key":"REST"}],"circlet_count":0,"master_deck":["AscendersBane","Defend_R","Defend_R","Defend_R","Defend_R","Bash","Purity+1","Flame Barrier+1","Feed+1","Second Wind+1","Wild Strike","Rage","Shrug It Off","Fiend Fire+1","CurseOfTheBell","Sentinel","Feel No Pain+1","Armaments+1","Feel No Pain+1","Sentinel","Evolve+1","Body Slam+1","Evolve+1","Body Slam+1","Power Through+1","Apotheosis","Fiend Fire"],"relics":["Burning Blood","The Courier","Dead Branch","Calling Bell","Oddly Smooth Stone","InkBottle","Turnip","Thread and Needle","Whetstone","Frozen Egg 2","Centennial Puzzle","Astrolabe","Blue Candle","Calipers","Unceasing Top","MealTicket","Nunchaku"],"acts_visited":["Exordium","TheCity","TheBeyond","TheEnding"],"potions_floor_usage":[55,55],"damage_taken":[{"damage":6.0,"enemies":"Cultist","floor":1.0,"turns":3.0},{"damage":7.0,"enemies":"Small Slimes","floor":2.0,"turns":3.0},{"damage":3.0,"enemies":"Jaw Worm","floor":4.0,"turns":5.0},{"damage":24.0,"enemies":"Lots of Slimes","floor":5.0,"turns":5.0},{"damage":50.0,"enemies":"3 Sentries","floor":7.0,"turns":13.0},{"damage":11.0,"enemies":"2 Fungi Beasts","floor":12.0,"turns":5.0},{"damage":2.0,"enemies":"Looter","floor":14.0,"turns":5.0},{"damage":47.0,"enemies":"The Guardian","floor":16.0,"turns":11.0},{"damage":0.0,"enemies":"Chosen","floor":18.0,"turns":5.0},{"damage":6.0,"enemies":"Shell Parasite","floor":19.0,"turns":5.0},{"damage":10.0,"enemies":"Centurion and Healer","floor":20.0,"turns":8.0},{"damage":55.0,"enemies":"Slavers","floor":23.0,"turns":10.0},{"damage":6.0,"enemies":"Sentry and Sphere","floor":24.0,"turns":12.0},{"damage":3.0,"enemies":"Book of Stabbing","floor":27.0,"turns":8.0},{"damage":0.0,"enemies":"Shelled Parasite and Fungi","floor":29.0,"turns":6.0},{"damage":7.0,"enemies":"Gremlin Leader","floor":30.0,"turns":8.0},{"damage":1.0,"enemies":"Chosen and Byrds","floor":31.0,"turns":8.0},{"damage":6,"enemies":"Automaton","floor":33,"turns":13},{"damage":77,"enemies":"3 Darklings","floor":35,"turns":10},{"damage":0,"enemies":"3 Shapes","floor":40,"turns":4},{"damage":3,"enemies":"Giant Head","floor":42,"turns":6},{"damage":0,"enemies":"Nemesis","floor":45,"turns":7},{"damage":6,"enemies":"Sphere and 2 Shapes","floor":46,"turns":7},{"damage":10,"enemies":"Giant Head","floor":48,"turns":9},{"damage":26,"enemies":"Donu and Deca","floor":50,"turns":6},{"damage":19,"enemies":"Shield and Spear","floor":54,"turns":11},{"damage":91,"enemies":"The Heart","floor":55,"turns":7}],"seed_played":"-1110643486568533718","potions_obtained":[{"floor":1.0,"key":"SmokeBomb"},{"floor":7.0,"key":"SpeedPotion"},{"floor":12.0,"key":"SneckoOil"},{"floor":13.0,"key":"Fruit Juice"},{"floor":13.0,"key":"SteroidPotion"},{"floor":16.0,"key":"AttackPotion"},{"floor":20.0,"key":"AttackPotion"},{"floor":27.0,"key":"Ancient Potion"},{"floor":29.0,"key":"Block Potion"},{"floor":48,"key":"Swift Potion"}],"is_trial":false,"path_per_floor":["M","M","$","M","M","R","E","?","T","$","R","M","?","M","R","B",null,"M","M","M","$","?","E","M","R","T","E","R","M","E","M","R","B",null,"M","?","$","?","?","M","R","E","T","$","E","M","R","E","R","B",null,"R","$","E","B"],"character_chosen":"IRONCLAD","items_purchased":["Flame Barrier","Feel No Pain","Calipers","Apotheosis"],"campfire_rested":4,"item_purchase_floors":[3,21,44,53],"current_hp_per_floor":[72,71,71,74,59,59,18,18,18,18,18,16,21,28,57,16,77,83,86,82,82,82,36,36,66,66,73,73,83,86,91,91,95,113,46,46,46,46,102,102,102,102,102,102,102,102,102,98,102,82,97,102,102,89,0,0],"gold":36,"neow_bonus":"RANDOM_COLORLESS","is_daily":false,"chose_seed":false,"campfire_upgraded":5,"win_rate":0.0,"timestamp":1613415403,"path_taken":["M","M","$","M","?","R","E","?","T","$","R","M","?","M","R","BOSS","M","?","M","$","?","E","M","R","T","E","R","?","E","M","R","BOSS","M","?","$","?","?","M","R","E","T","?","E","M","R","E","R","BOSS","R","$","E","BOSS"],"items_purchased_type":["Card","Card","Relic","Card"],"build_version":"2020-12-22","purchased_purges":4,"victory":false,"max_hp_per_floor":[80,80,80,80,83,83,86,86,86,86,86,89,94,97,97,97,97,97,100,100,100,100,103,103,103,103,107,107,111,115,115,115,119,119,123,117,117,117,102,102,102,102,102,102,102,102,102,102,102,102,102,102,102,102,102,102],"card_choices":[{"not_picked":["Madness","Mind Blast"],"picked":"Purity","floor":0.0},{"not_picked":["Warcry","Perfected Strike"],"picked":"Pommel Strike","floor":1.0},{"not_picked":["Headbutt","Pummel"],"picked":"Carnage","floor":2.0},{"not_picked":["Anger","Flex"],"picked":"Feed","floor":4.0},{"not_picked":["Sentinel","Fire Breathing"],"picked":"Second Wind","floor":5.0},{"not_picked":["Pommel Strike","Perfected Strike"],"picked":"Wild Strike","floor":7.0},{"not_picked":["Metallicize","Pommel Strike"],"picked":"Rage","floor":12.0},{"not_picked":["Iron Wave","Rampage"],"picked":"Shrug It Off","floor":14.0},{"not_picked":["Double Tap","Demon Form"],"picked":"Fiend Fire","floor":16.0},{"not_picked":["Iron Wave","Body Slam"],"picked":"Sentinel","floor":18.0},{"not_picked":["Combust","Anger","Flex"],"picked":"SKIP","floor":19.0},{"not_picked":["Double Tap","Twin Strike","Perfected Strike+1"],"picked":"SKIP","floor":20.0},{"not_picked":["Anger","Burning Pact"],"picked":"Armaments+1","floor":23.0},{"not_picked":["Intimidate","Inflame","Reckless Charge"],"picked":"SKIP","floor":24.0},{"not_picked":["Exhume","Headbutt","Thunderclap"],"picked":"SKIP","floor":27.0},{"not_picked":["Combust+1","Spot Weakness"],"picked":"Feel No Pain+1","floor":29.0},{"not_picked":["Rampage","Flex"],"picked":"Sentinel","floor":30.0},{"not_picked":["Flex","Body Slam","Whirlwind"],"picked":"SKIP","floor":31.0},{"not_picked":["Cleave+1","Armaments+1"],"picked":"Body Slam+1","floor":35},{"not_picked":["Clash","Flex"],"picked":"Power Through","floor":40},{"not_picked":["Wild Strike","Headbutt+1","Spot Weakness+1"],"picked":"SKIP","floor":42},{"not_picked":["Wild Strike","Cleave+1","Immolate"],"picked":"SKIP","floor":45},{"not_picked":["Burning Pact","Clothesline","Dropkick"],"picked":"SKIP","floor":46},{"not_picked":["Headbutt","Heavy Blade+1","Disarm+1"],"picked":"SKIP","floor":48},{"not_picked":["Pommel Strike","Thunderclap"],"picked":"Fiend Fire","floor":54}],"player_experience":263189,"relics_obtained":[{"floor":7.0,"key":"The Courier"},{"floor":9.0,"key":"Dead Branch"},{"floor":17.0,"key":"Oddly Smooth Stone"},{"floor":17.0,"key":"InkBottle"},{"floor":17.0,"key":"Turnip"},{"floor":23.0,"key":"Thread and Needle"},{"floor":26.0,"key":"Whetstone"},{"floor":27.0,"key":"Frozen Egg 2"},{"floor":30.0,"key":"Centennial Puzzle"},{"floor":42,"key":"Blue Candle"},{"floor":45,"key":"Unceasing Top"},{"floor":48,"key":"MealTicket"},{"floor":54,"key":"Nunchaku"}],"event_choices":[{"damage_healed":0.0,"max_hp_gain":0.0,"max_hp_loss":0.0,"gold_gain":0.0,"event_name":"Scrap Ooze","player_choice":"Fled","floor":8.0,"gold_loss":0.0,"damage_taken":0.0},{"damage_healed":0.0,"max_hp_gain":0.0,"max_hp_loss":0.0,"gold_gain":0.0,"event_name":"Lab","player_choice":"Got Potions","floor":13.0,"gold_loss":0.0,"damage_taken":0.0},{"damage_healed":0.0,"max_hp_gain":0.0,"max_hp_loss":0.0,"gold_gain":0.0,"event_name":"Accursed Blacksmith","player_choice":"Forge","floor":22.0,"gold_loss":0.0,"damage_taken":0.0,"cards_upgraded":["Feel No Pain"]},{"damage_healed":0,"gold_gain":0,"player_choice":"Max HP","damage_taken":0,"max_hp_gain":0,"max_hp_loss":6,"event_name":"Winding Halls","floor":36,"gold_loss":0},{"damage_healed":0,"gold_gain":0,"player_choice":"Memory 1","damage_taken":0,"max_hp_gain":0,"max_hp_loss":0,"event_name":"SensoryStone","floor":38,"gold_loss":0},{"damage_healed":102,"gold_gain":0,"player_choice":"Heal","damage_taken":0,"max_hp_gain":0,"max_hp_loss":15,"event_name":"The Moai Head","floor":39,"gold_loss":0}],"is_beta":false,"boss_relics":[{"not_picked":["Ectoplasm","Cursed Key"],"picked":"Calling Bell"},{"not_picked":["Coffee Dripper","Black Star"],"picked":"Astrolabe"}],"items_purged_floors":[3,10,21,37],"is_endless":false,"potions_floor_spawned":[1,7,12,14,16,20,27,29,33,35,48],"killed_by":"The Heart","ascension_level":10}}