{"host":"y0i0tbisecj7yjyn","time":1613370201,"event":{"mods":["AchievementEnabler","AlwaysNeverKeys","BaseMod","BetterRewards","Colored Map","Colored Powertips","Curses Come First","Disable Question Mark Monsters","Displayed Cursed Tome","Highlight Path","Keyboard Shortcuts","Minty Spire (QoL Compilation)","Quick Restart","Random Character Button","Rare Cards Sparkle","StSLib","SuperFastMode","Transform Curses","Weighted Paths"],"gold_per_floor":[114,79,4,4,23,23,52,52,52,52,86,97,372,391,391,391,391],"floor_reached":16,"language":"ENG","playtime":468,"items_purged":[],"score":119,"play_id":"47943e39-ec57-40d9-aca0-364179c5c347","local_time":"20210215002321","is_ascension_mode":true,"campfire_choices":[{"data":"Caltrops","floor":6,"key":"SMITH"},{"floor":10,"key":"REST"},{"floor":15,"key":"REST"}],"circlet_count":0,"master_deck":["Strike_G","Strike_G","Strike_G","Strike_G","Strike_G","Defend_G","Defend_G","Defend_G","Defend_G","Defend_G","Survivor","Neutralize","Caltrops+1","Prepared","Poisoned Stab","Concentrate+1","Regret","Prepared+1"],"relics":["Ring of the Snake","Tiny Chest","Happy Flower","Toxic Egg 2","Bag of Marbles","Sundial"],"acts_visited":["Exordium"],"potions_floor_usage":[11,16,16],"damage_taken":[{"damage":7,"enemies":"2 Louse","floor":1,"turns":3},{"damage":3,"enemies":"Cultist","floor":5,"turns":4},{"damage":48,"enemies":"Gremlin Nob","floor":7,"turns":5},{"damage":16,"enemies":"3 Sentries","floor":11,"turns":10},{"damage":2,"enemies":"Small Slimes","floor":12,"turns":4},{"damage":1,"enemies":"Looter","floor":14,"turns":3},{"damage":49,"enemies":"Slime Boss","floor":16,"turns":7}],"seed_played":"2255686685382903597","potions_obtained":[{"floor":4,"key":"BlessingOfTheForge"},{"floor":4,"key":"DistilledChaos"},{"floor":4,"key":"Dexterity Potion"},{"floor":11,"key":"FearPotion"},{"floor":12,"key":"LiquidBronze"}],"is_trial":false,"path_per_floor":["M","?","$","?","M","R","E","T","T","R","E","M","?","M","R","B"],"character_chosen":"THE_SILENT","items_purchased":["Caltrops"],"campfire_rested":2,"item_purchase_floors":[3],"current_hp_per_floor":[63,70,70,70,67,67,19,19,19,40,24,22,22,21,42,0,0],"gold":391,"neow_bonus":"RANDOM_COMMON_RELIC","is_daily":false,"chose_seed":false,"campfire_upgraded":1,"win_rate":0.0,"timestamp":1613370201,"path_taken":["M","?","$","?","?","R","E","?","T","R","E","M","?","?","R","BOSS"],"items_purchased_type":["Card"],"build_version":"2020-12-22","purchased_purges":0,"victory":false,"max_hp_per_floor":[70,70,70,70,70,70,70,70,70,70,70,70,70,70,70,70,70],"card_choices":[{"not_picked":["Acrobatics","Slice","Sucker Punch"],"picked":"SKIP","floor":1},{"not_picked":["Flechettes","Flying Knee"],"picked":"Prepared","floor":5},{"not_picked":["Eviscerate","Cloak And Dagger","Accuracy"],"picked":"SKIP","floor":7},{"not_picked":["Dodge and Roll+1","Masterful Stab"],"picked":"Poisoned Stab","floor":11},{"not_picked":["Endless Agony","Acrobatics+1"],"picked":"Concentrate+1","floor":12},{"not_picked":["Underhanded Strike","Accuracy"],"picked":"Prepared+1","floor":14}],"player_experience":464303,"relics_obtained":[{"floor":7,"key":"Happy Flower"},{"floor":8,"key":"Toxic Egg 2"},{"floor":9,"key":"Bag of Marbles"},{"floor":11,"key":"Sundial"}],"event_choices":[{"damage_healed":17,"gold_gain":0,"player_choice":"Healed","damage_taken":0,"max_hp_gain":0,"max_hp_loss":0,"event_name":"The Cleric","floor":2,"gold_loss":35},{"damage_healed":0,"gold_gain":0,"player_choice":"Got Potions","damage_taken":0,"max_hp_gain":0,"max_hp_loss":0,"event_name":"Lab","floor":4,"gold_loss":0},{"damage_healed":0,"gold_gain":275,"player_choice":"Desecrate","damage_taken":0,"max_hp_gain":0,"max_hp_loss":0,"event_name":"Golden Shrine","floor":13,"gold_loss":0,"cards_obtained":["Regret"]}],"is_beta":false,"boss_relics":[],"items_purged_floors":[],"is_endless":false,"potions_floor_spawned":[11,12],"killed_by":"Slime Boss","ascension_level":2}}