{"host":"8e35oykb3je6g7ng","time":1613365214,"event":{"mods":["Act Like it!","Ascension Unlocker","BaseMod","Better Altar","Better Match","Better Note","Better Sensory Stone","Better Third Choice","BetterRewards","Block Reminder","Card Forge","Colored Map","Curses Come First","Dota2Spire","GifTheSpireLib","Jedi Mod","Minty Spire (QoL Compilation)","Permanent Neow","Quick Restart","Spikes Relics","StSLib","Stuff the Spire","The Bladedancer","The Blue Laboratory","Trackpad","UnlockEverythingMod"],"gold_per_floor":[117,129,129,139,157,157,189,189,241,241,252,252,272,298,298,402,402,421,437,447,447,481,481,499,499,522,261,275,308,319,319,319,418,418,431,653,578,590,344,344,360,370,416,416,432,451,451,466,466,466],"floor_reached":51,"language":"ENG","playtime":4998,"items_purged":["blademaster:Strike","blademaster:Strike"],"score":751,"play_id":"a4f2d959-21ad-4a95-888e-57fd9f1c8294","local_time":"20210215000014","is_ascension_mode":true,"campfire_choices":[{"data":"blademaster:IcyWind","floor":6.0,"key":"SMITH"},{"data":"blademaster:WindSlash","floor":8.0,"key":"SMITH"},{"data":"blademaster:RagingBlow","floor":10.0,"key":"SMITH"},{"data":"blademaster:Meditate","floor":15.0,"key":"SMITH"},{"data":"blademaster:Empower","floor":23,"key":"SMITH"},{"data":"blademaster:RagingBlow","floor":25,"key":"SMITH"},{"data":"blademaster:Havoc","floor":32,"key":"SMITH"},{"data":"blademaster:UnrelentingWind","floor":40,"key":"SMITH"},{"data":"blademaster:EnchantedCuirass","floor":49,"key":"SMITH"}],"circlet_count":0,"master_deck":["blademaster:Strike","blademaster:Strike+1","blademaster:Defend","blademaster:Defend","blademaster:Defend","blademaster:Defend","blademaster:RagingBlow+1","blademaster:WindSlash+1","blademaster:RagingBlow+1","blademaster:Flurry","blademaster:Vortex+1","blademaster:Breeze","blademaster:Meditate+1","blademaster:Empower+1","blademaster:AncestralHealing+1","blademaster:BrainBloom+1","blademaster:Stability+1","blademaster:Reversal","StuffTheSpire:BrainWave","blademaster:BladeCross+1","blademaster:EyeOfTheTornado","blademaster:Havoc+1","blademaster:UnrelentingWind+1","blademaster:Frontflip","blademaster:Slice+1","blademaster:IcyWind+1","blademaster:Frontflip+1","blademaster:EnchantedCuirass+1","blademaster:Safeguard+1"],"relics":["blademaster:DancersAmulet","Hammer of Thor","Seething Fire","Anvil of the Gods","StuffTheSpire:OldFever","White Beast Statue","Dota2Spire:LotusOrb","Orichalcum","jedi:paperlyon","Dota2Spire:ShadowBlade","Red Mask","Whetstone","Dota2Spire:EtherealBlade","Blood Vial","CosmicIsotope","Nunchaku","StuffTheSpire:Mouthbags","StuffTheSpire:GreaterSneckoEye"],"acts_visited":["Exordium","TheCity","TheBeyond"],"potions_floor_usage":[16,20,20,22,24,29,41,42,45,45,46,48,50,50],"damage_taken":[{"damage":0.0,"enemies":"2 Louse","floor":1.0,"turns":5.0},{"damage":0.0,"enemies":"Small Slimes","floor":2.0,"turns":3.0},{"damage":0.0,"enemies":"Cultist","floor":4.0,"turns":4.0},{"damage":4.0,"enemies":"Large Slime","floor":5.0,"turns":5.0},{"damage":23.0,"enemies":"Lagavulin","floor":7.0,"turns":6.0},{"damage":6.0,"enemies":"Looter","floor":11.0,"turns":3.0},{"damage":1.0,"enemies":"2 Fungi Beasts","floor":13.0,"turns":2.0},{"damage":6.0,"enemies":"3 Sentries","floor":14.0,"turns":4.0},{"damage":10,"enemies":"Slime Boss","floor":16,"turns":7},{"damage":3,"enemies":"Chosen","floor":18,"turns":2},{"damage":5,"enemies":"Spheric Guardian","floor":19,"turns":3},{"damage":18,"enemies":"Snake Plant","floor":20,"turns":4},{"damage":24,"enemies":"Masked Bandits","floor":22,"turns":4},{"damage":15,"enemies":"Snecko","floor":24,"turns":5},{"damage":3,"enemies":"3 Cultists","floor":28,"turns":3},{"damage":2,"enemies":"Book of Stabbing","floor":29,"turns":3},{"damage":0,"enemies":"Centurion and Healer","floor":30,"turns":4},{"damage":11,"enemies":"Collector","floor":33,"turns":5},{"damage":0,"enemies":"3 Darklings","floor":35,"turns":2},{"damage":0,"enemies":"Orb Walker","floor":38,"turns":1},{"damage":11,"enemies":"Maw","floor":41,"turns":4},{"damage":0,"enemies":"3 Darklings","floor":42,"turns":3},{"damage":10,"enemies":"Writhing Mass","floor":45,"turns":5},{"damage":0,"enemies":"Spire Growth","floor":46,"turns":2},{"damage":8,"enemies":"Maw","floor":48,"turns":3},{"damage":0,"enemies":"Donu and Deca","floor":50,"turns":5}],"seed_played":"1933233539451966469","potions_obtained":[{"floor":1.0,"key":"blueLaboratory:AbyssPotion"},{"floor":5.0,"key":"blueLaboratory:TrueEctoplasm"},{"floor":11.0,"key":"Block Potion"},{"floor":13.0,"key":"AttackPotion"},{"floor":14.0,"key":"blueLaboratory:PyrophylliteBrew"},{"floor":16,"key":"Strength Potion"},{"floor":18,"key":"Dota2Spire:HealingSalve"},{"floor":19,"key":"DistilledChaos"},{"floor":20,"key":"blueLaboratory:ArtificerPotion"},{"floor":22,"key":"Weak Potion"},{"floor":24,"key":"Weak Potion"},{"floor":28,"key":"jedi:tentaclejuice"},{"floor":29,"key":"blueLaboratory:HummingbirdPotion"},{"floor":30,"key":"Dota2Spire:HealingSalve"},{"floor":38,"key":"DistilledChaos"},{"floor":41,"key":"blueLaboratory:HummingbirdPotion"},{"floor":42,"key":"blueLaboratory:HummingbirdPotion"},{"floor":45,"key":"blueLaboratory:RecallPotion"},{"floor":46,"key":"SkillPotion"},{"floor":48,"key":"blueLaboratory:ExaltedPotion"}],"is_trial":false,"path_per_floor":["M","M","?","M","M","R","E","R","T","R","M","?","M","E","R","B",null,"M","M","M","?","?","R","M","R","T","?","M","E","M","?","R","B",null,"M","?","$","M","$","R","M","M","T","?","M","M","?","M","R","B",null],"character_chosen":"THE_BLADEMASTER","items_purchased":["Nunchaku"],"campfire_rested":0,"item_purchase_floors":[39],"current_hp_per_floor":[75,75,80,80,76,76,53,53,53,53,47,47,46,40,40,30,80,77,75,63,63,39,39,30,30,30,30,43,58,68,47,47,52,80,80,80,80,80,80,80,80,80,80,60,68,80,80,75,75,80],"gold":466,"neow_bonus":"RANDOM_COMMON_RELIC","is_daily":false,"chose_seed":false,"campfire_upgraded":9,"win_rate":0.0,"timestamp":1613365214,"path_taken":["M","M","?","M","M","R","E","R","T","R","M","?","M","E","R","BOSS","M","M","M","?","?","R","M","R","T","?","M","E","?","?","R","BOSS","M","?","$","M","$","R","M","M","T","?","M","M","?","M","R","BOSS"],"items_purchased_type":["Relic"],"build_version":"2020-12-22","purchased_purges":2,"victory":true,"max_hp_per_floor":[75,75,80,80,80,80,80,80,80,80,80,80,80,80,80,80,80,80,80,80,80,80,80,80,80,80,80,80,80,80,80,80,80,80,80,80,80,80,80,80,80,80,80,80,80,80,80,80,80,80],"card_choices":[{"not_picked":["blademaster:Reversal","blademaster:Sharpen"],"picked":"blademaster:WindSlash","floor":1.0},{"not_picked":["blademaster:AncestralHealing","blademaster:ParryingStrike"],"picked":"blademaster:IcyWind","floor":2.0},{"not_picked":["blademaster:LightningCrash","blademaster:TraverseCut"],"picked":"blademaster:RagingBlow","floor":4.0},{"not_picked":["blademaster:AwakeningStrike","blademaster:Meditate"],"picked":"blademaster:Flurry","floor":5.0},{"not_picked":["blademaster:Reversal","blademaster:Flurry"],"picked":"blademaster:Vortex","floor":7.0},{"not_picked":["blademaster:Flurry","blademaster:AspectOfWind"],"picked":"blademaster:Breeze","floor":11.0},{"not_picked":["blademaster:Cut","blademaster:DaggerAndCloak","blademaster:DragonStrike"],"picked":"SKIP","floor":13.0},{"not_picked":["blademaster:KiBarrier","blademaster:AwakeningDefend"],"picked":"blademaster:Meditate","floor":14.0},{"not_picked":["blademaster:Flash","blademaster:LightningDraw"],"picked":"blademaster:Empower","floor":16},{"not_picked":["blademaster:ParryingStrike+1","blademaster:Frontflip"],"picked":"blademaster:AncestralHealing+1","floor":18},{"not_picked":["blademaster:SlyStabs","blademaster:RollingTyphoon"],"picked":"blademaster:BrainBloom+1","floor":19},{"not_picked":["blademaster:AspectOfLightning","blademaster:CombatPrep"],"picked":"blademaster:Stability+1","floor":20},{"not_picked":["blademaster:Sharpen","blademaster:FuriousStrike"],"picked":"blademaster:Reversal","floor":22},{"not_picked":["blademaster:LeechingStrike","blademaster:BloodyBlow","blademaster:AspectOfWind+1"],"picked":"SKIP","floor":24},{"not_picked":["blademaster:ParryingStrike","blademaster:DaggerAndCloak"],"picked":"blademaster:BladeCross+1","floor":28},{"not_picked":["blademaster:ParryingStrike","blademaster:AwakeningStrike"],"picked":"blademaster:EyeOfTheTornado","floor":29},{"not_picked":["blademaster:AwakeningStrike","blademaster:Quickness"],"picked":"blademaster:Havoc","floor":30},{"not_picked":["blademaster:StanceMastery","blademaster:Blindside"],"picked":"blademaster:UnrelentingWind","floor":33},{"not_picked":["blademaster:Momentum","blademaster:Hailwind+1","blademaster:BrainBloom+1"],"picked":"SKIP","floor":35},{"not_picked":["blademaster:ThunderSlash+1","blademaster:Gust","blademaster:Cut+1"],"picked":"SKIP","floor":38},{"not_picked":["blademaster:Gust+1","blademaster:AspectOfLightning+1"],"picked":"blademaster:Frontflip","floor":41},{"not_picked":["blademaster:Breeze+1","blademaster:AwakeningDefend"],"picked":"blademaster:Slice+1","floor":42},{"not_picked":["blademaster:Momentum","blademaster:Thrust"],"picked":"blademaster:Frontflip+1","floor":45},{"not_picked":["blademaster:Havoc","blademaster:Stormstrike"],"picked":"blademaster:EnchantedCuirass","floor":46},{"not_picked":["blademaster:Slice+1","blademaster:AspectOfWind"],"picked":"blademaster:Safeguard+1","floor":48}],"player_experience":538460,"relics_obtained":[{"floor":7.0,"key":"White Beast Statue"},{"floor":7.0,"key":"blademaster:FuryEveryTurnPerk"},{"floor":9.0,"key":"Dota2Spire:LotusOrb"},{"floor":14.0,"key":"Orichalcum"},{"floor":14.0,"key":"blademaster:DextrousPerk"},{"floor":21,"key":"Dota2Spire:ShadowBlade"},{"floor":22,"key":"Red Mask"},{"floor":26,"key":"Whetstone"},{"floor":29,"key":"Dota2Spire:EtherealBlade"},{"floor":29,"key":"blademaster:RandomStancePerk"},{"floor":43,"key":"StuffTheSpire:Mouthbags"},{"floor":44,"key":"StuffTheSpire:GreaterSneckoEye"}],"event_choices":[{"damage_healed":0.0,"max_hp_gain":5.0,"max_hp_loss":0.0,"gold_gain":0.0,"event_name":"Big Fish","player_choice":"Donut","floor":3.0,"gold_loss":0.0,"damage_taken":0.0},{"cards_removed":["blademaster:Strike"],"damage_healed":0.0,"max_hp_gain":0.0,"max_hp_loss":0.0,"gold_gain":0.0,"event_name":"betterNote:BetterNote","player_choice":"Give","floor":12.0,"gold_loss":0.0,"damage_taken":0.0,"cards_obtained":["Regret"]},{"damage_healed":0,"gold_gain":0,"player_choice":"Fought Bandits","damage_taken":0,"max_hp_gain":0,"max_hp_loss":0,"event_name":"Masked Bandits","floor":22,"gold_loss":0},{"damage_healed":0,"gold_gain":0,"player_choice":" Vial ","damage_taken":21,"relics_obtained":["Blood Vial"],"max_hp_gain":68,"max_hp_loss":47,"event_name":"betterAltar:BetterAltar","floor":31,"potions_obtained":[],"relics_lost":[],"gold_loss":0},{"damage_healed":0,"gold_gain":222,"player_choice":"Wore Mask","damage_taken":0,"max_hp_gain":0,"max_hp_loss":0,"event_name":"Tomb of Lord Red Mask","floor":36,"gold_loss":0},{"cards_removed":["blademaster:HighVoltage"],"damage_healed":0,"gold_gain":0,"player_choice":"Removed Skill","damage_taken":0,"max_hp_gain":0,"max_hp_loss":0,"event_name":"Falling","floor":47,"gold_loss":0}],"is_beta":false,"boss_relics":[{"not_picked":["StuffTheSpire:RunicConfusion","Snecko Eye"],"picked":"jedi:paperlyon"},{"not_picked":["Black Star","Cursed Key"],"picked":"CosmicIsotope"}],"items_purged_floors":[37,39],"is_endless":false,"potions_floor_spawned":[1,5,11,13,14,16,18,19,20,22,24,28,29,30,33,35,38,41,42,45,46,48],"ascension_level":2}}