{"host":"ftf7rwqr5w72pdsx","time":1613433533,"event":{"mods":["BaseMod","Bestiary","Minty Spire (QoL Compilation)","Relic Stats","Slay the Relics Exporter"],"gold_per_floor":[113,288,298,316,47,78,78,78,78],"floor_reached":8,"language":"ENG","playtime":436,"items_purged":["Doubt"],"score":70,"play_id":"3a0c8495-3350-4f4f-8cd0-91c009d6b003","local_time":"20210215175853","is_ascension_mode":true,"campfire_choices":[{"floor":7,"key":"REST"}],"circlet_count":0,"master_deck":["Strike_P","Strike_P","Strike_P","Strike_P","Defend_P","Defend_P","Defend_P","Defend_P","Eruption","Vigilance","Halt","EmptyMind","Indignation","MentalFortress","InnerPeace"],"relics":["SacredBark","Frozen Eye","Bag of Marbles"],"acts_visited":["Exordium"],"potions_floor_usage":[],"damage_taken":[{"damage":5,"enemies":"2 Louse","floor":1,"turns":4},{"damage":0,"enemies":"Cultist","floor":3,"turns":3},{"damage":0,"enemies":"Small Slimes","floor":4,"turns":4},{"damage":60,"enemies":"3 Sentries","floor":6,"turns":12},{"damage":31,"enemies":"Gremlin Nob","floor":8,"turns":4}],"seed_played":"-1125592913030021009","potions_obtained":[{"floor":6,"key":"Dexterity Potion"}],"is_trial":false,"path_per_floor":["M","?","M","M","$","E","R","E"],"character_chosen":"WATCHER","items_purchased":["MentalFortress","Frozen Eye"],"campfire_rested":1,"item_purchase_floors":[5,5],"current_hp_per_floor":[67,67,67,67,67,7,28,0,0],"gold":78,"neow_bonus":"BOSS_RELIC","is_daily":false,"chose_seed":false,"campfire_upgraded":0,"win_rate":0.0,"timestamp":1613433533,"path_taken":["M","?","M","M","$","E","R","E"],"items_purchased_type":["Card","Relic"],"build_version":"2020-12-22","purchased_purges":1,"victory":false,"max_hp_per_floor":[72,72,72,72,72,72,72,72,72],"relic_stats":{"counters":[5,27],"obtain_stats":[{"Frozen Eye":5,"SacredBark":0,"Bag of Marbles":6,"PureWater":0},{"Frozen Eye":3,"SacredBark":0,"Bag of Marbles":4,"PureWater":0},{"Frozen Eye":11,"SacredBark":0,"Bag of Marbles":23,"PureWater":0}]},"card_choices":[{"not_picked":["Prostrate","Study"],"picked":"Halt","floor":1},{"not_picked":["Crescendo","Prostrate"],"picked":"EmptyMind","floor":3},{"not_picked":["FollowUp","FlurryOfBlows"],"picked":"Indignation","floor":4},{"not_picked":["Judgement","FollowUp"],"picked":"InnerPeace","floor":6}],"player_experience":818058,"relics_obtained":[{"floor":6,"key":"Bag of Marbles"}],"event_choices":[{"damage_healed":0,"gold_gain":175,"player_choice":"AGREE","damage_taken":0,"max_hp_gain":0,"max_hp_loss":0,"event_name":"Liars Game","floor":2,"gold_loss":0,"cards_obtained":["Doubt"]}],"is_beta":false,"boss_relics":[],"items_purged_floors":[5],"is_endless":false,"potions_floor_spawned":[6],"killed_by":"Gremlin Nob","ascension_level":5}}