{"host":"3e3mwsgb9gfqiuxm","time":1613421668,"event":{"mods":["Act Like it!","BaseMod","Colored Map","Colored Powertips","Downfall","Gensokyo","Googly Eyes","Hermit","Hubris","Infinite Spire","Jorbs\u0027s Wanderer Trilogy","Koishi","Marisa????????","Minty Spire (QoL Compilation)","Quick Restart","Rare Cards Sparkle","Reimu??????","Remilia??????","Replay The Spire","Shop Mod","StSLib","SuperFastMode","Td1madao Mod","The Animator","The Bug Knight","The Cursed","The Hierophant","The Servant 0.9.4","everything is the same but u backflip on backflip","slay the spire mod where everything is the same but ironclad has a cowboy hat"],"gold_per_floor":[99,112,112,112,1,15,87,191,191,234,28,101,1,54,105,445,445,445,499,511,817,880,1038,1050,1176,1188,1279,1465,1023,0,0,18,18,18],"floor_reached":33,"language":"ENG","playtime":3931,"items_purged":["Strike_MRS","Strike_MRS","AlicesGift+1"],"score":647,"play_id":"f541f2e5-d293-4114-afb8-25fdcb5a63bc","local_time":"20210215154108","is_ascension_mode":true,"campfire_choices":[{"data":"MasterSpark","floor":1.0,"key":"SMITH"},{"data":"hubris:Rewind","floor":9.0,"key":"SMITH"},{"data":"Robbery","floor":13.0,"key":"SMITH"},{"floor":18.0,"key":"DIG"},{"data":"1","floor":30,"key":"LIFT"}],"circlet_count":0,"master_deck":["Defend_MRS+1","Defend_MRS+1","GalacticHalo+1","hubris:Rewind+1","WitchOfGreed+1","OortCloud+1","MagicAbsorber+1","SprinkleStarSeal+1","Parasite","Parasite","TreasureHunter+1","ChargingUp+1","WitchOfGreed+1","AsteroidBelt+1","Gensokyo:BlessingOfFortitude+1","FinalSpark+1","Gensokyo:MarisaTwilightSpark+1","UltimateShortwave+1","GalacticHalo+1","hubris:DuctTapeCard","MagicChant+1","Acceleration+1","ManaConvection+1"],"relics":["MiniHakkero","NeowsBlessing","hubris:Towel","Blue Doll","Membership Card","Replay:PocketPolymizer","ShroomBag","downfall:HeartBlessingGreen","HandmadeGrimoire","MawBank","Black Star","YidongShenshe:ReiMu","hubris:ToyBattleship","Gensokyo:EmptyGrave","Gensokyo:Mercy","Strawberry","Gensokyo:SongOfSouls","Gensokyo:RedStar","Replay:Multitool","Blood Vial","Gensokyo:YoukaiFlower","TungstenRod","FossilizedHelix","Girya","hubris:BottledRain","Gensokyo:ConquerorOfFear","Gensokyo:FoxMask","Gensokyo:MarisaPhilosophersStone","Toy Ornithopter","Ice Cream","hubris:Metronome","Bag of Preparation","hubris:DisguiseKit","Bag of Marbles","Mercury Hourglass","Gensokyo:Bombinomicon","Gensokyo:PortableGap","MerchantsRug","Replay:Kaleidoscope","Replay:WaspNest","PrismaticShard"],"acts_visited":["Gensokyo:Gensokyo","Gensokyo:Gensokyoer"],"potions_floor_usage":[21,23,25,25],"damage_taken":[{"damage":0.0,"enemies":"Gensokyo:3_Fairies","floor":2.0,"turns":1.0},{"damage":0.0,"enemies":"Gensokyo:Python","floor":6.0,"turns":2.0},{"damage":0.0,"enemies":"downfall:FleeingMerchant","floor":8.0,"turns":4.0},{"damage":10.0,"enemies":"Gensokyo:2_Kodama","floor":10.0,"turns":5.0},{"damage":17.0,"enemies":"Gensokyo:Cirno","floor":12.0,"turns":11.0},{"damage":0.0,"enemies":"Gensokyo:LivingMonolith","floor":14.0,"turns":4.0},{"damage":11.0,"enemies":"Gensokyo:Gryphon_and_Rabbit","floor":15.0,"turns":7.0},{"damage":16.0,"enemies":"IC_STATUS_ARCHETYPE","floor":16.0,"turns":12.0},{"damage":1.0,"enemies":"Gensokyo:CosmicMonolith","floor":19.0,"turns":7.0},{"damage":1.0,"enemies":"Gensokyo:AngelMirror","floor":21.0,"turns":9.0},{"damage":62,"enemies":"Gensokyo:AngelMirror","floor":21,"turns":11},{"damage":19,"enemies":"Gensokyo:AngelMirror","floor":21,"turns":8},{"damage":17,"enemies":"Gensokyo:AngelMirror","floor":21,"turns":12},{"damage":0,"enemies":"Gensokyo:AngelMirror","floor":22,"turns":4},{"damage":0,"enemies":"Gensokyo:Slime_Group","floor":23,"turns":5},{"damage":0,"enemies":"Nightmare","floor":25,"turns":6},{"damage":0,"enemies":"Gensokyo:Reisen","floor":27,"turns":5},{"damage":0,"enemies":"Gensokyo:Wraith","floor":28,"turns":6},{"damage":0,"enemies":"Gensokyo:Monolith_and_Dog","floor":32,"turns":2},{"damage":0,"enemies":"SI_MIRROR_ARCHETYPE","floor":33,"turns":1}],"seed_played":"9102640281527847949","potions_obtained":[{"floor":8.0,"key":"Reflective Coating"},{"floor":10.0,"key":"Block Potion"},{"floor":10.0,"key":"Fire Potion"},{"floor":12.0,"key":"BlessingOfTheForge"},{"floor":14.0,"key":"ColorlessPotion"},{"floor":15.0,"key":"champ:CounterPotion"},{"floor":16.0,"key":"Adrenaline Potion"},{"floor":21,"key":"champ:CounterPotion"},{"floor":21,"key":"SpeedPotion"},{"floor":21,"key":"DistilledChaos"},{"floor":21,"key":"Reflective Coating"},{"floor":21,"key":"LiquidMemories"},{"floor":21,"key":"Adrenaline Potion"},{"floor":23,"key":"Doom Potion"},{"floor":25,"key":"Explosive Potion"},{"floor":25,"key":"ShroomBrew"},{"floor":25,"key":"PowerPotion"}],"is_trial":false,"path_per_floor":["R","M","?","?","COS","M","T","$","R","M","$","E","R","M","M","B",null,"R_BF","M","?","M","M","M","T","NM","T","E","M","$","R","?","M","B"],"character_chosen":"MARISA","items_purchased":["Blue Doll","Membership Card","MerchantsRug","Replay:Kaleidoscope","MagicChant","Replay:WaspNest","PrismaticShard","Acceleration"],"campfire_rested":0,"item_purchase_floors":[8,11,29,29,29,29,29,29],"current_hp_per_floor":[68,68,68,51,51,51,51,54,54,47,47,33,36,40,33,25,72,75,81,81,33,39,50,86,86,86,86,83,80,77,77,77,39,39],"gold":18,"neow_bonus":"THREE_ENEMY_KILL","is_daily":false,"chose_seed":false,"campfire_upgraded":3,"win_rate":0.0,"timestamp":1613421668,"path_taken":["R","M","?","?","COS","M","T","?","R","?","$","E","R","M","M","BOSS","R_BF","M","?","M","M","M","T","NM","?","E","M","$","R","?","M","BOSS"],"items_purchased_type":["Relic","Relic","Relic","Relic","Card","Relic","Relic","Card"],"build_version":"2020-12-22","purchased_purges":3,"victory":false,"max_hp_per_floor":[75,75,75,75,75,75,75,78,78,81,81,84,87,87,87,87,87,90,93,93,86,86,86,86,86,86,86,83,80,77,77,77,39,39],"card_choices":[{"not_picked":["ChargeUpSpray","SporeBomb"],"picked":"GalacticHalo","floor":2.0},{"not_picked":["ReplayTheSpireMod:Black Plague","ReplayTheSpireMod:Chaos Vortex"],"picked":"hubris:Rewind","floor":4.0},{"not_picked":["ShootingEcho+1","AsteroidBelt+1"],"picked":"WitchOfGreed+1","floor":6.0},{"not_picked":["WitchLeyline","DC"],"picked":"Robbery","floor":6.0},{"not_picked":["UnstableBomb","WitchLeyline"],"picked":"OortCloud","floor":8.0},{"not_picked":["ShootTheMoon","Orbital"],"picked":"MagicAbsorber","floor":10.0},{"not_picked":["BigCrunch","LuminesStrike","DC"],"picked":"SKIP","floor":12.0},{"not_picked":["SuperPerseids","UnstableBomb","OneTimeOff"],"picked":"SKIP","floor":14.0},{"not_picked":["IllusionStar","WitchLeyline","NonDirectionalLaser"],"picked":"SKIP","floor":15.0},{"not_picked":["NonDirectionalLaser","GalacticHalo"],"picked":"SprinkleStarSeal","floor":19.0},{"not_picked":["GravityBeat","NonDirectionalLaser","PowerUp"],"picked":"SKIP","floor":21},{"not_picked":["GravityBeat","NonDirectionalLaser"],"picked":"PowerUp","floor":21},{"not_picked":["MilkyWay","FinalSpark"],"picked":"ChargingUp","floor":21},{"not_picked":["ManaConvection","MilkyWay+1"],"picked":"WitchOfGreed","floor":21},{"not_picked":["PowerUp+1","UnstableBomb+1"],"picked":"UltimateShortwave","floor":21},{"not_picked":["OrrerysSun","OneTimeOff","EarthLightRay"],"picked":"SKIP","floor":22},{"not_picked":["DarkMatter","WitchLeyline+1","MilkyWay+1"],"picked":"SKIP","floor":23},{"not_picked":["GasGiant","PropBag"],"picked":"GalacticHalo+1","floor":25},{"not_picked":["GravityBeat","StarBarrage+1","DarkMatter","Deny"],"picked":"SKIP","floor":27},{"not_picked":["AlicesGift","DarkMatter","ShootingEcho+1","Replace"],"picked":"SKIP","floor":28},{"not_picked":["Comet+1","champ:Shatter","hexamod:CatchUp","Shuttle"],"picked":"SKIP","floor":32}],"player_experience":1405376,"relics_obtained":[{"floor":7.0,"key":"Replay:Ringing Soul"},{"floor":12.0,"key":"ShroomBag"},{"floor":18.0,"key":"MawBank"},{"floor":21,"key":"FossilizedHelix"},{"floor":21,"key":"Girya"},{"floor":21,"key":"hubris:BottledRain"},{"floor":21,"key":"Gensokyo:MarisaPhilosophersStone"},{"floor":21,"key":"Toy Ornithopter"},{"floor":21,"key":"Gensokyo:ConquerorOfFear"},{"floor":24,"key":"Ice Cream"},{"floor":25,"key":"hubris:Metronome"},{"floor":25,"key":"Bag of Preparation"},{"floor":25,"key":"hubris:DisguiseKit"},{"floor":26,"key":"hubris:DuctTape"},{"floor":27,"key":"Bag of Marbles"},{"floor":27,"key":"Mercury Hourglass"}],"event_choices":[{"damage_healed":0,"gold_gain":0,"player_choice":"Take Tiny Shrine away","damage_taken":0,"relics_obtained":["YidongShenshe:ReiMu"],"max_hp_gain":0,"max_hp_loss":0,"event_name":"yidonshenshe","floor":21,"gold_loss":0,"cards_obtained":["Poor:ReiMu"]},{"cards_removed":["Poor:ReiMu","Parasite","Parasite"],"damage_healed":0,"gold_gain":0,"player_choice":"Removed Curses","damage_taken":0,"max_hp_gain":0,"max_hp_loss":0,"event_name":"Fountain of Cleansing","floor":21,"gold_loss":0},{"damage_healed":0,"gold_gain":0,"player_choice":"Simplicity","damage_taken":0,"max_hp_gain":0,"max_hp_loss":0,"event_name":"Back to Basics","floor":21,"gold_loss":0,"cards_upgraded":["Defend_MRS","Defend_MRS","Defend_MRS","Defend_MRS"]}],"is_beta":false,"boss_relics":[{"not_picked":["Snecko Eye","hubris:CrackedHourglass"],"picked":"hubris:VirtuousBlindfold"}],"items_purged_floors":[8,11,29],"is_endless":false,"potions_floor_spawned":[10,12,14,21,21,22,25,27],"killed_by":"SI_MIRROR_ARCHETYPE","ascension_level":8}}