{"host":"1mv6gj0zv8k9e9tz","time":1613399609,"event":{"mods":["AchievementEnabler","BaseMod","Better Third Choice","Colored Map","DeckTracker","Highlight Path","KOR Keyword Fix","Keyboard Shortcuts","Minty Spire (QoL Compilation)","Permanent Neow","Quick Restart","Rare Cards Sparkle","StSLib","SuperFastMode","everything is the same but u backflip on backflip"],"gold_per_floor":[115,127,52,52,127,159,159,59,59,89,108,108,122,136,136,136,136],"floor_reached":16,"language":"KOR","playtime":260,"items_purged":["Strike_B","Strike_B"],"score":263,"play_id":"269582fa-0036-407e-b48b-082d958d8429","local_time":"20210215233329","is_ascension_mode":true,"campfire_choices":[{"data":"Hyperbeam","floor":7.0,"key":"SMITH"},{"data":"FTL","floor":12.0,"key":"SMITH"},{"data":"Go for the Eyes","floor":15,"key":"SMITH"}],"circlet_count":0,"master_deck":["AscendersBane","Strike_B","Strike_B","Defend_B","Defend_B","Defend_B","Zap","Dualcast","Hyperbeam+1","Go for the Eyes+1","FTL+1","Rebound","Steam","Hologram","Self Repair"],"relics":["Cracked Core","HornCleat","Shuriken","Akabeko"],"acts_visited":["Exordium"],"potions_floor_usage":[16],"damage_taken":[{"damage":0.0,"enemies":"Small Slimes","floor":1.0,"turns":2.0},{"damage":7.0,"enemies":"Jaw Worm","floor":2.0,"turns":3.0},{"damage":2.0,"enemies":"Gremlin Nob","floor":6.0,"turns":3.0},{"damage":0.0,"enemies":"3 Sentries","floor":10.0,"turns":2.0},{"damage":0.0,"enemies":"2 Louse","floor":11.0,"turns":2.0},{"damage":23,"enemies":"Gremlin Gang","floor":13,"turns":2},{"damage":0,"enemies":"Large Slime","floor":14,"turns":3},{"damage":16,"enemies":"The Guardian","floor":16,"turns":4}],"seed_played":"-6812047926785973158","potions_obtained":[{"floor":2.0,"key":"AttackPotion"},{"floor":6.0,"key":"Energy Potion"},{"floor":14,"key":"SteroidPotion"}],"is_trial":false,"path_per_floor":["M","M","$","?","?","E","R","$","T","E","M","R","M","M","R","B"],"character_chosen":"DEFECT","items_purchased":[],"campfire_rested":0,"item_purchase_floors":[],"current_hp_per_floor":[64,57,57,50,39,37,37,37,37,37,37,37,14,14,14,0,0],"gold":136,"neow_bonus":"THREE_RARE_CARDS","is_daily":false,"chose_seed":false,"campfire_upgraded":3,"win_rate":0.0,"timestamp":1613399609,"path_taken":["M","M","$","?","?","E","R","$","T","E","M","R","M","M","R","BOSS"],"items_purchased_type":[],"build_version":"2020-12-22","purchased_purges":2,"victory":false,"max_hp_per_floor":[64,64,64,64,64,64,64,64,64,64,64,64,64,64,64,64,64],"card_choices":[{"not_picked":["Echo Form","Multi-Cast"],"picked":"Hyperbeam","floor":0.0},{"not_picked":["Redo","Coolheaded"],"picked":"Go for the Eyes","floor":1.0},{"not_picked":["Fusion","Storm"],"picked":"FTL","floor":2.0},{"not_picked":["Ball Lightning","Compile Driver"],"picked":"Rebound","floor":6.0},{"not_picked":["Chill","Glacier"],"picked":"Steam","floor":10.0},{"not_picked":["Storm","Hello World","Chaos"],"picked":"SKIP","floor":11.0},{"not_picked":["Conserve Battery","Redo"],"picked":"Hologram","floor":13},{"not_picked":["Leap","Fission"],"picked":"Self Repair","floor":14}],"player_experience":651116,"relics_obtained":[{"floor":6.0,"key":"HornCleat"},{"floor":9.0,"key":"Shuriken"},{"floor":10.0,"key":"Akabeko"}],"event_choices":[{"cards_removed":["Defend_B"],"damage_healed":0.0,"max_hp_gain":0.0,"max_hp_loss":0.0,"gold_gain":0.0,"event_name":"Golden Wing","player_choice":"Card Removal","floor":4.0,"gold_loss":0.0,"damage_taken":7.0},{"damage_healed":0.0,"max_hp_gain":0.0,"max_hp_loss":0.0,"gold_gain":75.0,"event_name":"betterThird:BetterGoop","player_choice":"Gold","floor":5.0,"gold_loss":0.0,"damage_taken":11.0}],"is_beta":false,"boss_relics":[],"items_purged_floors":[3,8],"is_endless":false,"potions_floor_spawned":[2,6,14],"killed_by":"The Guardian","ascension_level":19}}