{"host":"yqw1zpryoutrnocq","time":1613422750,"event":{"mods":["2.2 Compatiblity","AchievementEnabler","BaseMod","Colored Map","Custom Start","DeckTracker","Minty Spire (QoL Compilation)","StSLib","SuperFastMode"],"gold_per_floor":[119,119,44,59,9,9,36,55,82,82,82,112,127,141,141,236,236,256,256,271,125,125,141,172,172,172,172,186,186,201,233,233,336,336,351,351,1350,773,784,809,823,823,823,823,837,221,236,255,255,255,255,255,26,55,55,55],"floor_reached":55,"language":"KOR","playtime":1963,"items_purged":["Strike_B","Normality","Normality"],"score":1169,"play_id":"3d5aebda-d227-4474-8db1-b3a40994cf63","local_time":"20210215145910","is_ascension_mode":true,"campfire_choices":[{"data":"Zap","floor":6.0,"key":"SMITH"},{"data":"Blizzard","floor":15.0,"key":"SMITH"},{"data":"Coolheaded","floor":25.0,"key":"SMITH"},{"data":"Genetic Algorithm","floor":27.0,"key":"SMITH"},{"floor":29.0,"key":"REST"},{"floor":32.0,"key":"REST"},{"floor":42,"key":"REST"},{"floor":49,"key":"RECALL"},{"data":"Defragment","floor":52,"key":"SMITH"}],"circlet_count":0,"master_deck":["Strike_B","Defend_B","Defend_B","Defend_B+1","Defend_B","Zap+1","Dualcast","Glacier","Sunder","BootSequence+1","Hologram","Blizzard+1","Coolheaded+1","Seek","Core Surge","CurseOfTheBell","Go for the Eyes+1","Chill","Genetic Algorithm+1","Chaos","Chill+1","Coolheaded","Blizzard","Hologram+1","Defragment+1","Chill","Rainbow","Redo","Conserve Battery+1","Capacitor+1","Defragment+1","Darkness+1","Parasite","Stack+1","Capacitor","Glacier+1"],"relics":["FrozenCore","NeowsBlessing","Bag of Preparation","Boot","Toy Ornithopter","Orichalcum","Calling Bell","Akabeko","Question Card","Pocketwatch","Orrery","StrikeDummy","Sundial","Bag of Marbles","White Beast Statue","Strange Spoon","PreservedInsect","Nunchaku","Anchor","Toolbox","Mummified Hand","OrangePellets","Pen Nib"],"acts_visited":["Exordium","TheCity","TheBeyond","TheEnding"],"potions_floor_usage":[40,40,40,45,50,55,55,55],"damage_taken":[{"damage":0.0,"enemies":"Jaw Worm","floor":1.0,"turns":1.0},{"damage":0.0,"enemies":"Cultist","floor":4.0,"turns":1.0},{"damage":0.0,"enemies":"Gremlin Nob","floor":7.0,"turns":1.0},{"damage":0.0,"enemies":"2 Louse","floor":8.0,"turns":2.0},{"damage":14.0,"enemies":"Lagavulin","floor":12.0,"turns":7.0},{"damage":6.0,"enemies":"Large Slime","floor":13.0,"turns":4.0},{"damage":0.0,"enemies":"2 Fungi Beasts","floor":14.0,"turns":4.0},{"damage":33.0,"enemies":"Hexaghost","floor":16.0,"turns":15.0},{"damage":4.0,"enemies":"Shell Parasite","floor":18.0,"turns":7.0},{"damage":0.0,"enemies":"2 Thieves","floor":20.0,"turns":3.0},{"damage":8.0,"enemies":"Snake Plant","floor":23.0,"turns":6.0},{"damage":47.0,"enemies":"Gremlin Leader","floor":24.0,"turns":9.0},{"damage":8.0,"enemies":"Cultist and Chosen","floor":28.0,"turns":6.0},{"damage":0.0,"enemies":"3 Cultists","floor":30.0,"turns":2.0},{"damage":10.0,"enemies":"Book of Stabbing","floor":31.0,"turns":8.0},{"damage":21.0,"enemies":"Automaton","floor":33.0,"turns":9.0},{"damage":0.0,"enemies":"Orb Walker","floor":35.0,"turns":5.0},{"damage":0,"enemies":"3 Shapes","floor":39,"turns":5},{"damage":50,"enemies":"Giant Head","floor":40,"turns":12},{"damage":12,"enemies":"Writhing Mass","floor":41,"turns":9},{"damage":11,"enemies":"Transient","floor":45,"turns":5},{"damage":0,"enemies":"Maw","floor":47,"turns":9},{"damage":4,"enemies":"Writhing Mass","floor":48,"turns":9},{"damage":0,"enemies":"Awakened One","floor":50,"turns":16},{"damage":14,"enemies":"Shield and Spear","floor":54,"turns":9},{"damage":71,"enemies":"The Heart","floor":55,"turns":11}],"seed_played":"-4128173430980990583","potions_obtained":[{"floor":1.0,"key":"DuplicationPotion"},{"floor":8.0,"key":"PotionOfCapacity"},{"floor":12.0,"key":"Weak Potion"},{"floor":14.0,"key":"ColorlessPotion"},{"floor":18.0,"key":"AttackPotion"},{"floor":28.0,"key":"DuplicationPotion"},{"floor":30.0,"key":"PowerPotion"},{"floor":33.0,"key":"Weak Potion"},{"floor":35.0,"key":"SpeedPotion"},{"floor":39,"key":"Weak Potion"},{"floor":40,"key":"SteroidPotion"},{"floor":41,"key":"LiquidBronze"},{"floor":45,"key":"FocusPotion"},{"floor":54,"key":"Fire Potion"}],"is_trial":false,"path_per_floor":["M","?","$","M","?","R","E","M","T","?","?","E","M","M","R","B",null,"M","?","M","$","?","M","E","R","T","R","M","R","M","E","R","B",null,"M","?","?","$","M","E","M","R","T","?","M","$","M","M","R","B",null,"R","$","E","B"],"character_chosen":"DEFECT","items_purchased":["Orrery","Strange Spoon","PreservedInsect","Redo","Nunchaku","Defragment","Toolbox","Mummified Hand","Block Potion","OrangePellets","Capacitor"],"campfire_rested":3,"item_purchase_floors":[21,38,38,38,38,46,46,46,46,53,53],"current_hp_per_floor":[68,68,68,68,68,68,68,68,68,53,50,41,35,35,35,7,58,54,54,59,59,59,51,4,4,4,4,1,23,23,18,40,24,62,62,62,62,62,62,27,15,37,37,37,31,31,31,27,27,32,64,64,64,50,0,0],"gold":55,"neow_bonus":"THREE_ENEMY_KILL","is_daily":false,"chose_seed":false,"campfire_upgraded":5,"win_rate":0.0,"timestamp":1613422750,"path_taken":["M","?","?","M","?","R","E","M","T","?","?","E","M","M","R","BOSS","M","?","M","$","?","?","E","R","T","R","?","R","M","E","R","BOSS","M","?","?","$","M","E","M","R","T","?","M","$","M","M","R","BOSS","R","$","E","BOSS"],"items_purchased_type":["Relic","Relic","Relic","Card","Relic","Card","Relic","Relic","Potion","Relic","Card"],"build_version":"2020-12-22","purchased_purges":3,"victory":false,"max_hp_per_floor":[75,75,75,75,75,75,75,75,75,75,75,75,75,75,75,75,75,75,75,75,75,75,75,75,75,75,75,75,75,75,75,75,75,75,75,75,75,75,75,75,75,75,75,75,75,75,75,75,75,75,75,75,75,75,75,75],"card_choices":[{"not_picked":["Conserve Battery","Melter"],"picked":"Glacier","floor":1.0},{"not_picked":["Double Energy","Barrage"],"picked":"Sunder","floor":4.0},{"not_picked":["Tempest","Steam"],"picked":"BootSequence","floor":7.0},{"not_picked":["Steam","Streamline"],"picked":"Hologram","floor":8.0},{"not_picked":["Beam Cell","Go for the Eyes"],"picked":"Blizzard","floor":12.0},{"not_picked":["Stack","BootSequence"],"picked":"Coolheaded","floor":13.0},{"not_picked":["Doom and Gloom","Chaos"],"picked":"Seek","floor":14.0},{"not_picked":["Machine Learning","Hyperbeam"],"picked":"Core Surge","floor":16.0},{"not_picked":["Force Field","Gash","Streamline"],"picked":"Go for the Eyes+1","floor":18.0},{"not_picked":["Cold Snap","Beam Cell","Storm"],"picked":"Chill","floor":20.0},{"not_picked":["All For One","Force Field+1","Scrape"],"picked":"Coolheaded","floor":21.0},{"not_picked":["Thunder Strike","Fusion+1","Barrage+1"],"picked":"Genetic Algorithm","floor":21.0},{"not_picked":["BootSequence+1","Hologram","Steam"],"picked":"Chaos","floor":21.0},{"not_picked":["Heatsinks","Biased Cognition","Sweeping Beam"],"picked":"Chill+1","floor":21.0},{"not_picked":["Fusion","Barrage","Gash"],"picked":"Coolheaded","floor":21.0},{"not_picked":["Stack","Static Discharge","Scrape","Cold Snap"],"picked":"SKIP","floor":23.0},{"not_picked":["Stack","Coolheaded+1","BootSequence"],"picked":"Blizzard","floor":24.0},{"not_picked":["Stack","Rip and Tear+1","Storm"],"picked":"Hologram+1","floor":28.0},{"not_picked":["Cold Snap","Barrage","Echo Form"],"picked":"Defragment+1","floor":30.0},{"not_picked":["Stack","FTL","Coolheaded"],"picked":"Chill","floor":31.0},{"not_picked":["Core Surge","Seek","Reboot"],"picked":"Rainbow","floor":33.0},{"not_picked":["Ball Lightning","Coolheaded","Melter+1","Go for the Eyes"],"picked":"SKIP","floor":35.0},{"not_picked":["Sweeping Beam+1","BootSequence+1","Steam"],"picked":"Conserve Battery+1","floor":39},{"not_picked":["Fusion+1","Cold Snap","Redo"],"picked":"Capacitor+1","floor":40},{"not_picked":["Gash","Scrape+1","Auto Shields","Blizzard"],"picked":"SKIP","floor":41},{"not_picked":["Beam Cell","Gash+1","Chill","Hologram"],"picked":"SKIP","floor":45},{"not_picked":["Buffer","Compile Driver+1","Redo+1"],"picked":"Darkness+1","floor":47},{"not_picked":["FTL","Rebound+1","Compile Driver+1"],"picked":"Stack+1","floor":48},{"not_picked":["Force Field+1","Double Energy","Redo+1"],"picked":"Glacier+1","floor":54}],"player_experience":338835,"relics_obtained":[{"floor":7.0,"key":"Bag of Preparation"},{"floor":9.0,"key":"Boot"},{"floor":12.0,"key":"Orichalcum"},{"floor":17.0,"key":"Akabeko"},{"floor":17.0,"key":"Question Card"},{"floor":17.0,"key":"Pocketwatch"},{"floor":24.0,"key":"Sundial"},{"floor":26.0,"key":"Bag of Marbles"},{"floor":31.0,"key":"White Beast Statue"},{"floor":40,"key":"Anchor"},{"floor":54,"key":"Pen Nib"}],"event_choices":[{"cards_removed":["Strike_B"],"damage_healed":0.0,"max_hp_gain":0.0,"max_hp_loss":0.0,"gold_gain":0.0,"event_name":"Purifier","player_choice":"Purged","floor":2.0,"gold_loss":0.0,"damage_taken":0.0},{"cards_removed":["Strike_B"],"damage_healed":0.0,"max_hp_gain":0.0,"max_hp_loss":0.0,"gold_gain":0.0,"event_name":"The Cleric","player_choice":"Card Removal","floor":5.0,"gold_loss":50.0,"damage_taken":0.0},{"damage_healed":0.0,"max_hp_gain":0.0,"max_hp_loss":0.0,"gold_gain":0.0,"event_name":"Shining Light","player_choice":"Entered Light","floor":10.0,"gold_loss":0.0,"damage_taken":15.0,"cards_upgraded":["BootSequence","Defend_B"]},{"damage_healed":0.0,"max_hp_gain":0.0,"max_hp_loss":0.0,"gold_gain":0.0,"event_name":"Scrap Ooze","player_choice":"Success","floor":11.0,"gold_loss":0.0,"damage_taken":3.0,"relics_obtained":["Toy Ornithopter"]},{"damage_healed":0.0,"max_hp_gain":0.0,"max_hp_loss":0.0,"gold_gain":0.0,"event_name":"Vampires","player_choice":"Ignored","floor":19.0,"gold_loss":0.0,"damage_taken":0.0},{"damage_healed":0.0,"max_hp_gain":0.0,"max_hp_loss":0.0,"gold_gain":0.0,"event_name":"WeMeetAgain","player_choice":"Gave Potion","floor":22.0,"gold_loss":0.0,"damage_taken":0.0,"relics_obtained":["StrikeDummy"]},{"damage_healed":0,"gold_gain":0,"player_choice":"Ignored","damage_taken":0,"max_hp_gain":0,"max_hp_loss":0,"event_name":"Tomb of Lord Red Mask","floor":36,"gold_loss":0},{"damage_healed":0,"gold_gain":999,"player_choice":"Gold","damage_taken":0,"max_hp_gain":0,"max_hp_loss":0,"event_name":"MindBloom","floor":37,"gold_loss":0,"cards_obtained":["Normality","Normality"]},{"cards_removed":["Coolheaded"],"damage_healed":0,"gold_gain":0,"player_choice":"Removed Skill","damage_taken":0,"max_hp_gain":0,"max_hp_loss":0,"event_name":"Falling","floor":44,"gold_loss":0}],"is_beta":false,"boss_relics":[{"not_picked":["Philosopher\u0027s Stone","Coffee Dripper"],"picked":"Calling Bell"},{"not_picked":["Nuclear Battery","Busted Crown"],"picked":"FrozenCore"}],"items_purged_floors":[3,38,46],"is_endless":false,"potions_floor_spawned":[1,8,12,14,18,28,30,33,35,39,40,41,45,47,48,54],"killed_by":"The Heart","ascension_level":9}}