{"host":"o3b7ow6d1xe49css","time":1613350979,"event":{"mods":["Act Like it!","Aspiration","BaseMod","Bestiary","Better Altar","Better Match","Better Note","Better Sensory Stone","Better Skull","Better Third Choice","Colored Powertips","Conspire","Energized Spire","Force Act Four","GifTheSpireLib","Halation","Hermit","Hubris","Infinite Spire","Lobotomy","Minty Spire (QoL Compilation)","Quick Restart","Rare Cards Sparkle","Relic Filter Mod","Reliquary","Replay The Spire","Spicy Shops","Spikes Relics","StSLib","Stuff the Spire","The Blue Laboratory","The Disciple","Wandering Minibosses"],"gold_per_floor":[114,128,146,146,49,78,103,103,152,183,183,217,217,11,11,111,111,111,111],"floor_reached":18,"language":"ENG","playtime":1287,"items_purged":[],"score":264,"play_id":"c1c73f95-3d2e-4f43-8acd-6165121a5fb4","local_time":"20210214160259","daily_mods":["Heirloom","Flight"],"is_ascension_mode":true,"campfire_choices":[{"floor":8,"key":"REST"},{"data":"Engulf","floor":13,"key":"SMITH"},{"data":"Echoward","floor":15,"key":"SMITH"}],"circlet_count":0,"master_deck":["Strike_Br","Strike_Br","Strike_Br","Strike_Br","Defend_Br","Defend_Br","Defend_Br","Defend_Br","SecondHand","PatternShift+1","Engulf+1","ResonantCall+1","UniverseFragment","WindUp","Analog","hubris:NaturalOne","ReapSow","Echoward+1","OverTime","AbeCurse"],"relics":["Chronometer","Ring of Chaos","Gambling Chip","CogitoBucket","hubris:Icosahedron","Bag of Preparation","MealTicket","halation:LettersToHer","reliquary:SilkGlove","halation:PinkSoulGem","Juzu Bracelet","War Paint","Abe\u0027s Treasure"],"acts_visited":["Exordium","TheCity"],"potions_floor_usage":[6,10,12,16],"damage_taken":[{"damage":0,"enemies":"Small Slimes","floor":1,"turns":4},{"damage":1,"enemies":"conspire:RoseBush","floor":2,"turns":3},{"damage":0,"enemies":"2 Louse","floor":3,"turns":4},{"damage":18,"enemies":"Replay:BlueRogue","floor":6,"turns":7},{"damage":30,"enemies":"Gremlin Nob","floor":7,"turns":5},{"damage":0,"enemies":"3 Sentries","floor":10,"turns":3},{"damage":12,"enemies":"Lagavulin","floor":12,"turns":7},{"damage":35,"enemies":"The Guardian","floor":16,"turns":13},{"damage":0,"enemies":"2 Thieves","floor":18,"turns":1}],"seed_played":"-5220704900539393515","potions_obtained":[{"floor":1,"key":"FearPotion"},{"floor":3,"key":"Explosive Potion"},{"floor":7,"key":"Weak Potion"},{"floor":10,"key":"EssenceOfSteel"},{"floor":16,"key":"blueLaboratory:LouseDecoction"}],"is_trial":true,"path_per_floor":["M","M","M","?","$","E","E","R","T","E","?","E","R","$","R","B",null,"M"],"character_chosen":"CHRONO_CLASS","items_purchased":["WindUp","Analog","SteroidPotion","War Paint"],"campfire_rested":1,"item_purchase_floors":[5,5,14,14],"current_hp_per_floor":[65,64,64,64,64,46,16,35,35,35,35,23,23,38,38,3,50,50,50],"gold":111,"neow_bonus":"","is_daily":false,"chose_seed":false,"campfire_upgraded":2,"win_rate":0.0,"timestamp":1613350979,"path_taken":["M","M","M","?","$","E","E","R","T","E","?","E","R","$","R","BOSS","M"],"items_purchased_type":["Card","Card","Potion","Relic"],"build_version":"2020-12-22","purchased_purges":0,"victory":false,"max_hp_per_floor":[65,65,65,65,65,65,65,65,65,65,65,65,65,65,65,65,65,65,65],"card_choices":[{"not_picked":["ReapSow","LockedBlood"],"picked":"Engulf","floor":1},{"not_picked":["OldLady","Wellcheers","BigBird"],"picked":"Singing Bowl","floor":1},{"not_picked":["Keepsakes","LockedBlood"],"picked":"ResonantCall","floor":2},{"not_picked":["ShyLook","GreedKing","VoidDream"],"picked":"Singing Bowl","floor":2},{"not_picked":["SpiderBud","Bloodbath"],"picked":"UniverseFragment","floor":3},{"not_picked":["ReapSow","LockedAnchor","BiteCommand"],"picked":"SKIP","floor":3},{"not_picked":["WakeUpCall","BiteCommand","HandsUpB"],"picked":"SKIP","floor":6},{"not_picked":["OracleForm","LockedLightning"],"picked":"ReapSow","floor":7},{"not_picked":["TickedOff","Accruing","LockedAnchor"],"picked":"SKIP","floor":10},{"not_picked":["LockedMercury","VestedLegacy"],"picked":"Echoward","floor":12},{"not_picked":["MeatLantern","Wellcheers","OSAHOGD"],"picked":"Singing Bowl","floor":12},{"not_picked":["BackFourSeconds","OracleForm"],"picked":"OverTime","floor":16}],"player_experience":1505047,"relics_obtained":[{"floor":6,"key":"Bag of Preparation"},{"floor":7,"key":"MealTicket"},{"floor":9,"key":"halation:LettersToHer"},{"floor":10,"key":"reliquary:SilkGlove"},{"floor":12,"key":"Juzu Bracelet"}],"event_choices":[],"is_beta":false,"boss_relics":[{"not_picked":["halation:LoveArrow","halation:HeavySnake"],"picked":"Abe\u0027s Treasure"}],"items_purged_floors":[],"is_endless":false,"potions_floor_spawned":[1,3,7,10,16],"killed_by":"2 Thieves","ascension_level":5}}