{"host":"k5t0mjadqheapa3b","time":1613364998,"event":{"mods":["BaseMod","Colored Map","Marisa£®ÏF”Í°°ƒß¿Ì…≥£©","Minty Spire (QoL Compilation)","Remilia£®¿Ÿ√◊¿Ú—«£©","Shop Mod","The Servant 0.9.4"],"gold_per_floor":[114,114,129,304,304,304,335,21,91,111,111,122,156,176,176,176,176],"floor_reached":16,"language":"ZHS","playtime":809,"items_purged":[],"score":135,"play_id":"1952fca1-cdb3-41e4-9afa-1da60a2cfda2","local_time":"20210215125638","is_ascension_mode":false,"campfire_choices":[{"data":"SilverBlades","floor":6,"key":"SMITH"},{"data":"ShiftingGears","floor":11,"key":"SMITH"},{"data":"Barrier","floor":15,"key":"SMITH"}],"circlet_count":0,"master_deck":["Strike_S","Strike_S","Strike_S","Defend_S","Defend_S","Defend_S","Defend_S","KidneyShot","Exchange","SilverBlades+1","SpecialFormula","ShiftingGears+1","Snipe","Defy","Revamp","Barrier+1"],"relics":["Uniform","NeowsBlessing","White Beast Statue","Bottled Tornado","The Courier","Torii"],"acts_visited":["Exordium"],"potions_floor_usage":[13,14,16,16,16],"damage_taken":[{"damage":0,"enemies":"Jaw Worm","floor":1,"turns":1},{"damage":0,"enemies":"Cultist","floor":3,"turns":1},{"damage":0,"enemies":"Gremlin Nob","floor":7,"turns":2},{"damage":7,"enemies":"Small Slimes","floor":10,"turns":4},{"damage":8,"enemies":"2 Fungi Beasts","floor":12,"turns":4},{"damage":25,"enemies":"3 Sentries","floor":13,"turns":11},{"damage":1,"enemies":"Looter","floor":14,"turns":3},{"damage":54,"enemies":"Slime Boss","floor":16,"turns":16}],"seed_played":"-610279431423271103","potions_obtained":[{"floor":7,"key":"GamblersBrew"},{"floor":10,"key":"Energy Potion"},{"floor":12,"key":"BlessingOfTheForge"},{"floor":13,"key":"Energy Potion"},{"floor":14,"key":"Block Potion"}],"is_trial":false,"path_per_floor":["M","?","M","?","?","R","E","$","T","M","R","M","E","M","R","B"],"character_chosen":"THE_SERVANT","items_purchased":["Bottled Tornado","Snipe"],"campfire_rested":0,"item_purchase_floors":[8,8],"current_hp_per_floor":[65,65,65,65,65,65,65,65,65,63,63,59,39,43,43,0,0],"gold":176,"neow_bonus":"THREE_ENEMY_KILL","is_daily":false,"chose_seed":false,"campfire_upgraded":3,"win_rate":0.0,"timestamp":1613364998,"path_taken":["M","?","?","?","?","R","E","$","T","M","R","M","E","M","R","BOSS"],"items_purchased_type":["Relic","Card"],"build_version":"2020-12-22","purchased_purges":0,"victory":false,"max_hp_per_floor":[65,65,65,65,65,65,65,65,65,65,65,65,65,65,65,65,65],"card_choices":[{"not_picked":["Starlight","Gouge"],"picked":"SilverBlades","floor":1},{"not_picked":["TimeWarp","Replace"],"picked":"SpecialFormula","floor":3},{"not_picked":["Reset","Replace"],"picked":"ShiftingGears","floor":7},{"not_picked":["Rearm","Collapse","Alleviate"],"picked":"SKIP","floor":10},{"not_picked":["DoubleEdge","Revamp"],"picked":"Defy","floor":12},{"not_picked":["Advance","Read"],"picked":"Revamp","floor":13},{"not_picked":["WasteNot","TimeWarp"],"picked":"Barrier","floor":14}],"player_experience":41249,"relics_obtained":[{"floor":7,"key":"White Beast Statue"},{"floor":9,"key":"The Courier"},{"floor":13,"key":"Torii"}],"event_choices":[{"cards_removed":["Strike_S"],"damage_healed":0,"gold_gain":0,"player_choice":"Purged","damage_taken":0,"max_hp_gain":0,"max_hp_loss":0,"event_name":"Purifier","floor":2,"gold_loss":0},{"damage_healed":0,"gold_gain":175,"player_choice":"AGREE","damage_taken":0,"max_hp_gain":0,"max_hp_loss":0,"event_name":"Liars Game","floor":4,"gold_loss":0,"cards_obtained":["Doubt"]},{"cards_removed":["Doubt"],"damage_healed":0,"gold_gain":0,"player_choice":"Forget","damage_taken":0,"max_hp_gain":0,"max_hp_loss":0,"event_name":"Living Wall","floor":5,"gold_loss":0}],"is_beta":false,"boss_relics":[],"items_purged_floors":[],"is_endless":false,"potions_floor_spawned":[7,10,12,13,14],"killed_by":"Slime Boss","ascension_level":0}}