{"host":"cjhtzh7tp54jdfyv","time":1613391382,"event":{"mods":["AchievementEnabler","BaseMod","Colored Map","Colored Powertips","Curses Come First","DeckTracker","Minty Spire (QoL Compilation)","RNG Fix","Relic Sorter","Relic Stats","StSLib","UnlockEverythingMod","ojb\u0027s Better Paths Mod","ojb\u0027s Info Mod"],"gold_per_floor":[119,129,54,70,35,35,64,11,11,42,117,151,151,26,26,104,104,123,143,68,68,94,121,132,150,176,194,224,241,291,319,319,395,395,413,413,413,413,430,455,480,523,550,575,599,404,404,449,449,449,449,449,449,71,106,106],"floor_reached":57,"language":"ENG","playtime":5300,"items_purged":["Defend_P","Defend_P+1","Strike_P+1","Strike_P+1"],"score":3353,"play_id":"93fabbc7-1f8b-4836-bb21-13f68764559e","local_time":"20210215071622","is_ascension_mode":true,"campfire_choices":[{"data":"Eruption","floor":6.0,"key":"SMITH"},{"data":"Scrawl","floor":15.0,"key":"SMITH"},{"data":"MentalFortress","floor":32.0,"key":"SMITH"},{"floor":49.0,"key":"RECALL"}],"circlet_count":0,"master_deck":["AscendersBane","Strike_P+1","Strike_P+1","Eruption+1","Vigilance+1","CurseOfTheBell","SashWhip+1","EmptyFist+1","Scrawl+1","CutThroughFate+1","LessonLearned+1","FlurryOfBlows+1","Ragnarok+1","CrushJoints+1","Tantrum+1","FlurryOfBlows+1","DeusExMachina+1","CutThroughFate+1","InnerPeace+1","Omniscience+1","MentalFortress+1","Omniscience","CrushJoints+1","Madness+1","Madness","SashWhip+1","TalkToTheHand+1","Adaptation","Scrawl+1","InnerPeace","Meditate","Halt"],"relics":["Calling Bell","War Paint","HornCleat","Du-Vu Doll","Yang","Pear","White Beast Statue","Lizard Tail","Coffee Dripper","Red Mask","Mercury Hourglass","Akabeko","Bottled Flame","Bird Faced Urn","Fusion Hammer","Smiling Mask","Turnip","TungstenRod","CeramicFish","Meat on the Bone","Unceasing Top","Nunchaku","Bronze Scales"],"acts_visited":["Exordium","TheCity","TheBeyond","TheEnding"],"potions_floor_usage":[55],"damage_taken":[{"damage":8.0,"enemies":"Jaw Worm","floor":1.0,"turns":4.0},{"damage":0.0,"enemies":"Cultist","floor":2.0,"turns":2.0},{"damage":2.0,"enemies":"Small Slimes","floor":4.0,"turns":3.0},{"damage":45.0,"enemies":"Lagavulin","floor":7.0,"turns":6.0},{"damage":0.0,"enemies":"Gremlin Nob","floor":10.0,"turns":3.0},{"damage":0.0,"enemies":"Lagavulin","floor":12.0,"turns":4.0},{"damage":9.0,"enemies":"Slime Boss","floor":16.0,"turns":4.0},{"damage":14.0,"enemies":"3 Byrds","floor":18.0,"turns":4.0},{"damage":8.0,"enemies":"Shell Parasite","floor":19.0,"turns":3.0},{"damage":0.0,"enemies":"Masked Bandits","floor":22.0,"turns":2.0},{"damage":4.0,"enemies":"Book of Stabbing","floor":23.0,"turns":3.0},{"damage":4.0,"enemies":"Snake Plant","floor":24.0,"turns":3.0},{"damage":0.0,"enemies":"3 Cultists","floor":25.0,"turns":3.0},{"damage":0.0,"enemies":"Cultist and Chosen","floor":27.0,"turns":2.0},{"damage":0.0,"enemies":"Gremlin Leader","floor":28.0,"turns":5.0},{"damage":0.0,"enemies":"Centurion and Healer","floor":29.0,"turns":2.0},{"damage":0.0,"enemies":"Book of Stabbing","floor":31.0,"turns":1.0},{"damage":0.0,"enemies":"Automaton","floor":33.0,"turns":4.0},{"damage":15.0,"enemies":"3 Darklings","floor":35.0,"turns":3.0},{"damage":41.0,"enemies":"3 Shapes","floor":39.0,"turns":6.0},{"damage":0.0,"enemies":"Giant Head","floor":40.0,"turns":3.0},{"damage":6.0,"enemies":"Mind Bloom Boss Battle","floor":41.0,"turns":3.0},{"damage":0.0,"enemies":"Reptomancer","floor":42.0,"turns":1.0},{"damage":0.0,"enemies":"Giant Head","floor":44.0,"turns":4.0},{"damage":0.0,"enemies":"Transient","floor":45.0,"turns":6.0},{"damage":0.0,"enemies":"2 Orb Walkers","floor":48.0,"turns":1.0},{"damage":22.0,"enemies":"Donu and Deca","floor":50.0,"turns":3.0},{"damage":32.0,"enemies":"Awakened One","floor":51.0,"turns":6.0},{"damage":0,"enemies":"Shield and Spear","floor":55,"turns":2},{"damage":19,"enemies":"The Heart","floor":56,"turns":6}],"seed_played":"-6678137960319958899","potions_obtained":[{"floor":2.0,"key":"Ancient Potion"},{"floor":12.0,"key":"BottledMiracle"},{"floor":16.0,"key":"Ambrosia"},{"floor":18.0,"key":"Energy Potion"},{"floor":22.0,"key":"Weak Potion"},{"floor":24.0,"key":"Regen Potion"},{"floor":25.0,"key":"SpeedPotion"},{"floor":27.0,"key":"Regen Potion"},{"floor":28.0,"key":"FearPotion"},{"floor":31.0,"key":"Swift Potion"},{"floor":33.0,"key":"SteroidPotion"},{"floor":35.0,"key":"Weak Potion"},{"floor":39.0,"key":"FearPotion"},{"floor":40.0,"key":"Dexterity Potion"},{"floor":44.0,"key":"SmokeBomb"},{"floor":45.0,"key":"BlessingOfTheForge"},{"floor":48.0,"key":"Energy Potion"},{"floor":55,"key":"BottledMiracle"}],"is_trial":false,"path_per_floor":["M","M","$","M","?","R","E","$","T","E","?","E","?","$","R","B",null,"M","M","?","?","?","E","M","M","T","M","E","M","?","E","R","B",null,"M","?","?","?","M","E","?","E","T","E","M","$","?","?","R","B","B",null,"R","$","E","B",null],"character_chosen":"WATCHER","items_purchased":["Energy Potion","FlurryOfBlows","Scrawl","InnerPeace","GamblersBrew","Nunchaku","Meditate"],"campfire_rested":0,"item_purchase_floors":[8,14,46,46,54,54,54],"current_hp_per_floor":[53,53,53,51,68,68,23,23,33,33,22,22,22,22,22,13,62,48,40,40,40,40,36,32,41,41,41,55,55,55,55,55,59,73,58,58,58,44,7,11,7,7,7,9,23,23,23,35,35,33,17,63,63,63,69,54],"gold":106,"neow_bonus":"BOSS_RELIC","is_daily":false,"chose_seed":false,"campfire_upgraded":3,"win_rate":0.0,"timestamp":1613391382,"path_taken":["M","M","$","M","?","R","E","?","T","E","?","E","?","$","R","BOSS","M","M","?","?","?","E","M","M","T","M","E","M","?","E","R","BOSS","M","?","?","?","?","E","?","E","T","E","?","$","?","?","R","BOSS","BOSS","R","$","E","BOSS"],"items_purchased_type":["Potion","Card","Card","Card","Potion","Relic","Card"],"build_version":"2020-12-22","purchased_purges":4,"victory":true,"max_hp_per_floor":[68,68,68,68,68,68,68,68,78,78,78,78,78,78,78,78,78,78,78,78,78,78,78,78,78,78,78,78,78,78,78,78,78,78,78,78,78,78,78,78,78,78,78,78,78,78,78,78,78,78,78,78,78,78,78,78],"relic_stats":{"counters":[30,102],"CeramicFish":54,"Yang":[350],"War Paint":["Defend_P","Defend_P"],"Smiling Mask":175,"Mercury Hourglass":[271],"Lizard Tail":0,"Nunchaku":[4],"Bird Faced Urn":[40],"Bronze Scales":[51],"Turnip":[2],"obtain_stats":[{"Pear":9,"CeramicFish":42,"Yang":7,"War Paint":0,"Smiling Mask":36,"White Beast Statue":10,"Akabeko":26,"Mercury Hourglass":23,"Calling Bell":0,"Du-Vu Doll":0,"Lizard Tail":12,"Bottled Flame":28,"Nunchaku":54,"HornCleat":0,"Bird Faced Urn":31,"Bronze Scales":55,"Fusion Hammer":34,"Turnip":40,"Coffee Dripper":17,"Red Mask":22,"PureWater":0,"TungstenRod":41,"Unceasing Top":48,"Meat on the Bone":44},{"Pear":4,"CeramicFish":23,"Yang":4,"War Paint":0,"Smiling Mask":19,"White Beast Statue":5,"Akabeko":13,"Mercury Hourglass":11,"Calling Bell":0,"Du-Vu Doll":0,"Lizard Tail":6,"Bottled Flame":15,"Nunchaku":28,"HornCleat":0,"Bird Faced Urn":17,"Bronze Scales":29,"Fusion Hammer":18,"Turnip":21,"Coffee Dripper":7,"Red Mask":10,"PureWater":0,"TungstenRod":22,"Unceasing Top":26,"Meat on the Bone":24},{"Pear":15,"CeramicFish":74,"Yang":15,"War Paint":0,"Smiling Mask":61,"White Beast Statue":18,"Akabeko":44,"Mercury Hourglass":38,"Calling Bell":0,"Du-Vu Doll":0,"Lizard Tail":22,"Bottled Flame":51,"Nunchaku":94,"HornCleat":0,"Bird Faced Urn":54,"Bronze Scales":96,"Fusion Hammer":58,"Turnip":70,"Coffee Dripper":26,"Red Mask":35,"PureWater":0,"TungstenRod":73,"Unceasing Top":85,"Meat on the Bone":78}],"TungstenRod":11,"Unceasing Top":[0],"Meat on the Bone":48},"card_choices":[{"not_picked":["Crescendo","ThirdEye"],"picked":"SashWhip","floor":1.0},{"not_picked":["WheelKick","Wallop"],"picked":"EmptyFist","floor":2.0},{"not_picked":["Study","Wallop","CarveReality"],"picked":"SKIP","floor":4.0},{"not_picked":["Nirvana","ThirdEye"],"picked":"Scrawl","floor":7.0},{"not_picked":["EmptyFist","Wireheading"],"picked":"CutThroughFate","floor":10.0},{"not_picked":["Wireheading","Swivel"],"picked":"LessonLearned","floor":12.0},{"not_picked":["SpiritShield","Brilliance"],"picked":"Ragnarok","floor":16.0},{"not_picked":["Swivel","LikeWater+1","Protect"],"picked":"SKIP","floor":18.0},{"not_picked":["Evaluate","ThirdEye"],"picked":"CrushJoints","floor":19.0},{"not_picked":["Wallop","Weave"],"picked":"FlurryOfBlows","floor":22.0},{"not_picked":["Perseverance","ClearTheMind"],"picked":"FearNoEvil","floor":23.0},{"not_picked":["Fasting2","Crescendo"],"picked":"DeusExMachina","floor":24.0},{"not_picked":["Pray","PathToVictory"],"picked":"CutThroughFate","floor":25.0},{"not_picked":["BowlingBash+1","SashWhip+1"],"picked":"InnerPeace","floor":27.0},{"not_picked":["Prostrate","PathToVictory"],"picked":"Omniscience","floor":28.0},{"not_picked":["Protect","EmptyBody","WaveOfTheHand"],"picked":"SKIP","floor":29.0},{"not_picked":["WaveOfTheHand","Study"],"picked":"MentalFortress","floor":31.0},{"not_picked":["Devotion","Wish"],"picked":"Omniscience","floor":33.0},{"not_picked":["Consecrate","Weave"],"picked":"CrushJoints+1","floor":35.0},{"not_picked":["Consecrate","Brilliance","FollowUp+1"],"picked":"SKIP","floor":39.0},{"not_picked":["Prostrate+1","FlurryOfBlows+1","Fasting2"],"picked":"SKIP","floor":40.0},{"not_picked":["Conclude","FlurryOfBlows+1"],"picked":"SashWhip+1","floor":41.0},{"not_picked":["InnerPeace+1","FollowUp"],"picked":"TalkToTheHand","floor":42.0},{"not_picked":["EmptyBody","FearNoEvil","EmptyFist"],"picked":"SKIP","floor":44.0},{"not_picked":["Wireheading","CrushJoints"],"picked":"Adaptation","floor":45.0},{"not_picked":["Indignation","EmptyBody"],"picked":"Halt","floor":55}],"player_experience":4639499,"relics_obtained":[{"floor":0.0,"key":"War Paint"},{"floor":0.0,"key":"HornCleat"},{"floor":0.0,"key":"Du-Vu Doll"},{"floor":7.0,"key":"Yang"},{"floor":9.0,"key":"Pear"},{"floor":10.0,"key":"White Beast Statue"},{"floor":12.0,"key":"Lizard Tail"},{"floor":22.0,"key":"Red Mask"},{"floor":23.0,"key":"Mercury Hourglass"},{"floor":26.0,"key":"Akabeko"},{"floor":28.0,"key":"Bottled Flame"},{"floor":31.0,"key":"Bird Faced Urn"},{"floor":40.0,"key":"Turnip"},{"floor":41.0,"key":"TungstenRod"},{"floor":42.0,"key":"CeramicFish"},{"floor":44.0,"key":"Meat on the Bone"},{"floor":48.0,"key":"Unceasing Top"},{"floor":55,"key":"Bronze Scales"}],"event_choices":[{"damage_healed":17.0,"max_hp_gain":0.0,"max_hp_loss":0.0,"gold_gain":0.0,"event_name":"The Cleric","player_choice":"Healed","floor":5.0,"gold_loss":35.0,"damage_taken":0.0},{"damage_healed":0.0,"max_hp_gain":0.0,"max_hp_loss":0.0,"gold_gain":75.0,"event_name":"World of Goop","player_choice":"Gather Gold","floor":11.0,"gold_loss":0.0,"damage_taken":11.0},{"cards_removed":["Defend_P"],"damage_healed":0.0,"max_hp_gain":0.0,"max_hp_loss":0.0,"gold_gain":0.0,"event_name":"Living Wall","player_choice":"Forget","floor":13.0,"gold_loss":0.0,"damage_taken":0.0},{"cards_removed":["Defend_P"],"damage_healed":0.0,"max_hp_gain":0.0,"max_hp_loss":0.0,"gold_gain":0.0,"event_name":"Beggar","player_choice":"Gave Gold","floor":20.0,"gold_loss":75.0,"damage_taken":0.0},{"damage_healed":0.0,"max_hp_gain":0.0,"max_hp_loss":0.0,"gold_gain":0.0,"event_name":"The Library","player_choice":"Read","floor":21.0,"gold_loss":0.0,"damage_taken":0.0,"cards_obtained":["Tantrum"]},{"damage_healed":0.0,"max_hp_gain":0.0,"max_hp_loss":0.0,"gold_gain":0.0,"event_name":"Masked Bandits","player_choice":"Fought Bandits","floor":22.0,"gold_loss":0.0,"damage_taken":0.0},{"damage_healed":0.0,"max_hp_gain":0.0,"max_hp_loss":0.0,"gold_gain":50.0,"event_name":"Nest","player_choice":"Stole From Cult","floor":30.0,"gold_loss":0.0,"damage_taken":0.0},{"damage_healed":0.0,"max_hp_gain":0.0,"max_hp_loss":0.0,"gold_gain":0.0,"event_name":"WeMeetAgain","player_choice":"Gave Potion","floor":36.0,"gold_loss":0.0,"damage_taken":0.0,"relics_obtained":["Smiling Mask"]},{"damage_healed":0.0,"max_hp_gain":0.0,"max_hp_loss":0.0,"gold_gain":0.0,"event_name":"Upgrade Shrine","player_choice":"Upgraded","floor":37.0,"gold_loss":0.0,"damage_taken":0.0,"cards_upgraded":["Omniscience"]},{"damage_healed":0.0,"max_hp_gain":0.0,"max_hp_loss":0.0,"gold_gain":0.0,"event_name":"Winding Halls","player_choice":"Embrace Madness","floor":38.0,"gold_loss":0.0,"damage_taken":14.0,"cards_obtained":["Madness","Madness"]},{"damage_healed":0.0,"max_hp_gain":0.0,"max_hp_loss":0.0,"gold_gain":0.0,"event_name":"MindBloom","player_choice":"Fight","floor":41.0,"gold_loss":0.0,"damage_taken":0.0},{"cards_removed":["FearNoEvil"],"damage_healed":0.0,"max_hp_gain":0.0,"max_hp_loss":0.0,"gold_gain":0.0,"event_name":"Falling","player_choice":"Removed Attack","floor":47.0,"gold_loss":0.0,"damage_taken":0.0},{"damage_healed":0.0,"max_hp_gain":0.0,"max_hp_loss":0.0,"gold_gain":0.0,"event_name":"Mysterious Sphere","player_choice":"Fight","floor":48.0,"gold_loss":0.0,"damage_taken":0.0}],"is_beta":false,"boss_relics":[{"not_picked":["Sozu","Black Star"],"picked":"Coffee Dripper"},{"not_picked":["Velvet Choker","Philosopher\u0027s Stone"],"picked":"Fusion Hammer"}],"items_purged_floors":[3,14,46,54],"is_endless":false,"potions_floor_spawned":[2,12,16,18,19,22,23,24,25,27,28,29,31,33,35,39,40,41,42,44,45,48,55],"ascension_level":20}}