{"host":"8rqsnaeml9gxb0kp","time":1613378346,"event":{"mods":["AchievementEnabler","BaseMod","Colored Powertips","Dark Map","Minty Spire (QoL Compilation)","Rare Cards Sparkle","Relic Stats","StSLib","slay the spire mod where everything is the same but ironclad has a cowboy hat"],"gold_per_floor":[119,130,142,157,175,175,200,262,262,297,309,309,309,324,324,398,398,410,410,325,337,360,398,429,441,453,483,511,523,523],"floor_reached":29,"language":"ENG","playtime":989,"items_purged":[],"score":554,"play_id":"f0bb0d34-9775-4842-8cb2-4884e85786dc","local_time":"20210215003906","is_ascension_mode":true,"campfire_choices":[{"data":"Whirlwind","floor":6.0,"key":"SMITH"},{"floor":13.0,"key":"REST"},{"floor":15.0,"key":"REST"},{"floor":25,"key":"REST"}],"circlet_count":0,"master_deck":["AscendersBane","Defend_R","Defend_R","Defend_R","Defend_R","Bash","Whirlwind","Headbutt","Inflame","Whirlwind+1","Bloodletting","Shockwave","Flex","Pummel","Demon Form+1","Bloodletting","Thunderclap","Cleave","Shrug It Off","Rupture+1","Headbutt","Combust+1","Injury"],"relics":["Cursed Key","Dead Branch","Frozen Egg 2","StoneCalendar","Empty Cage","MawBank","Bag of Marbles","Thread and Needle"],"acts_visited":["Exordium","TheCity"],"potions_floor_usage":[27],"damage_taken":[{"damage":0.0,"enemies":"Small Slimes","floor":1.0,"turns":4.0},{"damage":0.0,"enemies":"2 Louse","floor":2.0,"turns":2.0},{"damage":2.0,"enemies":"Jaw Worm","floor":3.0,"turns":2.0},{"damage":8.0,"enemies":"3 Louse","floor":4.0,"turns":2.0},{"damage":7.0,"enemies":"Exordium Thugs","floor":5.0,"turns":4.0},{"damage":3.0,"enemies":"3 Sentries","floor":7.0,"turns":2.0},{"damage":8.0,"enemies":"Gremlin Nob","floor":8.0,"turns":3.0},{"damage":32.0,"enemies":"Gremlin Nob","floor":10.0,"turns":4.0},{"damage":3.0,"enemies":"Gremlin Gang","floor":11.0,"turns":1.0},{"damage":7.0,"enemies":"Red Slaver","floor":14.0,"turns":2.0},{"damage":34.0,"enemies":"The Guardian","floor":16.0,"turns":6.0},{"damage":4,"enemies":"3 Byrds","floor":18,"turns":3},{"damage":4,"enemies":"Chosen","floor":22,"turns":3},{"damage":19,"enemies":"Book of Stabbing","floor":23,"turns":4},{"damage":7,"enemies":"3 Cultists","floor":24,"turns":3},{"damage":32,"enemies":"Snake Plant","floor":27,"turns":4},{"damage":10,"enemies":"Cultist and Chosen","floor":28,"turns":5},{"damage":9,"enemies":"Slavers","floor":29,"turns":1}],"seed_played":"-6416808290216062841","potions_obtained":[{"floor":1.0,"key":"GamblersBrew"},{"floor":4.0,"key":"SkillPotion"},{"floor":8.0,"key":"Regen Potion"},{"floor":10.0,"key":"Energy Potion"},{"floor":18,"key":"Weak Potion"},{"floor":24,"key":"Energy Potion"}],"is_trial":false,"path_per_floor":["M","M","M","M","M","R","E","?","T","E","M","?","R","M","R","B",null,"M","?","?","?","M","E","M","R","T","M","M","E"],"character_chosen":"IRONCLAD","items_purchased":[],"campfire_rested":3,"item_purchase_floors":[],"current_hp_per_floor":[68,68,66,58,51,51,48,40,40,20,17,17,39,32,54,20,61,57,57,57,57,53,34,27,49,49,17,7,0,0],"gold":523,"neow_bonus":"BOSS_RELIC","is_daily":false,"chose_seed":false,"campfire_upgraded":1,"win_rate":0.0,"timestamp":1613378346,"path_taken":["M","M","M","M","M","R","E","?","T","E","M","?","R","M","R","BOSS","M","?","?","?","?","E","M","R","T","?","M","E"],"items_purchased_type":[],"build_version":"2020-12-22","purchased_purges":0,"victory":false,"max_hp_per_floor":[75,75,75,75,75,75,75,75,75,75,75,75,75,75,75,75,75,75,75,75,75,75,75,75,75,75,75,75,75,75],"relic_stats":{"counters":[18,55],"Dead Branch":[28],"StoneCalendar":[0],"Cursed Key":1,"MawBank":108,"obtain_stats":[{"Dead Branch":7,"StoneCalendar":10,"Thread and Needle":26,"Bag of Marbles":23,"Frozen Egg 2":8,"Cursed Key":0,"Empty Cage":17,"MawBank":20,"Burning Blood":0},{"Dead Branch":6,"StoneCalendar":8,"Thread and Needle":15,"Bag of Marbles":14,"Frozen Egg 2":7,"Cursed Key":0,"Empty Cage":11,"MawBank":12,"Burning Blood":0},{"Dead Branch":16,"StoneCalendar":23,"Thread and Needle":45,"Bag of Marbles":42,"Frozen Egg 2":19,"Cursed Key":0,"Empty Cage":32,"MawBank":35,"Burning Blood":0}]},"card_choices":[{"not_picked":["Pummel","True Grit"],"picked":"Whirlwind","floor":1.0},{"not_picked":["Flame Barrier","Body Slam"],"picked":"Headbutt","floor":2.0},{"not_picked":["Combust","Body Slam"],"picked":"Inflame","floor":3.0},{"not_picked":["Blood for Blood","Pommel Strike"],"picked":"Whirlwind","floor":4.0},{"not_picked":["Pommel Strike","Twin Strike"],"picked":"Bloodletting","floor":5.0},{"not_picked":["Flex","Infernal Blade"],"picked":"Shockwave","floor":7.0},{"not_picked":["Armaments","Intimidate","Perfected Strike"],"picked":"SKIP","floor":10.0},{"not_picked":["True Grit","Cleave"],"picked":"Flex","floor":11.0},{"not_picked":["Clash","Wild Strike","Clothesline"],"picked":"SKIP","floor":14.0},{"not_picked":["Feed","Offering"],"picked":"Demon Form+1","floor":16.0},{"not_picked":["Perfected Strike","Heavy Blade"],"picked":"Bloodletting","floor":18},{"not_picked":["Cleave","Flex"],"picked":"Rupture+1","floor":22},{"not_picked":["Reckless Charge","Havoc"],"picked":"Headbutt","floor":23},{"not_picked":["Dual Wield","Wild Strike"],"picked":"Combust+1","floor":24},{"not_picked":["Iron Wave+1","Armaments","Perfected Strike"],"picked":"SKIP","floor":27},{"not_picked":["Whirlwind","Warcry+1","Fire Breathing+1"],"picked":"SKIP","floor":28}],"player_experience":243733,"relics_obtained":[{"floor":7.0,"key":"Dead Branch"},{"floor":8.0,"key":"Frozen Egg 2"},{"floor":10.0,"key":"StoneCalendar"},{"floor":23,"key":"Bag of Marbles"},{"floor":26,"key":"Thread and Needle"}],"event_choices":[{"damage_healed":0.0,"max_hp_gain":0.0,"max_hp_loss":0.0,"gold_gain":0.0,"event_name":"Dead Adventurer","player_choice":"Searched \u00271\u0027 times","floor":8.0,"gold_loss":0.0,"damage_taken":0.0},{"damage_healed":0.0,"max_hp_gain":0.0,"max_hp_loss":0.0,"gold_gain":0.0,"cards_transformed":["Strike_R"],"event_name":"Living Wall","player_choice":"Change","floor":12.0,"gold_loss":0.0,"damage_taken":0.0,"cards_obtained":["Pummel"]},{"damage_healed":0,"gold_gain":0,"player_choice":"Read","damage_taken":0,"max_hp_gain":0,"max_hp_loss":0,"event_name":"The Library","floor":19,"gold_loss":0,"cards_obtained":["Thunderclap"]},{"damage_healed":0,"gold_gain":0,"player_choice":"Obtained Relic","damage_taken":0,"relics_obtained":["MawBank"],"max_hp_gain":0,"max_hp_loss":0,"event_name":"Addict","floor":20,"gold_loss":85},{"damage_healed":0,"gold_gain":0,"cards_transformed":["Strike_R","Strike_R"],"player_choice":"Became Test Subject","damage_taken":0,"max_hp_gain":0,"max_hp_loss":0,"event_name":"Drug Dealer","floor":21,"gold_loss":0,"cards_obtained":["Cleave","Shrug It Off"]}],"is_beta":false,"boss_relics":[{"not_picked":["Busted Crown","Snecko Eye"],"picked":"Empty Cage"}],"items_purged_floors":[],"is_endless":false,"potions_floor_spawned":[1,4,8,10,18,24],"killed_by":"Slavers","ascension_level":19}}