{"host":"pj7egx7jkoz18hom","time":1613393937,"event":{"mods":["AchievementEnabler","BaseMod","Keyboard Shortcuts","Minty Spire (QoL Compilation)","SuperFastMode"],"gold_per_floor":[117,292,167,187,245,245,280,341,341,368,368,391,391,410,410,531,531,550,566,221,136,136,175,175,1,1,1,14,45,66,66,66],"floor_reached":31,"language":"KOR","playtime":957,"items_purged":["Doubt","Injury","Body Slam"],"score":422,"play_id":"a3c1923f-0dac-4592-ac61-9509ca6e48ee","local_time":"20210215215857","is_ascension_mode":true,"campfire_choices":[{"data":"Hemokinesis","floor":6,"key":"SMITH"},{"data":"Infernal Blade","floor":13,"key":"SMITH"},{"data":"Headbutt","floor":15,"key":"SMITH"},{"data":"Seeing Red","floor":24,"key":"SMITH"},{"floor":27,"key":"REST"}],"circlet_count":0,"master_deck":["Strike_R","Strike_R","Strike_R","Strike_R","Strike_R","Defend_R","Defend_R","Defend_R","Defend_R","Bash","Headbutt+1","Hemokinesis+1","Double Tap","Battle Trance","Infernal Blade+1","Warcry","Feed","CurseOfTheBell","Seeing Red+1","Iron Wave+1","Dual Wield+1","Thunderclap+1"],"relics":["Burning Blood","NeowsBlessing","Mercury Hourglass","Question Card","Shuriken","Gremlin Horn","Golden Idol","Calling Bell","Lantern","Ornamental Fan","CaptainsWheel","White Beast Statue","Kunai","Pear","Magic Flower","Bottled Flame"],"acts_visited":["Exordium","TheCity"],"potions_floor_usage":[10,14,19,28,28],"damage_taken":[{"damage":0,"enemies":"Jaw Worm","floor":1,"turns":1},{"damage":0,"enemies":"2 Louse","floor":4,"turns":1},{"damage":0,"enemies":"3 Sentries","floor":7,"turns":1},{"damage":24,"enemies":"3 Sentries","floor":8,"turns":5},{"damage":2,"enemies":"Gremlin Nob","floor":10,"turns":2},{"damage":4,"enemies":"Small Slimes","floor":12,"turns":2},{"damage":0,"enemies":"3 Louse","floor":14,"turns":1},{"damage":18,"enemies":"Slime Boss","floor":16,"turns":6},{"damage":4,"enemies":"Spheric Guardian","floor":18,"turns":2},{"damage":22,"enemies":"2 Thieves","floor":19,"turns":2},{"damage":70,"enemies":"Book of Stabbing","floor":23,"turns":6},{"damage":17,"enemies":"Centurion and Healer","floor":28,"turns":5},{"damage":27,"enemies":"Slavers","floor":29,"turns":6},{"damage":8,"enemies":"Sentry and Sphere","floor":30,"turns":3},{"damage":21,"enemies":"Snake Plant","floor":31,"turns":3}],"seed_played":"-4954393399177375124","potions_obtained":[{"floor":1,"key":"Energy Potion"},{"floor":8,"key":"BlessingOfTheForge"},{"floor":12,"key":"Energy Potion"},{"floor":23,"key":"LiquidBronze"},{"floor":28,"key":"HeartOfIron"},{"floor":30,"key":"GamblersBrew"}],"is_trial":false,"path_per_floor":["M","?","$","M","?","R","E","?","T","E","?","M","R","M","R","B",null,"M","M","$","?","T","E","R","$","T","R","M","E","M","M"],"character_chosen":"IRONCLAD","items_purchased":["Body Slam","White Beast Statue","AttackPotion"],"campfire_rested":1,"item_purchase_floors":[3,20,25],"current_hp_per_floor":[80,80,80,80,80,80,80,62,62,66,66,68,68,74,74,62,80,83,67,67,67,77,13,13,13,13,40,37,19,20,0,0],"gold":66,"neow_bonus":"THREE_ENEMY_KILL","is_daily":false,"chose_seed":false,"campfire_upgraded":4,"win_rate":0.0,"timestamp":1613393937,"path_taken":["M","?","$","M","?","R","E","?","T","E","?","M","R","M","R","BOSS","M","M","$","?","?","E","R","$","T","R","M","E","M","M"],"items_purchased_type":["Card","Relic","Potion"],"build_version":"2020-12-22","purchased_purges":3,"victory":false,"max_hp_per_floor":[80,80,80,80,80,80,80,80,80,80,80,80,80,80,80,80,80,83,83,83,83,93,93,93,93,93,93,96,96,96,96,96],"card_choices":[{"not_picked":["Iron Wave","Havoc"],"picked":"Headbutt","floor":1},{"not_picked":["Evolve","Twin Strike"],"picked":"Hemokinesis","floor":4},{"not_picked":["Feel No Pain","Warcry"],"picked":"Double Tap","floor":7},{"not_picked":["True Grit","Metallicize","Hemokinesis"],"picked":"Battle Trance","floor":10},{"not_picked":["Wild Strike","True Grit","Shrug It Off"],"picked":"Infernal Blade","floor":12},{"not_picked":["Cleave","Sword Boomerang","Twin Strike"],"picked":"Warcry","floor":14},{"not_picked":["Bludgeon","Offering","Corruption"],"picked":"Feed","floor":16},{"not_picked":["Entrench","Thunderclap","Twin Strike"],"picked":"Seeing Red","floor":18},{"not_picked":["Sever Soul","Thunderclap","Shrug It Off","Combust"],"picked":"SKIP","floor":19},{"not_picked":["Brutality","Demon Form","Shrug It Off"],"picked":"Iron Wave+1","floor":23},{"not_picked":["Hemokinesis","Pommel Strike","Havoc"],"picked":"Dual Wield+1","floor":28},{"not_picked":["Hemokinesis","Havoc","Pommel Strike","Feel No Pain"],"picked":"SKIP","floor":29},{"not_picked":["Warcry","Whirlwind","Carnage"],"picked":"Thunderclap+1","floor":30}],"player_experience":74800,"relics_obtained":[{"floor":7,"key":"Mercury Hourglass"},{"floor":8,"key":"Question Card"},{"floor":9,"key":"Shuriken"},{"floor":10,"key":"Gremlin Horn"},{"floor":17,"key":"Lantern"},{"floor":17,"key":"Ornamental Fan"},{"floor":17,"key":"CaptainsWheel"},{"floor":22,"key":"Pear"},{"floor":23,"key":"Magic Flower"},{"floor":29,"key":"Bottled Flame"}],"event_choices":[{"damage_healed":0,"gold_gain":175,"player_choice":"AGREE","damage_taken":0,"max_hp_gain":0,"max_hp_loss":0,"event_name":"Liars Game","floor":2,"gold_loss":0,"cards_obtained":["Doubt"]},{"damage_healed":0,"gold_gain":58,"player_choice":"Gained Gold","damage_taken":0,"max_hp_gain":0,"max_hp_loss":0,"event_name":"Golden Wing","floor":5,"gold_loss":0},{"damage_healed":0,"gold_gain":30,"player_choice":"Searched \u00273\u0027 times","damage_taken":0,"max_hp_gain":0,"max_hp_loss":0,"event_name":"Dead Adventurer","floor":8,"gold_loss":0},{"damage_healed":0,"gold_gain":0,"player_choice":"Take Wound","damage_taken":0,"relics_obtained":["Golden Idol"],"max_hp_gain":0,"max_hp_loss":0,"event_name":"Golden Idol","floor":11,"gold_loss":0,"cards_obtained":["Injury"]},{"damage_healed":0,"gold_gain":0,"player_choice":"Obtained Relic","damage_taken":0,"relics_obtained":["Kunai"],"max_hp_gain":0,"max_hp_loss":0,"event_name":"Addict","floor":21,"gold_loss":85}],"is_beta":false,"boss_relics":[{"not_picked":["Ectoplasm","Black Blood"],"picked":"Calling Bell"}],"items_purged_floors":[3,20,25],"is_endless":false,"potions_floor_spawned":[1,8,12,23,28,29,30],"killed_by":"Snake Plant","ascension_level":4}}