{"host":"t1puqh5lxz8sp6fn","time":1613366853,"event":{"mods":["AchievementEnabler","BaseMod","Colored Powertips","Minty Spire (QoL Compilation)","Rare Cards Sparkle","Relic Stats","StSLib"],"gold_per_floor":[119,131,131,143,143,143,158,175,475,488,506,541,554,554,554,554,554],"floor_reached":16,"playtime":460,"items_purged":[],"score":229,"play_id":"d14f7ab7-32e3-4053-be8d-1034dfa8b200","local_time":"20210215022733","is_ascension_mode":true,"campfire_choices":[{"data":"Rebound","floor":6.0,"key":"SMITH"},{"floor":15.0,"key":"REST"}],"circlet_count":0,"master_deck":["AscendersBane","Strike_B","Strike_B","Strike_B","Strike_B","Defend_B","Defend_B","Defend_B","Defend_B","Zap","Dualcast","Gash","Go for the Eyes","Rebound+1","Genetic Algorithm","Beam Cell","Steam Power","Hyperbeam","Ball Lightning","Fusion"],"relics":["Cracked Core","Shuriken","Old Coin"],"acts_visited":["Exordium"],"potions_floor_usage":[],"damage_taken":[{"damage":7.0,"enemies":"Small Slimes","floor":1.0,"turns":3.0},{"damage":0.0,"enemies":"Cultist","floor":2.0,"turns":3.0},{"damage":2.0,"enemies":"Jaw Worm","floor":4.0,"turns":3.0},{"damage":14.0,"enemies":"Large Slime","floor":7.0,"turns":6.0},{"damage":11.0,"enemies":"Blue Slaver","floor":8.0,"turns":3.0},{"damage":3.0,"enemies":"3 Louse","floor":10.0,"turns":3.0},{"damage":18.0,"enemies":"Exordium Wildlife","floor":11.0,"turns":2.0},{"damage":0.0,"enemies":"3 Sentries","floor":12.0,"turns":4.0},{"damage":3.0,"enemies":"Blue Slaver","floor":13.0,"turns":3.0},{"damage":33,"enemies":"The Guardian","floor":16,"turns":7}],"seed_played":"4366530542648275901","potions_obtained":[{"floor":2.0,"key":"SteroidPotion"},{"floor":11.0,"key":"Block Potion"},{"floor":13.0,"key":"Swift Potion"}],"is_trial":false,"path_per_floor":["M","M","?","M","?","R","M","M","T","M","M","E","M","?","R","B"],"character_chosen":"DEFECT","items_purchased":[],"campfire_rested":1,"item_purchase_floors":[],"current_hp_per_floor":[57,57,62,60,60,60,46,35,35,32,14,14,11,11,33,0,0],"gold":554,"neow_bonus":"THREE_CARDS","is_daily":false,"chose_seed":false,"campfire_upgraded":1,"win_rate":0.0,"timestamp":1613366853,"path_taken":["M","M","?","M","?","R","M","M","T","?","M","E","M","?","R","BOSS"],"items_purchased_type":[],"build_version":"2020-12-13","purchased_purges":0,"victory":false,"max_hp_per_floor":[71,71,76,76,76,76,76,76,76,76,76,76,76,76,76,76,76],"relic_stats":{"counters":[10,37],"Shuriken":[8],"obtain_stats":[{"Shuriken":5,"Cracked Core":0,"Old Coin":9},{"Shuriken":3,"Cracked Core":0,"Old Coin":5},{"Shuriken":9,"Cracked Core":0,"Old Coin":18}]},"card_choices":[{"not_picked":["Turbo","Redo"],"picked":"Gash","floor":0.0},{"not_picked":["Compile Driver","Rip and Tear"],"picked":"Go for the Eyes","floor":1.0},{"not_picked":["Redo","Steam"],"picked":"Rebound","floor":2.0},{"not_picked":["Cold Snap","Conserve Battery"],"picked":"Genetic Algorithm","floor":4.0},{"not_picked":["Auto Shields","Ball Lightning"],"picked":"Beam Cell","floor":7.0},{"not_picked":["Turbo","Rebound"],"picked":"Chaos","floor":8.0},{"not_picked":["Storm","Go for the Eyes"],"picked":"Steam Power","floor":10.0},{"not_picked":["Beam Cell","Storm"],"picked":"Hyperbeam","floor":11.0},{"not_picked":["Barrage","Rip and Tear"],"picked":"Ball Lightning","floor":12.0},{"not_picked":["Rebound","Double Energy"],"picked":"Fusion","floor":13.0}],"player_experience":528211,"relics_obtained":[{"floor":9.0,"key":"Old Coin"}],"event_choices":[{"damage_healed":0.0,"max_hp_gain":5.0,"max_hp_loss":0.0,"gold_gain":0.0,"event_name":"Big Fish","player_choice":"Donut","floor":3.0,"gold_loss":0.0,"damage_taken":0.0},{"damage_healed":0.0,"max_hp_gain":0.0,"max_hp_loss":0.0,"gold_gain":0.0,"event_name":"WeMeetAgain","player_choice":"Gave Potion","floor":5.0,"gold_loss":0.0,"damage_taken":0.0,"relics_obtained":["Shuriken"]},{"cards_removed":["Chaos"],"damage_healed":0.0,"max_hp_gain":0.0,"max_hp_loss":0.0,"gold_gain":0.0,"event_name":"Living Wall","player_choice":"Forget","floor":14.0,"gold_loss":0.0,"damage_taken":0.0}],"is_beta":false,"boss_relics":[],"items_purged_floors":[],"is_endless":false,"potions_floor_spawned":[2,11,13],"killed_by":"The Guardian","ascension_level":15}}