{"host":"p9vmbvw2hh2n16dn","time":1613413723,"event":{"mods":["AchievementEnabler","BaseMod","Block Reminder","Minty Spire (QoL Compilation)","Relic Stats","SuperFastMode"],"gold_per_floor":[113,113,131,306,306,337,337,337,337],"floor_reached":8,"language":"ENG","playtime":201,"items_purged":[],"score":84,"play_id":"67d8b964-bebb-47b9-b36a-b844ca5fc6ea","local_time":"20210215192843","is_ascension_mode":true,"campfire_choices":[{"floor":7.0,"key":"REST"}],"circlet_count":0,"master_deck":["AscendersBane","Strike_G","Strike_G","Strike_G","Strike_G","Strike_G","Defend_G","Defend_G","Defend_G","Defend_G","Defend_G","Survivor","Neutralize+1","Blade Dance","Dagger Spray","Doubt","Leg Sweep"],"relics":["HoveringKite","Du-Vu Doll","Shovel"],"acts_visited":["Exordium"],"potions_floor_usage":[],"damage_taken":[{"damage":0.0,"enemies":"Small Slimes","floor":1.0,"turns":4.0},{"damage":9.0,"enemies":"Jaw Worm","floor":3.0,"turns":3.0},{"damage":42.0,"enemies":"Lagavulin","floor":6.0,"turns":9.0},{"damage":33,"enemies":"Gremlin Nob","floor":8,"turns":4}],"seed_played":"1751235011847273107","potions_obtained":[],"is_trial":false,"path_per_floor":["M","?","M","?","T","E","R","E"],"character_chosen":"THE_SILENT","items_purchased":[],"campfire_rested":1,"item_purchase_floors":[],"current_hp_per_floor":[63,63,54,54,54,12,33,0,0],"gold":337,"neow_bonus":"BOSS_RELIC","is_daily":false,"chose_seed":false,"campfire_upgraded":0,"win_rate":0.0,"timestamp":1613413723,"path_taken":["M","?","M","?","?","E","R","E"],"items_purchased_type":[],"build_version":"2020-12-22","purchased_purges":0,"victory":false,"max_hp_per_floor":[70,70,70,70,70,70,70,70,70],"relic_stats":{"Shovel":0,"counters":[4,20],"HoveringKite":[3],"obtain_stats":[{"Du-Vu Doll":5,"Shovel":6,"HoveringKite":0,"Ring of the Snake":0},{"Du-Vu Doll":2,"Shovel":3,"HoveringKite":0,"Ring of the Snake":0},{"Du-Vu Doll":7,"Shovel":16,"HoveringKite":0,"Ring of the Snake":0}]},"card_choices":[{"not_picked":["Slice","Eviscerate"],"picked":"Blade Dance","floor":1.0},{"not_picked":["Dodge and Roll","Deflect"],"picked":"Dagger Spray","floor":3.0},{"not_picked":["Flechettes","Concentrate"],"picked":"Leg Sweep","floor":6.0}],"player_experience":338888,"relics_obtained":[{"floor":5.0,"key":"Du-Vu Doll"},{"floor":6.0,"key":"Shovel"}],"event_choices":[{"damage_healed":0.0,"max_hp_gain":0.0,"max_hp_loss":0.0,"gold_gain":0.0,"event_name":"Living Wall","player_choice":"Grow","floor":2.0,"gold_loss":0.0,"damage_taken":0.0,"cards_upgraded":["Neutralize"]},{"damage_healed":0.0,"max_hp_gain":0.0,"max_hp_loss":0.0,"gold_gain":175.0,"event_name":"Liars Game","player_choice":"AGREE","floor":4.0,"gold_loss":0.0,"damage_taken":0.0,"cards_obtained":["Doubt"]}],"is_beta":false,"boss_relics":[],"items_purged_floors":[],"is_endless":false,"potions_floor_spawned":[],"killed_by":"Gremlin Nob","ascension_level":11}}