{"host":"dth0zvmc1sacm2fc","time":1613350568,"event":{"mods":["BaseMod","Downfall","Googly Eyes","Marisa????????","Minty Spire (QoL Compilation)","StSLib","The Mystic","The Poker Player","The Servant 0.9.4"],"gold_per_floor":[99,116,126,42,60,94,94,4,29,44,69,83,83,94,114,214,214,14,27,37,37,53,80,80,80,111,111,130,115,115,125,137,137,137,137],"floor_reached":33,"language":"ENG","playtime":4525,"items_purged":[],"score":361,"play_id":"2803f2a4-ff66-41e1-b20a-16ef950e9a82","local_time":"20210215015608","is_ascension_mode":false,"campfire_choices":[{"floor":1.0,"key":"RECALL"},{"floor":13,"key":"REST"},{"data":"champ:TripleStrike","floor":18,"key":"SMITH"},{"data":"champ:PerfectedStrike","floor":25,"key":"SMITH"},{"data":"champ:PerfectedStrike","floor":27,"key":"SMITH"}],"circlet_count":0,"master_deck":["champ:Strike","champ:Strike","champ:Strike","champ:Strike","champ:Defend","champ:Defend","champ:Defend","champ:Execute","champ:Taunt","champ:ShieldWall","champ:FlashCut","champ:BladeFlurry","champ:Improvising","champ:FancyFootwork","champ:BladeFlurry+1","champ:BladeFlurry","champ:Duel+1","champ:TornadoPunch","champ:BringItOn","champ:Devastate","champ:GladiatorStyle","champ:BladeFlurry","champ:PerfectedStrike+1","champ:TripleStrike+1","champ:PerfectedStrike+1","champ:LastStand","champ:Haymaker+1","Clumsy","champ:RapidStrikes","champ:PreemptiveStrike","champ:FanOfKnives"],"relics":["champ:ChampionCrown","Sundial","Whetstone","Question Card","Cursed Key","downfall:HeartBlessingRed","downfall:HeartBlessingGreen","Oddly Smooth Stone","The Courier","Pen Nib"],"acts_visited":["Exordium","TheCity"],"potions_floor_usage":[11,16,29,32,33,33],"damage_taken":[{"damage":20,"enemies":"Cultist","floor":2,"turns":3},{"damage":15,"enemies":"2 Louse","floor":3,"turns":2},{"damage":23,"enemies":"downfall:FleeingMerchant","floor":4,"turns":4},{"damage":14,"enemies":"Jaw Worm","floor":5,"turns":3},{"damage":54,"enemies":"Gremlin Nob","floor":6,"turns":5},{"damage":15,"enemies":"downfall:FleeingMerchant","floor":8,"turns":4},{"damage":28,"enemies":"Lagavulin","floor":9,"turns":7},{"damage":24,"enemies":"Blue Slaver","floor":10,"turns":4},{"damage":10,"enemies":"Gremlin Nob","floor":11,"turns":3},{"damage":5,"enemies":"Lots of Slimes","floor":12,"turns":3},{"damage":10,"enemies":"3 Louse","floor":14,"turns":2},{"damage":24,"enemies":"Blue Slaver","floor":15,"turns":3},{"damage":20,"enemies":"SI_SHIV_ARCHETYPE","floor":16,"turns":6},{"damage":12,"enemies":"Spheric Guardian","floor":19,"turns":3},{"damage":32,"enemies":"downfall:LooterAlt2","floor":20,"turns":3},{"damage":0,"enemies":"Chosen and Byrds","floor":22,"turns":3},{"damage":23,"enemies":"Gremlin Leader","floor":23,"turns":5},{"damage":33,"enemies":"Book of Stabbing","floor":26,"turns":3},{"damage":0,"enemies":"Snecko","floor":28,"turns":3},{"damage":18,"enemies":"downfall:FleeingMerchant","floor":29,"turns":4},{"damage":18,"enemies":"Shelled Parasite and Fungi","floor":31,"turns":4},{"damage":0,"enemies":"Sentry and Sphere","floor":32,"turns":3},{"damage":9,"enemies":"IC_MUSHROOM_ARCHETYPE","floor":33,"turns":1}],"seed_played":"-1545147940050568829","potions_obtained":[{"floor":2,"key":"Strength Potion"},{"floor":6,"key":"SpeedPotion"},{"floor":9,"key":"Guardian:BlockOnCardUsePotion"},{"floor":10,"key":"Dexterity Potion"},{"floor":12,"key":"SmokeBomb"},{"floor":16,"key":"Block Potion"},{"floor":31,"key":"SteroidPotion"},{"floor":32,"key":"DuplicationPotion"}],"is_trial":false,"path_per_floor":["R","M","M","$","M","E","T","$","E","M","E","M","R","M","M","B",null,"R","M","M","?","M","E","T","R","E","R","M","$","?","M","M","B"],"character_chosen":"THE_CHAMP","items_purchased":["champ:Improvising","champ:Duel"],"campfire_rested":1,"item_purchase_floors":[4,8],"current_hp_per_floor":[99,99,94,91,87,53,53,48,30,16,16,11,40,40,26,16,99,99,97,75,75,75,52,52,52,29,29,29,21,21,3,3,0,0,0],"gold":137,"neow_bonus":"TEN_PERCENT_HP_BONUS","is_daily":false,"chose_seed":false,"campfire_upgraded":3,"win_rate":0.0,"timestamp":1613350568,"path_taken":["R","M","?","?","M","E","T","$","E","?","E","M","R","M","M","BOSS","R","M","M","?","M","E","T","R","E","R","?","$","?","?","M","BOSS"],"items_purchased_type":["Card","Card"],"build_version":"2020-12-22","purchased_purges":0,"victory":false,"max_hp_per_floor":[99,99,99,99,99,99,99,99,99,99,99,99,99,99,99,99,99,99,99,99,99,99,99,99,99,99,99,99,99,99,99,99,99,99,99],"card_choices":[{"not_picked":["champ:RapidStrikes","champ:FaceSlap"],"picked":"champ:ShieldWall","floor":2},{"not_picked":["champ:Shatter","champ:SetATrap"],"picked":"champ:FlashCut","floor":3},{"not_picked":["champ:EnGarde","champ:Backstep"],"picked":"champ:BladeFlurry","floor":4},{"not_picked":["champ:Circumvent","champ:Haymaker"],"picked":"champ:FancyFootwork","floor":5},{"not_picked":["champ:DefensiveShout","champ:Lariat"],"picked":"champ:BladeFlurry","floor":6},{"not_picked":["champ:Lariat","champ:Haymaker"],"picked":"champ:BladeFlurry","floor":8},{"not_picked":["champ:EndlessRage","champ:FanOfKnives"],"picked":"champ:TornadoPunch","floor":9},{"not_picked":["champ:ShieldSlam","champ:CrookedStrike"],"picked":"champ:BringItOn","floor":10},{"not_picked":["champ:DeathBlow","champ:Encircle"],"picked":"champ:Devastate","floor":11},{"not_picked":["champ:EndlessRage","champ:Backstep","champ:Lariat"],"picked":"champ:GladiatorStyle","floor":12},{"not_picked":["champ:EnGarde","champ:RisingSlash","champ:BringItOn"],"picked":"champ:BladeFlurry","floor":14},{"not_picked":["champ:HeartStrike","champ:Encircle","champ:Endure"],"picked":"champ:PerfectedStrike","floor":15},{"not_picked":["champ:CheapShot","champ:LastStand","champ:SwordThrow"],"picked":"champ:TripleStrike","floor":16},{"not_picked":["champ:ShieldWall","champ:FanOfKnives+1","champ:Circumvent"],"picked":"champ:PerfectedStrike","floor":19},{"not_picked":["champ:Shatter","champ:FanOfKnives","champ:EnGarde","champ:Encircle"],"picked":"SKIP","floor":20},{"not_picked":["champ:SkillfulDodge+1","champ:EnGarde","champ:EnragedBash"],"picked":"champ:LastStand","floor":22},{"not_picked":["champ:GutPunch","champ:FancyFootwork","champ:Endure"],"picked":"champ:Haymaker+1","floor":23},{"not_picked":["champ:Lariat+1","champ:BerserkersShout","champ:Endure+1"],"picked":"champ:RapidStrikes","floor":26},{"not_picked":["champ:FocusedDefense","champ:DefensiveShout","champ:GutPunch+1","champ:AdrenalArmor"],"picked":"SKIP","floor":28},{"not_picked":["champ:ShieldWall","champ:StanceDance","champ:HoldFirm","champ:CalledShot+1"],"picked":"SKIP","floor":29},{"not_picked":["champ:Shatter+1","champ:StanceDance+1","champ:RecklessLeap+1"],"picked":"champ:FanOfKnives","floor":31},{"not_picked":["champ:HeartStrike","champ:BringItOn","champ:EnragedBash","champ:GutPunch"],"picked":"SKIP","floor":32}],"player_experience":184388,"relics_obtained":[{"floor":6,"key":"Sundial"},{"floor":9,"key":"Whetstone"},{"floor":11,"key":"Question Card"},{"floor":23,"key":"Oddly Smooth Stone"},{"floor":24,"key":"The Courier"},{"floor":26,"key":"Pen Nib"}],"event_choices":[{"cards_removed":["champ:Defend"],"damage_healed":0,"gold_gain":0,"player_choice":"Card Removal","damage_taken":0,"max_hp_gain":0,"max_hp_loss":0,"event_name":"Wheel of Change","floor":21,"gold_loss":0}],"is_beta":false,"boss_relics":[{"not_picked":["champ:ChampionCrownUpgraded","Velvet Choker"],"picked":"Cursed Key"}],"items_purged_floors":[],"is_endless":false,"potions_floor_spawned":[2,6,9,10,12,15,16,20,22,26,28,31,32],"killed_by":"IC_MUSHROOM_ARCHETYPE","ascension_level":0}}