{"host":"t9h87jftyp6v51pz","time":1613396653,"event":{"mods":["Ascension Reborn","BaseMod","LagranYue(¿≠∏Ò¿ °§‘¬)","Minty Spire (QoL Compilation)","MostiFishMod","StSLib","Waifu the Spire"],"gold_per_floor":[113,113,126,140,90,120,172,192,215,215,228,228,241,261,261,261,261],"floor_reached":16,"language":"ZHS","playtime":1140,"items_purged":[],"score":179,"play_id":"03bdc0bb-5f24-4e61-a28b-7ecb09f4062d","local_time":"20210215214413","daily_mods":["Specialized","ControlledChaos","Binary"],"is_ascension_mode":true,"campfire_choices":[{"data":"LagranYue:AttackEngravingRoseCard","floor":12,"key":"SMITH"},{"data":"LagranYue:AttackEngravingRoseCard","floor":15,"key":"SMITH"}],"circlet_count":0,"master_deck":["LagranYue:BaseAttackCard+1","LagranYue:BaseAttackCard+1","LagranYue:BaseDefendCard+1","LagranYue:BaseDefendCard+1","LagranYue:BaseDefendCard+1","LagranYue:AttackTopazCard+1","LagranYue:SkillBrokenSwordCard+1","LagranYue:BaseDefendCard+1","LagranYue:AttackEngravingRoseCard+1","LagranYue:AttackEngravingRoseCard+1","LagranYue:AttackEngravingRoseCard","LagranYue:AttackEngravingRoseCard","LagranYue:AttackRubyCard","LagranYue:AttackRavagedCard","LagranYue:EmeraldRemorseCard","LagranYue:RubyDefendCard","LagranYue:AttackEngravingRoseCard","LagranYue:RoseCard","LagranYue:AttackWaltzCard"],"relics":["LagranYue:ArmsProficiencyRelics","Frozen Eye","DaveBox","LagranYue:RandomDrawCardRelic","Civilization","SynthV:TestCard","Vajra","Happy Flower","Bag of Marbles"],"acts_visited":["Exordium"],"potions_floor_usage":[],"damage_taken":[{"damage":1,"enemies":"Small Slimes","floor":1,"turns":3},{"damage":0,"enemies":"2 Louse","floor":3,"turns":2},{"damage":0,"enemies":"Cultist","floor":4,"turns":1},{"damage":6,"enemies":"Lagavulin","floor":6,"turns":3},{"damage":0,"enemies":"Large Slime","floor":8,"turns":1},{"damage":0,"enemies":"3 Louse","floor":11,"turns":1},{"damage":0,"enemies":"Exordium Thugs","floor":13,"turns":1},{"damage":0,"enemies":"Large Slime","floor":14,"turns":2},{"damage":27,"enemies":"Hexaghost","floor":16,"turns":4}],"seed_played":"-1855060206548583938","potions_obtained":[{"floor":3,"key":"SteroidPotion"},{"floor":6,"key":"Explosive Potion"},{"floor":11,"key":"AttackPotion"},{"floor":14,"key":"SpeedPotion"}],"is_trial":true,"path_per_floor":["M","?","M","M","?","E","T","M","T","?","M","R","M","M","R","B"],"character_chosen":"LagranYueCharacter","items_purchased":[],"campfire_rested":0,"item_purchase_floors":[],"current_hp_per_floor":[76,69,73,78,78,77,77,82,82,82,87,87,92,97,97,70,70],"gold":261,"neow_bonus":"","is_daily":false,"chose_seed":false,"campfire_upgraded":2,"win_rate":0.0,"timestamp":1613396653,"path_taken":["M","?","M","M","?","E","?","M","T","?","?","R","?","M","R","BOSS"],"items_purchased_type":[],"build_version":"2020-12-22","purchased_purges":0,"victory":false,"max_hp_per_floor":[77,77,81,86,86,91,91,96,96,96,101,101,106,111,111,111,111],"card_choices":[{"not_picked":["LagranYue:AttackGoldCard"],"picked":"LagranYue:AttackRubyCard","floor":1},{"not_picked":["LagranYue:SkillExplosiveArmorCard","LagranYue:AttackSapphireCard","LagranYue:SkillBrokenSwordCard"],"picked":"LagranYue:AttackRavagedCard","floor":3},{"not_picked":["LagranYue:AttackKillerCard","LagranYue:SkillTestamentCard","LagranYue:EatTigerCard","LagranYue:DefendBetterCard"],"picked":"SKIP","floor":4},{"not_picked":["LagranYue:SkillIncompleteArchCard","LagranYue:AttackKillerCard","LagranYue:AttackFaithCard"],"picked":"LagranYue:EmeraldRemorseCard","floor":6},{"not_picked":["LagranYue:EmeraldRemorseCard","LagranYue:AttackDevilCard","LagranYue:PowerMaxArmsPliesCard"],"picked":"LagranYue:RubyDefendCard","floor":8},{"not_picked":["LagranYue:EatTigerCard","LagranYue:AttackTopazCard","LagranYue:AttackIceCard"],"picked":"LagranYue:AttackEngravingRoseCard","floor":11},{"not_picked":["LagranYue:SkillWoodSpearCard","LagranYue:AttackSummerCard","LagranYue:SkillBrokenShieldCard"],"picked":"LagranYue:RoseCard","floor":13},{"not_picked":["LagranYue:AttackDevilCard","LagranYue:MultipleThornsCard","LagranYue:PurpleNightmareCard"],"picked":"LagranYue:AttackWaltzCard","floor":14}],"player_experience":0,"relics_obtained":[{"floor":1,"key":"SynthV:TestCard"},{"floor":6,"key":"Vajra"},{"floor":7,"key":"Happy Flower"},{"floor":9,"key":"Bag of Marbles"}],"event_choices":[{"cards_removed":["LagranYue:AttackEngravingRoseCard"],"damage_healed":0,"gold_gain":0,"player_choice":"Card Removal","damage_taken":7,"max_hp_gain":0,"max_hp_loss":0,"event_name":"Golden Wing","floor":2,"gold_loss":0},{"cards_removed":["LagranYue:BaseAttackCard"],"damage_healed":0,"gold_gain":0,"player_choice":"Card Removal","damage_taken":0,"max_hp_gain":0,"max_hp_loss":0,"event_name":"The Cleric","floor":5,"gold_loss":50},{"cards_removed":["LagranYue:BaseAttackCard"],"damage_healed":0,"gold_gain":0,"player_choice":"Offered Basic","damage_taken":0,"max_hp_gain":0,"max_hp_loss":0,"event_name":"Bonfire Elementals","floor":10,"gold_loss":0}],"is_beta":false,"boss_relics":[],"items_purged_floors":[],"is_endless":false,"potions_floor_spawned":[3,6,11,14],"killed_by":"Hexaghost","ascension_level":0}}