{"host":"g5fmetnswx4f9rhi","time":1613352559,"event":{"mods":["AchievementEnabler","Act Like it!","Aspiration","BaseMod","Conspire","Friendly Minions","Gensokyo","GifTheSpireLib","Halation","Hallownest","Hubris","Infinite Spire","Jorbs\u0027s Wanderer Trilogy","Koishi","Lobotomy","LobotomyExtend","Luminous","Mari Mod (Legacy)","Mari\u0027s V1 Patch","Marisa????????","Marked Mod","Mimic Mod","Minty Spire (QoL Compilation)","Railgun Mod","Reimu??????","Reliquary","Remilia??????","Replay The Spire","StSLib","Td1madao Mod","The Administrix","The Alterego","The Animator","The Bladedancer","The Bug Knight","The Cursed","The Disciple","The Hierophant","The Jungle","The Marked","The Necromancer","The Senshi","The Servant 0.9.4","Waifu the Spire","WarShipGirlsR/????R mod","Yakumo Yukari mod","Yuri Mod"],"gold_per_floor":[115,115,40,40,53,85,104,138,175,208,232,247,258,258,258,362,362,380,390,390,315,230,230,264,264,290,290,36,61,61,79,79,175,175,190,190,214,214,214,247,247,265,303,320,330,342,0,0,0,0,0,0,0,35,35,35],"floor_reached":55,"language":"ENG","playtime":9315,"items_purged":["Strike_R","Strike_R","Strike_R","Defend_R"],"score":851,"play_id":"44a600ae-0802-4023-9401-2caed3b26899","local_time":"20210214192919","is_ascension_mode":false,"campfire_choices":[{"floor":15,"key":"RECALL"},{"floor":32,"key":"REST"},{"data":"infinitespire:SevenWalls","floor":41,"key":"SMITH"},{"floor":49,"key":"REST"}],"circlet_count":0,"master_deck":["Defend_R","Defend_R","Defend_R","Bash","Berserk","Iron Wave","Spreading Infection","Demon Form+1","Demon Form","Armaments","Flame Barrier","Body Slam","ReplayTheSpireMod:Stacked","Armaments+1","ReplayReversal+1","Eclipse","Armaments","Shrug It Off","infinitespire:SevenWalls+1","Shrug It Off","Pommel Strike+1","Reaper","hubris:NaturalOne","Ghostly Armor+1","infinitespire:OneForAll+1","Body Slam+1","Entrench+1","Armaments+1"],"relics":["Burning Blood","ReplayTheSpireMod:Ring of Exchange","ReplayTheSpireMod:Ring of Addiction","Chameleon Ring","Potion Belt","conspire:BottledYoYo","hubris:GlazedTorus","Replay:Rubber Ducky","Replay:WaspNest","Gremlin Food","Velvet Choker","Calipers","hubris:ChampionShield","Bronze Scales","reliquary:QuartzCube","halation:Jellyphish","hubris:Icosahedron","Happy Flower","halation:PapillonHeart","aspiration:TomeofQuesting","Replay:Arrowhead","LetterFromLob","Red Mask","halation:Trompette","infinitespire:PuzzleCube"],"acts_visited":["Gensokyo:Gensokyo","TheCity","TheBeyond","TheEnding"],"potions_floor_usage":[6,8,8,10,10,10,10,13,16,19,19,19,19,24,29,29,33,33,42,44,50,54,54,55],"damage_taken":[{"damage":1,"enemies":"Gensokyo:2_Kodama","floor":1,"turns":4},{"damage":0,"enemies":"Gensokyo:3_Fairies","floor":5,"turns":4},{"damage":37,"enemies":"Gensokyo:Cirno","floor":6,"turns":8},{"damage":14,"enemies":"Gensokyo:Gryphon","floor":7,"turns":4},{"damage":15,"enemies":"Gensokyo:Aya","floor":8,"turns":4},{"damage":1,"enemies":"Gensokyo:3_Kodama","floor":9,"turns":5},{"damage":0,"enemies":"Gensokyo:Cirno","floor":10,"turns":7},{"damage":17,"enemies":"Gensokyo:3_Kodama","floor":12,"turns":5},{"damage":5,"enemies":"Gensokyo:2_Rabbits","floor":13,"turns":6},{"damage":24,"enemies":"Gensokyo:Yukari","floor":16,"turns":8},{"damage":16,"enemies":"conspire:FuzzyDice","floor":18,"turns":3},{"damage":36,"enemies":"3 Cultists","floor":19,"turns":7},{"damage":0,"enemies":"Nightmare","floor":24,"turns":7},{"damage":7,"enemies":"Slavers","floor":29,"turns":7},{"damage":0,"enemies":"Cultist and Chosen","floor":31,"turns":5},{"damage":14,"enemies":"Automaton","floor":33,"turns":8},{"damage":14,"enemies":"3 Darklings","floor":35,"turns":5},{"damage":4,"enemies":"R_Hoarder","floor":40,"turns":8},{"damage":0,"enemies":"3 Shapes","floor":42,"turns":5},{"damage":0,"enemies":"Transient","floor":43,"turns":9},{"damage":42,"enemies":"Transient","floor":44,"turns":5},{"damage":26,"enemies":"Writhing Mass","floor":45,"turns":5},{"damage":0,"enemies":"Spire Growth","floor":46,"turns":4},{"damage":33,"enemies":"Awakened One","floor":50,"turns":11},{"damage":87,"enemies":"Shield and Spear","floor":54,"turns":8},{"damage":59,"enemies":"The Heart","floor":55,"turns":6}],"seed_played":"-4081264745299017275","potions_obtained":[{"floor":4,"key":"Venom Potion"},{"floor":4,"key":"SkillPotion"},{"floor":4,"key":"LifebloodPotion"},{"floor":6,"key":"Energy Potion"},{"floor":7,"key":"BloodPotion"},{"floor":8,"key":"EntropicBrew"},{"floor":16,"key":"Block Potion"},{"floor":18,"key":"EssenceOfSteel"},{"floor":19,"key":"ColorlessPotion"},{"floor":23,"key":"PanachePotion"},{"floor":23,"key":"FairyPotion"},{"floor":25,"key":"SkillPotion"},{"floor":25,"key":"Flashbang"},{"floor":30,"key":"LifebloodPotion"},{"floor":30,"key":"DuplicationPotion"},{"floor":40,"key":"Adrenaline Potion"},{"floor":42,"key":"Death Potion"},{"floor":46,"key":"ColorlessPotion"},{"floor":52,"key":"Ancient Potion"},{"floor":52,"key":"SpeedPotion"}],"is_trial":false,"path_per_floor":["M","?","$","?","M","E","M","E","MIM","E","T","M","M","?","R","B",null,"M","M","AVR","?","?","R","NM","R","T","T","$","E","R","M","R","B",null,"M","?","T","?","AVR","E","R","M","MIM","M","M","M","?","$","R","B",null,"R","$","E","B"],"character_chosen":"IRONCLAD","items_purchased":["reliquary:PorcupineQuills"],"campfire_rested":2,"item_purchase_floors":[28],"current_hp_per_floor":[80,80,80,80,80,49,41,56,61,67,67,56,57,57,57,39,80,70,40,40,40,40,40,46,46,46,46,46,45,45,51,73,65,74,66,66,66,66,66,72,72,72,72,36,16,29,29,29,50,61,70,70,70,36,0,0],"gold":35,"neow_bonus":"TRANSFORM_CARD","is_daily":false,"chose_seed":false,"campfire_upgraded":1,"win_rate":0.0,"timestamp":1613352559,"path_taken":["M","?","$","?","M","E","M","E","MIM","E","?","M","M","?","R","BOSS","M","M","AVR","?","?","R","NM","R","T","?","$","E","R","M","R","BOSS","M","?","?","?","AVR","E","R","M","MIM","M","M","?","?","?","R","BOSS","R","$","E","BOSS"],"items_purchased_type":["Relic"],"build_version":"2020-12-22","purchased_purges":4,"victory":false,"max_hp_per_floor":[80,80,80,80,80,80,80,80,80,80,80,80,80,80,80,80,80,80,80,80,80,80,78,78,78,78,78,76,76,76,76,76,74,74,74,74,72,68,68,72,72,72,72,72,72,72,72,70,70,70,70,70,70,68,68,68],"card_choices":[{"not_picked":["Clothesline","Anger"],"picked":"Iron Wave","floor":1},{"not_picked":["Headbutt","Searing Blow"],"picked":"Demon Form","floor":5},{"not_picked":["Warcry","Fiend Fire"],"picked":"Demon Form","floor":6},{"not_picked":["Body Slam","Dropkick"],"picked":"Armaments","floor":7},{"not_picked":["Shockwave","Flex"],"picked":"Flame Barrier","floor":8},{"not_picked":["Twin Strike","Bludgeon"],"picked":"Body Slam","floor":9},{"not_picked":["Demon Form","Flex"],"picked":"ReplayTheSpireMod:Stacked","floor":10},{"not_picked":["Clothesline","Iron Wave"],"picked":"Armaments","floor":12},{"not_picked":["Cleave","Blood for Blood"],"picked":"ReplayReversal","floor":13},{"not_picked":["Double Tap","Fiend Fire"],"picked":"Eclipse","floor":16},{"not_picked":["Cleave","Clothesline"],"picked":"Armaments","floor":18},{"not_picked":["Uppercut","Body Slam"],"picked":"Shrug It Off","floor":19},{"not_picked":["Anger","Second Wind+1"],"picked":"Shrug It Off","floor":24},{"not_picked":["Second Wind+1","ReplayTheSpireMod:LeadingStrike"],"picked":"Pommel Strike+1","floor":29},{"not_picked":["Replay:Undeath\u0027s Touch","Clash","Disarm"],"picked":"SKIP","floor":31},{"not_picked":["Brutality","Impervious"],"picked":"Reaper","floor":33},{"not_picked":["Uppercut+1","Sword Boomerang+1","Anger"],"picked":"SKIP","floor":35},{"not_picked":["Clothesline+1","Second Wind+1","Dropkick+1"],"picked":"SKIP","floor":40},{"not_picked":["Twin Strike+1","Flex+1"],"picked":"Ghostly Armor+1","floor":42},{"not_picked":["Seeing Red","Sword Boomerang+1"],"picked":"infinitespire:OneForAll+1","floor":43},{"not_picked":["Berserk","Defy Death+1"],"picked":"Body Slam+1","floor":44},{"not_picked":["ReplayReversal+1","Cleave"],"picked":"Entrench+1","floor":45},{"not_picked":["Replay:Undeath\u0027s Touch+1","Carnage+1","Body Slam+1"],"picked":"SKIP","floor":46},{"not_picked":["Cleave+1","infinitespire:OneForAll"],"picked":"Armaments+1","floor":54}],"player_experience":44120,"relics_obtained":[{"floor":4,"key":"ReplayTheSpireMod:Ring of Exchange"},{"floor":4,"key":"ReplayTheSpireMod:Ring of Addiction"},{"floor":4,"key":"Chameleon Ring"},{"floor":4,"key":"Potion Belt"},{"floor":6,"key":"conspire:BottledYoYo"},{"floor":8,"key":"hubris:GlazedTorus"},{"floor":9,"key":"Replay:Rubber Ducky"},{"floor":10,"key":"Replay:WaspNest"},{"floor":11,"key":"Gremlin Food"},{"floor":24,"key":"Bronze Scales"},{"floor":27,"key":"reliquary:QuartzCube"},{"floor":29,"key":"hubris:SphereOfDissonance"},{"floor":37,"key":"Happy Flower"},{"floor":43,"key":"Replay:Arrowhead"},{"floor":45,"key":"LetterFromLob"},{"floor":54,"key":"halation:Trompette"}],"event_choices":[{"cards_removed":["Strike_R"],"damage_healed":0,"gold_gain":0,"player_choice":"Gave Gold","damage_taken":0,"max_hp_gain":0,"max_hp_loss":0,"event_name":"Beggar","floor":21,"gold_loss":75},{"damage_healed":0,"gold_gain":0,"player_choice":"Obtained Relic","damage_taken":0,"relics_obtained":["hubris:ChampionShield"],"max_hp_gain":0,"max_hp_loss":0,"event_name":"Addict","floor":22,"gold_loss":85},{"damage_healed":0,"gold_gain":0,"player_choice":"Paid","damage_taken":0,"relics_obtained":["Red Mask"],"max_hp_gain":0,"max_hp_loss":0,"event_name":"Tomb of Lord Red Mask","floor":47,"gold_loss":342}],"is_beta":false,"boss_relics":[{"not_picked":["halation:Yufonium","ReplayTheSpireMod:CursedCoin"],"picked":"Velvet Choker"},{"not_picked":["aspiration:KaomsHeart","halation:NonexistentMirror"],"picked":"halation:Jellyphish"}],"items_purged_floors":[3,20,28,39],"is_endless":false,"potions_floor_spawned":[6,7,8,16,18,19,40,42,46],"killed_by":"The Heart","ascension_level":0}}