{"host":"Hova","time":1613419100,"event":{"mods":["AchievementEnabler","Aspiration","BaseMod","Better Match","Better Note","Colored Map","Colored Powertips","DeckTracker","Downfall","Hubris","Infinite Spire","Minty Spire (QoL Compilation)","Rare Cards Sparkle","Reliquary","Remilia??????","Replay The Spire","Shop Mod","StSLib","SuperFastMode","The Clintock","The Cursed","The Death Knight","The Necromancer","The Servant 0.9.4"],"gold_per_floor":[99,199,210,52,52,78,103,119,119,136,46,46,46,46,57,156,156,156,175,194,205,225,240,319,336,44,73,73,84,84,84,103,103,103],"floor_reached":33,"language":"ENG","playtime":2468,"items_purged":["Slimebound:Defend_Slimebound","Slimebound:Defend_Slimebound"],"score":319,"play_id":"a11fc149-273e-4314-bd86-6e018a6e102e","local_time":"20210215225820","is_ascension_mode":false,"campfire_choices":[{"floor":9,"key":"REST"},{"floor":12,"key":"REST"},{"data":"Slimebound:MassFeed","floor":18,"key":"SMITH"},{"floor":30,"key":"RECALL"}],"circlet_count":0,"master_deck":["Slimebound:Strike_Slimebound","Slimebound:Strike_Slimebound","Slimebound:Tackle","Slimebound:Split","Slimebound:CorrosiveSpit","Slimebound:LivingWall","Slimebound:Prepare","Slimebound:SamplingLick","Slimebound:Split","Slimebound:Schlurp","Slimebound:Nibble","Slimebound:MinionMaster","Slimebound:RainOfGoop","Slimebound:ItLooksTasty","Slimebound:MassFeed+1","Slimebound:Gluttony","Slimebound:Nibble","Slimebound:Schlurp+1","Slimebound:SamplingLick+1","Slimebound:Nibble","Slimebound:SplitLeeching","Slimebound:SlimeTap","ReplayTheSpireMod:Brewmster","Slimebound:Gluttony","Slimebound:Replication","Slimebound:Dissolve"],"relics":["Slimebound:AbsorbEndCombat","Happy Flower","infinitespire:Golems Mask","Potion Belt","ChewingGum","reliquary:QuartzCube","Snack Pack","hubris:Metronome"],"acts_visited":["Exordium","TheCity"],"potions_floor_usage":[4,20,21,27,27,27,29,29,29,33,33,33,33,33,33,33,33,33,33,33,33],"damage_taken":[{"damage":13,"enemies":"Small Slimes","floor":3,"turns":3},{"damage":3,"enemies":"downfall:FleeingMerchant","floor":4,"turns":4},{"damage":56,"enemies":"Gremlin Nob","floor":6,"turns":5},{"damage":2,"enemies":"Cultist","floor":8,"turns":3},{"damage":0,"enemies":"2 Louse","floor":10,"turns":3},{"damage":12,"enemies":"downfall:FleeingMerchant","floor":11,"turns":4},{"damage":10,"enemies":"downfall:LooterAlt","floor":15,"turns":3},{"damage":25,"enemies":"IC_STATUS_ARCHETYPE","floor":16,"turns":8},{"damage":10,"enemies":"Shell Parasite","floor":19,"turns":5},{"damage":8,"enemies":"Chosen","floor":20,"turns":4},{"damage":3,"enemies":"Centurion and Healer","floor":21,"turns":3},{"damage":11,"enemies":"Snecko","floor":22,"turns":5},{"damage":17,"enemies":"Snake Plant","floor":23,"turns":3},{"damage":16,"enemies":"Shelled Parasite and Fungi","floor":25,"turns":4},{"damage":0,"enemies":"downfall:FleeingMerchant","floor":26,"turns":4},{"damage":19,"enemies":"Slavers","floor":27,"turns":5},{"damage":0,"enemies":"Centurion and Healer","floor":29,"turns":5},{"damage":18,"enemies":"Snake Plant","floor":32,"turns":3},{"damage":83,"enemies":"DF_ARCHETYPE_CLAW","floor":33,"turns":6}],"seed_played":"-332283594261494466","potions_obtained":[{"floor":3,"key":"Ancient Potion"},{"floor":6,"key":"Guardian:BlockOnCardUsePotion"},{"floor":10,"key":"Elixir"},{"floor":16,"key":"AttackPotion"},{"floor":20,"key":"SteroidPotion"},{"floor":21,"key":"champ:CounterPotion"},{"floor":25,"key":"LiquidBronze"},{"floor":32,"key":"ColorlessPotion"}],"is_trial":false,"path_per_floor":["R_BF","?","M","$","?","E","T","M","R","M","$","R","?","T","M","B",null,"R","M","M","M","M","M","T","M","$","E","?","M","R","T","M","B"],"character_chosen":"SLIMEBOUND","items_purchased":["Happy Flower","ReplayTheSpireMod:Brewmster"],"campfire_rested":2,"item_purchase_floors":[4,26],"current_hp_per_floor":[71,71,62,61,61,7,7,9,30,34,28,49,49,49,43,26,71,71,64,64,72,70,59,59,55,63,56,56,74,74,74,64,0,0,0],"gold":103,"neow_bonus":"TEN_PERCENT_HP_BONUS","is_daily":false,"chose_seed":false,"campfire_upgraded":1,"win_rate":0.0,"timestamp":1613419100,"path_taken":["R_BF","?","?","?","?","E","T","M","R","?","?","R","?","?","M","BOSS","R","M","?","M","M","M","T","M","$","E","?","M","R","?","M","BOSS"],"items_purchased_type":["Relic","Card"],"build_version":"2020-11-17","purchased_purges":2,"victory":false,"max_hp_per_floor":[71,71,71,71,71,71,71,71,71,71,71,71,71,71,71,71,71,71,71,71,75,79,79,79,83,83,87,87,95,95,95,95,95,95,95],"card_choices":[{"not_picked":["Slimebound:LeechEnergy","Slimebound:Repurpose"],"picked":"Slimebound:Prepare","floor":3},{"not_picked":["Slimebound:GrowthPunch","Slimebound:FlameTackle"],"picked":"Slimebound:SamplingLick","floor":4},{"not_picked":["Slimebound:SplitBruiser","Slimebound:LeechingTouch"],"picked":"Slimebound:Schlurp","floor":6},{"not_picked":["Slimebound:Repurpose","Slimebound:GoopTackle"],"picked":"Slimebound:Nibble","floor":8},{"not_picked":["Slimebound:SplitLeeching","Slimebound:LeechingTouch"],"picked":"Slimebound:MinionMaster","floor":10},{"not_picked":["Slimebound:HauntingLick","Slimebound:SlimeSpikes"],"picked":"Slimebound:RainOfGoop","floor":11},{"not_picked":["Slimebound:LeechEnergy","Slimebound:SlimeBrawl"],"picked":"Slimebound:ItLooksTasty","floor":15},{"not_picked":["Slimebound:WasteNot","Slimebound:LeechLife"],"picked":"Slimebound:MassFeed","floor":16},{"not_picked":["Slimebound:SlimeSpikes","Slimebound:SpikyOuterGoop+1"],"picked":"Slimebound:Gluttony","floor":19},{"not_picked":["Slimebound:Equalize","Slimebound:Dissolve"],"picked":"Slimebound:Nibble","floor":20},{"not_picked":["Slimebound:AcidTongue","Slimebound:PressTheAttack"],"picked":"Slimebound:Schlurp+1","floor":21},{"not_picked":["Slimebound:SplitMire","Slimebound:GoopSpray"],"picked":"Slimebound:SamplingLick+1","floor":22},{"not_picked":["Slimebound:Dissolve","Slimebound:MegaLick"],"picked":"Slimebound:Nibble","floor":23},{"not_picked":["Slimebound:Prepare","Slimebound:SplitAcid+1"],"picked":"Slimebound:SplitLeeching","floor":25},{"not_picked":["Slimebound:SlimeBrawl+1","Slimebound:GoopTackle"],"picked":"Slimebound:SlimeTap","floor":26},{"not_picked":["Slimebound:LevelUp","Slimebound:HauntingLick"],"picked":"Slimebound:Gluttony","floor":27},{"not_picked":["Slimebound:MassFeed","Slimebound:HauntingLick"],"picked":"Slimebound:Replication","floor":29},{"not_picked":["Slimebound:Schlurp","Slimebound:Equalize"],"picked":"Slimebound:Dissolve","floor":32}],"player_experience":9413,"relics_obtained":[{"floor":6,"key":"infinitespire:Golems Mask"},{"floor":7,"key":"Potion Belt"},{"floor":24,"key":"reliquary:QuartzCube"},{"floor":27,"key":"Snack Pack"},{"floor":31,"key":"hubris:Metronome"}],"event_choices":[],"is_beta":true,"boss_relics":[{"not_picked":["Velvet Choker","ReplayTheSpireMod:DimensionalGlitch"],"picked":"ChewingGum"}],"items_purged_floors":[11,26],"is_endless":false,"potions_floor_spawned":[3,6,10,16,20,21,25,32],"killed_by":"DF_ARCHETYPE_CLAW","ascension_level":0}}