{"host":"0ucmu30xnqs1j0i5","time":1613411729,"event":{"mods":["Ascension Reborn","BaseMod","Minty Spire (QoL Compilation)","Quick Restart"],"gold_per_floor":[111,111,129,129,129,155,155,175,198,223,239,239,164,174,174,269,269,253,272,287,303,316,316,130,144,216,228,261,271,297,297,297,395,395,411,411,430,234,254,268,279,78,78,78,94,94,119,137,137,137],"floor_reached":51,"language":"ZHS","playtime":6136,"items_purged":["Strike_R","Strike_R","Strike_R","Cleave"],"score":885,"play_id":"727add9e-8e9a-4ff5-a5ec-27943d1686e2","local_time":"20210216015529","is_ascension_mode":true,"campfire_choices":[{"data":"Body Slam","floor":12,"key":"SMITH"},{"data":"Body Slam","floor":15,"key":"SMITH"},{"data":"Barricade","floor":23,"key":"SMITH"},{"data":"Barricade","floor":32,"key":"SMITH"},{"data":"Armaments","floor":44,"key":"SMITH"},{"data":"Armaments","floor":49,"key":"SMITH"}],"circlet_count":0,"master_deck":["Defend_R","Defend_R","Defend_R","Defend_R","Shrug It Off","Body Slam+1","Battle Trance","True Grit","True Grit","Body Slam+1","Barricade+1","Armaments+1","Body Slam+1","Metallicize","Shrug It Off","Barricade+1","Armaments+1","Finesse","Battle Trance","Juggernaut","Body Slam+1","Ghostly Armor","Juggernaut","Power Through+1","Power Through+1","Shrug It Off+1","Ghostly Armor+1","Body Slam"],"relics":["Burning Blood","PreservedInsect","Prayer Wheel","Oddly Smooth Stone","TungstenRod","Coffee Dripper","InkBottle","Dream Catcher","Centennial Puzzle","Runic Pyramid","Du-Vu Doll","Blood Vial"],"acts_visited":["Exordium","TheCity","TheBeyond"],"potions_floor_usage":[16,16,16,27,33,40,48,50,50],"damage_taken":[{"damage":7,"enemies":"Small Slimes","floor":1,"turns":6},{"damage":0,"enemies":"2 Louse","floor":3,"turns":3},{"damage":47,"enemies":"Gremlin Nob","floor":6,"turns":6},{"damage":1,"enemies":"Jaw Worm","floor":8,"turns":5},{"damage":11,"enemies":"Lagavulin","floor":10,"turns":6},{"damage":10,"enemies":"Gremlin Gang","floor":11,"turns":9},{"damage":0,"enemies":"Red Slaver","floor":14,"turns":5},{"damage":34,"enemies":"Hexaghost","floor":16,"turns":16},{"damage":7,"enemies":"2 Thieves","floor":18,"turns":4},{"damage":0,"enemies":"3 Byrds","floor":19,"turns":6},{"damage":4,"enemies":"Centurion and Healer","floor":20,"turns":7},{"damage":0,"enemies":"Snake Plant","floor":21,"turns":4},{"damage":0,"enemies":"Snecko","floor":22,"turns":6},{"damage":0,"enemies":"Shelled Parasite and Fungi","floor":25,"turns":6},{"damage":4,"enemies":"Sentry and Sphere","floor":27,"turns":8},{"damage":0,"enemies":"Gremlin Leader","floor":28,"turns":5},{"damage":6,"enemies":"Snake Plant","floor":29,"turns":5},{"damage":0,"enemies":"Book of Stabbing","floor":30,"turns":4},{"damage":0,"enemies":"Champ","floor":33,"turns":7},{"damage":9,"enemies":"Orb Walker","floor":35,"turns":5},{"damage":14,"enemies":"3 Shapes","floor":37,"turns":4},{"damage":18,"enemies":"Sphere and 2 Shapes","floor":39,"turns":5},{"damage":29,"enemies":"3 Darklings","floor":40,"turns":5},{"damage":13,"enemies":"4 Shapes","floor":41,"turns":4},{"damage":0,"enemies":"Writhing Mass","floor":45,"turns":4},{"damage":5,"enemies":"Reptomancer","floor":47,"turns":5},{"damage":19,"enemies":"Transient","floor":48,"turns":5},{"damage":0,"enemies":"Awakened One","floor":50,"turns":9}],"seed_played":"-4544712628305670501","potions_obtained":[{"floor":3,"key":"AttackPotion"},{"floor":10,"key":"Swift Potion"},{"floor":11,"key":"Block Potion"},{"floor":16,"key":"GamblersBrew"},{"floor":21,"key":"SmokeBomb"},{"floor":25,"key":"Swift Potion"},{"floor":28,"key":"Explosive Potion"},{"floor":30,"key":"GamblersBrew"},{"floor":37,"key":"GamblersBrew"},{"floor":40,"key":"SkillPotion"},{"floor":48,"key":"DistilledChaos"}],"is_trial":true,"path_per_floor":["M","?","M","?","?","E","?","M","T","E","M","R","$","M","R","B",null,"M","M","M","M","M","R","$","M","T","M","E","M","E","?","R","B",null,"M","?","M","$","M","M","M","$","T","R","M","$","E","M","R","B",null],"character_chosen":"IRONCLAD","items_purchased":["Finesse","Ghostly Armor","SpeedPotion"],"campfire_rested":0,"item_purchase_floors":[24,38,42],"current_hp_per_floor":[79,79,80,73,61,20,46,51,51,46,42,42,42,48,48,20,80,79,80,80,80,80,80,80,80,80,80,80,80,80,80,80,80,80,77,77,69,69,57,34,27,27,27,27,33,33,34,23,23,31],"gold":137,"neow_bonus":"","is_daily":false,"chose_seed":false,"campfire_upgraded":6,"win_rate":0.0,"timestamp":1613411729,"path_taken":["M","?","M","?","?","E","?","M","T","E","M","R","$","M","R","BOSS","M","M","M","M","M","R","$","M","T","M","E","M","E","?","R","BOSS","M","?","M","$","?","M","M","$","T","R","M","?","E","M","R","BOSS"],"items_purchased_type":["Card","Card","Potion"],"build_version":"2020-12-22","purchased_purges":4,"victory":true,"max_hp_per_floor":[80,80,80,80,80,80,80,80,80,80,80,80,80,80,80,80,80,80,80,80,80,80,80,80,80,80,80,80,80,80,80,80,80,80,80,80,80,80,80,80,80,80,80,80,80,80,80,80,80,80],"card_choices":[{"not_picked":["Thunderclap","Sentinel"],"picked":"Shrug It Off","floor":1},{"not_picked":["Pommel Strike","Headbutt"],"picked":"Body Slam","floor":3},{"not_picked":["Sever Soul","Combust"],"picked":"Battle Trance","floor":6},{"not_picked":["Heavy Blade","Fire Breathing"],"picked":"True Grit","floor":8},{"not_picked":["Twin Strike","Anger","Wild Strike"],"picked":"SKIP","floor":8},{"not_picked":["Thunderclap","Headbutt","Dual Wield"],"picked":"SKIP","floor":10},{"not_picked":["Wild Strike","Havoc"],"picked":"True Grit","floor":11},{"not_picked":["Searing Blow","Havoc"],"picked":"Cleave","floor":11},{"not_picked":["Wild Strike","Dark Embrace"],"picked":"Body Slam","floor":14},{"not_picked":["Hemokinesis","Flex","Berserk"],"picked":"SKIP","floor":14},{"not_picked":["Brutality","Immolate"],"picked":"Barricade","floor":16},{"not_picked":["Anger","Havoc"],"picked":"Armaments","floor":18},{"not_picked":["Disarm","Anger+1"],"picked":"Body Slam+1","floor":18},{"not_picked":["Sentinel","Perfected Strike"],"picked":"Metallicize","floor":19},{"not_picked":["Heavy Blade","Pommel Strike","Perfected Strike"],"picked":"SKIP","floor":19},{"not_picked":["Havoc","Fire Breathing"],"picked":"Shrug It Off","floor":20},{"not_picked":["Infernal Blade","Headbutt","Seeing Red"],"picked":"SKIP","floor":20},{"not_picked":["Cleave+1","Burning Pact+1"],"picked":"Barricade","floor":21},{"not_picked":["Anger+1","Sever Soul","Clothesline"],"picked":"SKIP","floor":21},{"not_picked":["Sword Boomerang+1","Combust"],"picked":"Armaments","floor":22},{"not_picked":["Rupture","Reckless Charge","Perfected Strike+1"],"picked":"SKIP","floor":22},{"not_picked":["Warcry+1","Feed","Dark Embrace"],"picked":"SKIP","floor":25},{"not_picked":["Seeing Red+1","Headbutt+1","Iron Wave+1"],"picked":"SKIP","floor":25},{"not_picked":["Headbutt","Feel No Pain","Spot Weakness+1"],"picked":"SKIP","floor":27},{"not_picked":["Cleave","Wild Strike+1","Headbutt"],"picked":"SKIP","floor":27},{"not_picked":["Headbutt","Anger+1","Dual Wield+1"],"picked":"SKIP","floor":28},{"not_picked":["Reckless Charge+1","Headbutt","Sever Soul"],"picked":"SKIP","floor":29},{"not_picked":["Havoc","Clash","Pommel Strike"],"picked":"SKIP","floor":29},{"not_picked":["Iron Wave","Pommel Strike+1"],"picked":"Battle Trance","floor":30},{"not_picked":["Immolate","Brutality"],"picked":"Juggernaut","floor":33},{"not_picked":["Anger+1","Immolate"],"picked":"Body Slam+1","floor":35},{"not_picked":["Armaments","Twin Strike+1","Flex+1"],"picked":"SKIP","floor":35},{"not_picked":["Searing Blow","Warcry","Perfected Strike+1"],"picked":"SKIP","floor":37},{"not_picked":["Warcry+1","Pommel Strike+1","Dark Embrace+1"],"picked":"SKIP","floor":37},{"not_picked":["Rage","Flex+1"],"picked":"Juggernaut","floor":39},{"not_picked":["Havoc+1","Perfected Strike+1","Headbutt+1"],"picked":"SKIP","floor":39},{"not_picked":["Disarm+1","Perfected Strike"],"picked":"Power Through+1","floor":40},{"not_picked":["True Grit","Hemokinesis+1"],"picked":"Power Through+1","floor":40},{"not_picked":["Pommel Strike+1","Metallicize","Reckless Charge+1"],"picked":"SKIP","floor":41},{"not_picked":["Disarm+1","Perfected Strike","Wild Strike+1"],"picked":"SKIP","floor":41},{"not_picked":["Warcry","True Grit"],"picked":"Shrug It Off+1","floor":45},{"not_picked":["Wild Strike","Rupture"],"picked":"Ghostly Armor+1","floor":45},{"not_picked":["Spot Weakness+1","Sword Boomerang"],"picked":"Body Slam","floor":47},{"not_picked":["Demon Form","Iron Wave+1","Reckless Charge+1"],"picked":"SKIP","floor":48},{"not_picked":["Metallicize+1","Rupture","Dual Wield+1"],"picked":"SKIP","floor":48}],"player_experience":3396,"relics_obtained":[{"floor":6,"key":"Prayer Wheel"},{"floor":9,"key":"Oddly Smooth Stone"},{"floor":10,"key":"TungstenRod"},{"floor":26,"key":"InkBottle"},{"floor":28,"key":"Dream Catcher"},{"floor":30,"key":"Centennial Puzzle"},{"floor":43,"key":"Du-Vu Doll"},{"floor":47,"key":"Blood Vial"}],"event_choices":[{"cards_removed":["Bash"],"damage_healed":0,"gold_gain":0,"player_choice":"Forget","damage_taken":0,"max_hp_gain":0,"max_hp_loss":0,"event_name":"Living Wall","floor":2,"gold_loss":0},{"cards_removed":["Strike_R"],"damage_healed":0,"gold_gain":0,"player_choice":"Card Removal","damage_taken":7,"max_hp_gain":0,"max_hp_loss":0,"event_name":"Golden Wing","floor":4,"gold_loss":0},{"damage_healed":0,"gold_gain":0,"player_choice":"Success","damage_taken":12,"relics_obtained":["PreservedInsect"],"max_hp_gain":0,"max_hp_loss":0,"event_name":"Scrap Ooze","floor":5,"gold_loss":0},{"damage_healed":26,"gold_gain":0,"player_choice":"Banana","damage_taken":0,"max_hp_gain":0,"max_hp_loss":0,"event_name":"Big Fish","floor":7,"gold_loss":0},{"damage_healed":0,"gold_gain":0,"player_choice":"Ignored","damage_taken":0,"max_hp_gain":0,"max_hp_loss":0,"event_name":"Ghosts","floor":31,"gold_loss":0},{"cards_removed":["Strike_R"],"damage_healed":0,"gold_gain":0,"player_choice":"Purged","damage_taken":0,"max_hp_gain":0,"max_hp_loss":0,"event_name":"Purifier","floor":36,"gold_loss":0}],"is_beta":false,"boss_relics":[{"not_picked":["Snecko Eye","Busted Crown"],"picked":"Coffee Dripper"},{"not_picked":["Fusion Hammer","Runic Dome"],"picked":"Runic Pyramid"}],"items_purged_floors":[13,24,38,42],"is_endless":false,"potions_floor_spawned":[3,10,11,16,21,25,28,30,37,40,48],"ascension_level":0}}