{"host":"eglukmwb6rueyn6u","time":1613402776,"event":{"mods":["BaseMod","Colored Map","Minty Spire (QoL Compilation)"],"gold_per_floor":[210,51,63,63,81,81,106,120,143,143,156,156,156,156,156,259,259,273,273,290,48,148,148,177,177,257,277,292,311,311,341,341,341,341],"floor_reached":33,"language":"ENG","playtime":2546,"items_purged":[],"score":314,"play_id":"1e2b8b2b-ae37-4682-b864-a956f5eb6746","local_time":"20210215172616","is_ascension_mode":true,"campfire_choices":[{"data":"Metallicize","floor":6.0,"key":"SMITH"},{"floor":10.0,"key":"REST"},{"floor":12.0,"key":"REST"},{"floor":15.0,"key":"REST"},{"data":"Juggernaut","floor":23.0,"key":"SMITH"},{"data":"Dual Wield","floor":25.0,"key":"SMITH"},{"data":"Thunderclap","floor":30.0,"key":"SMITH"},{"floor":32,"key":"REST"}],"circlet_count":0,"master_deck":["Strike_R","Strike_R","Defend_R","Defend_R","Defend_R","Defend_R+1","Bash","Thunderclap+1","Barricade+1","Metallicize+1","Ghostly Armor+1","Juggernaut+1","Dual Wield+1","Intimidate+1","Dropkick+1"],"relics":["Burning Blood","Pen Nib","PreservedInsect","Empty Cage","Letter Opener","Happy Flower","Bottled Tornado","TungstenRod"],"acts_visited":["Exordium","TheCity"],"potions_floor_usage":[31,33,33],"damage_taken":[{"damage":7.0,"enemies":"2 Louse","floor":1.0,"turns":4.0},{"damage":1.0,"enemies":"Cultist","floor":3.0,"turns":3.0},{"damage":16.0,"enemies":"Small Slimes","floor":5.0,"turns":5.0},{"damage":33.0,"enemies":"3 Sentries","floor":7.0,"turns":12.0},{"damage":15.0,"enemies":"Red Slaver","floor":8.0,"turns":7.0},{"damage":38.0,"enemies":"Exordium Wildlife","floor":11.0,"turns":7.0},{"damage":7.0,"enemies":"The Guardian","floor":16.0,"turns":23.0},{"damage":23.0,"enemies":"3 Byrds","floor":18.0,"turns":6.0},{"damage":5.0,"enemies":"Spheric Guardian","floor":20.0,"turns":8.0},{"damage":23.0,"enemies":"Book of Stabbing","floor":24.0,"turns":6.0},{"damage":2.0,"enemies":"Snecko","floor":27.0,"turns":5.0},{"damage":3.0,"enemies":"3 Cultists","floor":28.0,"turns":4.0},{"damage":9.0,"enemies":"Chosen and Byrds","floor":29.0,"turns":8.0},{"damage":11,"enemies":"Gremlin Leader","floor":31,"turns":6},{"damage":71,"enemies":"Collector","floor":33,"turns":7}],"seed_played":"578697496974830866","potions_obtained":[{"floor":3.0,"key":"Swift Potion"},{"floor":5.0,"key":"SneckoOil"},{"floor":8.0,"key":"GamblersBrew"},{"floor":16.0,"key":"ElixirPotion"},{"floor":19.0,"key":"BlessingOfTheForge"},{"floor":19.0,"key":"DistilledChaos"},{"floor":19.0,"key":"EntropicBrew"},{"floor":24.0,"key":"Block Potion"},{"floor":28.0,"key":"DistilledChaos"},{"floor":29.0,"key":"ElixirPotion"},{"floor":31,"key":"Weak Potion"}],"is_trial":false,"path_per_floor":["M","$","M","?","M","R","E","M","T","R","M","R","?","?","R","B",null,"M","?","M","$","?","R","E","R","T","M","M","M","R","E","R","B"],"character_chosen":"IRONCLAD","items_purchased":["Barricade","Letter Opener"],"campfire_rested":4,"item_purchase_floors":[2,21],"current_hp_per_floor":[79,79,80,80,70,70,43,34,34,58,26,50,43,27,51,50,80,63,63,64,64,64,64,47,47,47,51,54,51,51,46,70,0,0],"gold":341,"neow_bonus":"HUNDRED_GOLD","is_daily":false,"chose_seed":false,"campfire_upgraded":4,"win_rate":0.0,"timestamp":1613402776,"path_taken":["M","$","M","?","?","R","E","M","T","R","M","R","?","?","R","BOSS","M","?","?","$","?","R","E","R","T","M","?","M","R","E","R","BOSS"],"items_purchased_type":["Card","Relic"],"build_version":"2020-12-22","purchased_purges":0,"victory":false,"max_hp_per_floor":[80,80,80,80,80,80,80,80,80,80,80,80,80,80,80,80,80,80,80,80,80,80,80,80,80,80,80,80,80,80,80,80,80,80],"card_choices":[{"not_picked":["Sword Boomerang","Clothesline"],"picked":"Thunderclap","floor":1.0},{"not_picked":["Clothesline","Second Wind"],"picked":"Metallicize","floor":3.0},{"not_picked":["Warcry","Clash","Uppercut"],"picked":"SKIP","floor":5.0},{"not_picked":["Seeing Red","Shrug It Off","Iron Wave"],"picked":"SKIP","floor":7.0},{"not_picked":["Armaments","Bludgeon","Pommel Strike"],"picked":"SKIP","floor":8.0},{"not_picked":["Infernal Blade","Sword Boomerang"],"picked":"Ghostly Armor","floor":11.0},{"not_picked":["Corruption","Bludgeon"],"picked":"Juggernaut","floor":16.0},{"not_picked":["Burning Pact","Headbutt","Perfected Strike"],"picked":"SKIP","floor":18.0},{"not_picked":["Wild Strike","Metallicize"],"picked":"Dual Wield","floor":20.0},{"not_picked":["Battle Trance","Perfected Strike+1","Warcry"],"picked":"SKIP","floor":24.0},{"not_picked":["Thunderclap","Perfected Strike+1"],"picked":"Intimidate+1","floor":27.0},{"not_picked":["Clothesline+1","Pommel Strike+1","Iron Wave"],"picked":"SKIP","floor":28.0},{"not_picked":["Sever Soul","Blood for Blood"],"picked":"Dropkick+1","floor":29.0},{"not_picked":["Battle Trance+1","Limit Break","Armaments"],"picked":"SKIP","floor":31}],"player_experience":55606,"relics_obtained":[{"floor":7.0,"key":"Pen Nib"},{"floor":9.0,"key":"PreservedInsect"},{"floor":24.0,"key":"Happy Flower"},{"floor":26.0,"key":"Bottled Tornado"},{"floor":31,"key":"TungstenRod"}],"event_choices":[{"damage_healed":0.0,"max_hp_gain":0.0,"max_hp_loss":0.0,"gold_gain":0.0,"event_name":"Accursed Blacksmith","player_choice":"Forge","floor":4.0,"gold_loss":0.0,"damage_taken":0.0,"cards_upgraded":["Barricade"]},{"cards_removed":["Strike_R"],"damage_healed":0.0,"max_hp_gain":0.0,"max_hp_loss":0.0,"gold_gain":0.0,"event_name":"Golden Wing","player_choice":"Card Removal","floor":13.0,"gold_loss":0.0,"damage_taken":7.0},{"damage_healed":0.0,"max_hp_gain":0.0,"max_hp_loss":0.0,"gold_gain":0.0,"event_name":"Shining Light","player_choice":"Entered Light","floor":14.0,"gold_loss":0.0,"damage_taken":16.0,"cards_upgraded":["Ghostly Armor","Defend_R"]},{"damage_healed":0.0,"max_hp_gain":0.0,"max_hp_loss":0.0,"gold_gain":0.0,"event_name":"Lab","player_choice":"Got Potions","floor":19.0,"gold_loss":0.0,"damage_taken":0.0},{"damage_healed":0.0,"max_hp_gain":0.0,"max_hp_loss":0.0,"gold_gain":100.0,"event_name":"Golden Shrine","player_choice":"Pray","floor":22.0,"gold_loss":0.0,"damage_taken":0.0}],"is_beta":false,"boss_relics":[{"not_picked":["Snecko Eye","Black Blood"],"picked":"Empty Cage"}],"items_purged_floors":[],"is_endless":false,"potions_floor_spawned":[3,5,8,16,20,24,28,29,31],"killed_by":"Collector","ascension_level":2}}