{"host":"lv3zv4svf9qrs9uo","time":1613374844,"event":{"mods":["AchievementEnabler","BaseMod","Minty Spire (QoL Compilation)","Relic Stats","Spire with Friends"],"gold_per_floor":[117,134,84,102,171,201,201,234,260,260,335,335,355,26,14,14,119,119,137,147,147,162,182,182,208,208,208,237,253,278,296,296,234,234,334,334,344,344,363,381,401,426,426,460,460,487,438,438,457,486,486,486,486,486,486,82,115,115,115],"floor_reached":60,"language":"ENG","playtime":8697,"items_purged":["Strike_B","Zap"],"score":1563,"play_id":"592d565a-f72f-42c7-b51e-3e5ce9e81b8a","local_time":"20210214234044","is_ascension_mode":true,"campfire_choices":[{"data":"Gash","floor":7,"key":"SMITH"},{"data":"Coolheaded","floor":16,"key":"SMITH"},{"data":"Seek","floor":24,"key":"SMITH"},{"data":"Steam Power","floor":26,"key":"SMITH"},{"floor":34,"key":"DIG"},{"floor":43,"key":"RECALL"},{"data":"Machine Learning","floor":48,"key":"SMITH"},{"floor":52,"key":"DIG"},{"floor":55,"key":"DIG"}],"circlet_count":0,"master_deck":["Strike_B","Defend_B","Defend_B","Defend_B","Defend_B","Dualcast","FTL","FTL","Rebound","Gash","Scrape+1","Gash+1","Steam Power+1","Coolheaded+1","Echo Form","Rebound+1","Sweeping Beam","Seek+1","Go for the Eyes+1","Gash+1","Conserve Battery+1","Beam Cell+1","Steam Power","Compile Driver+1","Skim","Core Surge","Machine Learning+1","Stack+1","Panache","Finesse+1","Steam+1"],"relics":["Coffee Dripper","Boot","Bag of Preparation","DollysMirror","Vajra","Nuclear Battery","Blood Vial","Shovel","Nunchaku","Ancient Tea Set","InkBottle","Juzu Bracelet","Black Star","Toxic Egg 2","Dream Catcher","Shuriken","Orichalcum","Bottled Flame","Art of War","StoneCalendar","HornCleat","Lizard Tail","InkBottle","Bottled Tornado","HornCleat","Pocketwatch","Pen Nib","Whetstone"],"acts_visited":["Exordium","TheCity","TheBeyond","TheEnding"],"potions_floor_usage":[17,20,23,23,28,30,40,42,59,59,59],"damage_taken":[{"damage":1,"enemies":"Cultist","floor":1,"turns":3},{"damage":1,"enemies":"Jaw Worm","floor":2,"turns":4},{"damage":0,"enemies":"2 Louse","floor":4,"turns":2},{"damage":16,"enemies":"Lagavulin","floor":6,"turns":7},{"damage":15,"enemies":"3 Sentries","floor":8,"turns":6},{"damage":1,"enemies":"Large Slime","floor":13,"turns":4},{"damage":0,"enemies":"Slime Boss","floor":17,"turns":4},{"damage":5,"enemies":"Chosen","floor":19,"turns":3},{"damage":0,"enemies":"Shell Parasite","floor":20,"turns":2},{"damage":0,"enemies":"Chosen and Byrds","floor":22,"turns":4},{"damage":0,"enemies":"Shelled Parasite and Fungi","floor":23,"turns":2},{"damage":6,"enemies":"Book of Stabbing","floor":25,"turns":3},{"damage":19,"enemies":"Slavers","floor":28,"turns":2},{"damage":0,"enemies":"Centurion and Healer","floor":29,"turns":2},{"damage":0,"enemies":"Gremlin Leader","floor":30,"turns":3},{"damage":0,"enemies":"Sentry and Sphere","floor":31,"turns":3},{"damage":0,"enemies":"Champ","floor":35,"turns":5},{"damage":0,"enemies":"3 Darklings","floor":37,"turns":3},{"damage":0,"enemies":"3 Shapes","floor":39,"turns":1},{"damage":0,"enemies":"Sphere and 2 Shapes","floor":40,"turns":3},{"damage":0,"enemies":"Spire Growth","floor":41,"turns":2},{"damage":28,"enemies":"Nemesis","floor":42,"turns":3},{"damage":6,"enemies":"Reptomancer","floor":44,"turns":4},{"damage":6,"enemies":"Giant Head","floor":46,"turns":3},{"damage":0,"enemies":"3 Darklings","floor":49,"turns":2},{"damage":9,"enemies":"Reptomancer","floor":50,"turns":4},{"damage":31,"enemies":"Time Eater","floor":53,"turns":7},{"damage":4,"enemies":"Shield and Spear","floor":57,"turns":3},{"damage":37,"enemies":"The Heart","floor":59,"turns":7}],"seed_played":"4544402357346449052","potions_obtained":[{"floor":2,"key":"Fire Potion"},{"floor":4,"key":"Energy Potion"},{"floor":8,"key":"FearPotion"},{"floor":13,"key":"FocusPotion"},{"floor":17,"key":"Block Potion"},{"floor":19,"key":"Fruit Juice"},{"floor":20,"key":"SpeedPotion"},{"floor":23,"key":"Fire Potion"},{"floor":25,"key":"Energy Potion"},{"floor":28,"key":"LiquidMemories"},{"floor":30,"key":"Explosive Potion"},{"floor":31,"key":"Ancient Potion"},{"floor":33,"key":"FearPotion"},{"floor":37,"key":"EssenceOfSteel"},{"floor":40,"key":"Ancient Potion"},{"floor":46,"key":"AttackPotion"}],"is_trial":false,"path_per_floor":["M","M","?","M","T","E","R","E","T","-","?","?","M","$","C","R","B",null,"M","M","?","M","M","R","E","R","T","E","M","E","M","?","C","R","B",null,"M","?","M","M","M","E","R","E","T","E","C","R","M","E","C","R","B",null,"R","$","E","C","B",null],"character_chosen":"DEFECT","items_purchased":["DollysMirror","Steam Power","Coolheaded","Panache","Dexterity Potion","Finesse+1"],"campfire_rested":0,"item_purchase_floors":[14,14,14,56,56,56],"current_hp_per_floor":[74,73,73,73,73,57,57,42,42,42,31,24,23,23,23,23,23,112,107,106,106,104,56,56,99,99,99,78,85,87,89,89,89,89,88,117,117,111,111,111,97,70,70,56,56,52,52,100,98,102,102,102,73,111,111,111,59,59,26],"gold":115,"neow_bonus":"","is_daily":false,"chose_seed":true,"campfire_upgraded":5,"win_rate":0.0,"timestamp":1613374844,"path_taken":["M","M","?","M","?","E","R","E","T","-","?","?","M","$","C","R","BOSS","M","M","?","M","M","R","E","R","T","E","M","E","?","?","C","R","BOSS","M","?","M","M","M","E","R","E","T","E","C","R","M","E","C","R","BOSS","R","$","E","C","BOSS"],"items_purchased_type":["Relic","Card","Card","Card","Potion","Card"],"build_version":"2020-12-22","purchased_purges":2,"victory":true,"max_hp_per_floor":[75,75,75,75,75,75,75,75,75,75,75,75,75,75,75,75,75,112,112,117,117,117,117,117,117,117,117,117,117,117,117,117,117,117,117,117,117,111,111,111,111,111,111,111,111,111,111,111,111,111,111,111,111,111,111,111,111,111,111],"relic_stats":{"counters":[29,101],"StoneCalendar":[8],"Pen Nib":[3],"Bag of Preparation":[48],"Juzu Bracelet":0,"Whetstone":["Rebound","Compile Driver"],"Orichalcum":[24],"Boot":[52],"Blood Vial":24,"Nunchaku":[33],"Dream Catcher":0,"Lizard Tail":55,"Shovel":3,"Shuriken":[39],"Black Star":5,"Art of War":[0],"obtain_stats":[{"Vajra":15,"StoneCalendar":46,"Bag of Preparation":9,"Juzu Bracelet":34,"Whetstone":58,"Bottled Tornado":52,"Boot":8,"Ancient Tea Set":30,"Blood Vial":25,"Nunchaku":28,"Dream Catcher":42,"Lizard Tail":50,"Shovel":27,"HornCleat":47,"DollysMirror":14,"Toxic Egg 2":42,"Cracked Core":0,"InkBottle":33,"Pen Nib":57,"Orichalcum":44,"White Beast Statue":6,"Nuclear Battery":18,"Bottled Flame":45,"Shuriken":44,"Coffee Dripper":0,"Black Star":36,"Art of War":46,"Pocketwatch":57},{"Vajra":6,"StoneCalendar":24,"Bag of Preparation":5,"Juzu Bracelet":16,"Whetstone":28,"Bottled Tornado":26,"Boot":5,"Ancient Tea Set":15,"Blood Vial":12,"Nunchaku":13,"Dream Catcher":22,"Lizard Tail":26,"Shovel":12,"HornCleat":24,"DollysMirror":6,"Toxic Egg 2":22,"Cracked Core":0,"InkBottle":16,"Pen Nib":28,"Orichalcum":23,"White Beast Statue":4,"Nuclear Battery":7,"Bottled Flame":23,"Shuriken":23,"Coffee Dripper":0,"Black Star":17,"Art of War":24,"Pocketwatch":28},{"Vajra":26,"StoneCalendar":78,"Bag of Preparation":22,"Juzu Bracelet":54,"Whetstone":94,"Bottled Tornado":84,"Boot":22,"Ancient Tea Set":51,"Blood Vial":44,"Nunchaku":46,"Dream Catcher":71,"Lizard Tail":84,"Shovel":44,"HornCleat":78,"DollysMirror":26,"Toxic Egg 2":71,"Cracked Core":0,"InkBottle":54,"Pen Nib":94,"Orichalcum":75,"White Beast Statue":16,"Nuclear Battery":30,"Bottled Flame":75,"Shuriken":75,"Coffee Dripper":0,"Black Star":59,"Art of War":78,"Pocketwatch":94}],"InkBottle":[56],"Pocketwatch":[0]},"card_choices":[{"not_picked":["Streamline","Fusion"],"picked":"FTL","floor":1},{"not_picked":["Capacitor","Storm"],"picked":"FTL","floor":2},{"not_picked":["Ball Lightning","Compile Driver"],"picked":"Gash","floor":4},{"not_picked":["Capacitor","Beam Cell"],"picked":"Rebound","floor":6},{"not_picked":["Compile Driver","Stack"],"picked":"Gash","floor":8},{"not_picked":["Rebound","Static Discharge"],"picked":"Scrape","floor":13},{"not_picked":["Core Surge","Electrodynamics"],"picked":"Echo Form","floor":17},{"not_picked":["Streamline","Loop"],"picked":"Rebound","floor":19},{"not_picked":["Heatsinks","Recycle"],"picked":"Sweeping Beam","floor":20},{"not_picked":["Conserve Battery+1","Barrage"],"picked":"Seek","floor":22},{"not_picked":["Defragment","Darkness","Fusion+1"],"picked":"SKIP","floor":23},{"not_picked":["Sweeping Beam","Static Discharge+1"],"picked":"Go for the Eyes+1","floor":25},{"not_picked":["Streamline+1","Glacier+1"],"picked":"Gash+1","floor":28},{"not_picked":["Redo","BootSequence+1"],"picked":"Conserve Battery+1","floor":29},{"not_picked":["Cold Snap","Sunder"],"picked":"Beam Cell+1","floor":30},{"not_picked":["Chaos+1","Streamline","Blizzard+1"],"picked":"SKIP","floor":31},{"not_picked":["Thunder Strike","Meteor Strike"],"picked":"Core Surge","floor":35},{"not_picked":["Steam","Hello World"],"picked":"Steam Power","floor":37},{"not_picked":["Rip and Tear","Beam Cell","Go for the Eyes"],"picked":"SKIP","floor":39},{"not_picked":["Leap","Coolheaded"],"picked":"Compile Driver","floor":40},{"not_picked":["Gash","Ball Lightning"],"picked":"Skim","floor":41},{"not_picked":["Doom and Gloom+1","Compile Driver"],"picked":"Core Surge","floor":42},{"not_picked":["Redo+1","Melter+1"],"picked":"Machine Learning","floor":44},{"not_picked":["Barrage+1","Beam Cell+1"],"picked":"Stack+1","floor":46},{"not_picked":["Tempest+1","Sweeping Beam+1","Ball Lightning+1"],"picked":"SKIP","floor":49},{"not_picked":["Cold Snap","Sunder+1","Darkness+1"],"picked":"SKIP","floor":50},{"not_picked":["Sweeping Beam+1","Rainbow+1"],"picked":"Steam+1","floor":57}],"player_experience":594036,"relics_obtained":[{"floor":6,"key":"White Beast Statue"},{"floor":8,"key":"Boot"},{"floor":9,"key":"Bag of Preparation"},{"floor":15,"key":"Vajra"},{"floor":25,"key":"Blood Vial"},{"floor":27,"key":"Shovel"},{"floor":28,"key":"Nunchaku"},{"floor":30,"key":"Ancient Tea Set"},{"floor":33,"key":"InkBottle"},{"floor":34,"key":"Juzu Bracelet"},{"floor":42,"key":"Toxic Egg 2"},{"floor":42,"key":"Dream Catcher"},{"floor":44,"key":"Shuriken"},{"floor":44,"key":"Orichalcum"},{"floor":45,"key":"Bottled Flame"},{"floor":46,"key":"Art of War"},{"floor":46,"key":"StoneCalendar"},{"floor":47,"key":"HornCleat"},{"floor":50,"key":"Lizard Tail"},{"floor":50,"key":"InkBottle"},{"floor":52,"key":"Bottled Tornado"},{"floor":55,"key":"HornCleat"},{"floor":57,"key":"Pocketwatch"},{"floor":57,"key":"Pen Nib"},{"floor":58,"key":"Whetstone"}],"event_choices":[{"cards_removed":["Strike_B"],"damage_healed":0,"gold_gain":0,"player_choice":"Card Removal","damage_taken":0,"max_hp_gain":0,"max_hp_loss":0,"event_name":"The Cleric","floor":3,"gold_loss":50},{"damage_healed":0,"gold_gain":75,"player_choice":"Gather Gold","damage_taken":11,"max_hp_gain":0,"max_hp_loss":0,"event_name":"World of Goop","floor":11,"gold_loss":0},{"cards_removed":["Strike_B"],"damage_healed":0,"gold_gain":0,"player_choice":"Card Removal","damage_taken":7,"max_hp_gain":0,"max_hp_loss":0,"event_name":"Golden Wing","floor":12,"gold_loss":0},{"damage_healed":0,"gold_gain":0,"player_choice":"Upgraded","damage_taken":0,"max_hp_gain":0,"max_hp_loss":0,"event_name":"Upgrade Shrine","floor":21,"gold_loss":0,"cards_upgraded":["Scrape"]},{"damage_healed":0,"gold_gain":0,"player_choice":"Ignored","damage_taken":0,"max_hp_gain":0,"max_hp_loss":0,"event_name":"Vampires","floor":32,"gold_loss":0},{"damage_healed":0,"gold_gain":0,"player_choice":"Max HP","damage_taken":0,"max_hp_gain":0,"max_hp_loss":6,"event_name":"Winding Halls","floor":38,"gold_loss":0}],"is_beta":false,"boss_relics":[{"not_picked":["Philosopher\u0027s Stone","Runic Dome"],"picked":"Nuclear Battery"},{"not_picked":["SlaversCollar","Velvet Choker"],"picked":"Black Star"}],"items_purged_floors":[14,56],"is_endless":false,"potions_floor_spawned":[2,4,8,13,17,19,20,22,23,25,28,29,30,31,37,40,46,49,57],"ascension_level":1}}