{"host":"f3zi5bw4of71qj4o","time":1613387109,"event":{"mods":["BaseMod","DeckTracker","Highlight Path","Minty Spire (QoL Compilation)","Relic Stats","StSLib","SuperFastMode"],"gold_per_floor":[117,117,132,282,282,317,335,362,386,421,434,456,456,456],"floor_reached":13,"language":"ENG","playtime":399,"items_purged":[],"score":260,"play_id":"2f51b894-18d5-4446-88bf-a9e28158fb2c","local_time":"20210215120509","is_ascension_mode":true,"campfire_choices":[],"circlet_count":0,"master_deck":["AscendersBane","Strike_B","Strike_B","Strike_B","Strike_B","Defend_B","Defend_B","Defend_B","Defend_B","Zap","Dualcast","Gash","Sweeping Beam","Doubt","Rip and Tear","Chill","Scrape"],"relics":["Cracked Core","NeowsBlessing","Nunchaku","Unceasing Top","Singing Bowl","Pen Nib","Smiling Mask","CeramicFish"],"acts_visited":["Exordium"],"potions_floor_usage":[10,11,13,13],"damage_taken":[{"damage":0.0,"enemies":"2 Louse","floor":1.0,"turns":1.0},{"damage":0.0,"enemies":"Jaw Worm","floor":3.0,"turns":1.0},{"damage":0.0,"enemies":"3 Sentries","floor":6.0,"turns":1.0},{"damage":0.0,"enemies":"Cultist","floor":7.0,"turns":2.0},{"damage":28,"enemies":"Gremlin Nob","floor":8,"turns":4},{"damage":14,"enemies":"3 Sentries","floor":10,"turns":8},{"damage":5,"enemies":"Large Slime","floor":11,"turns":5},{"damage":0,"enemies":"Exordium Wildlife","floor":12,"turns":3},{"damage":8,"enemies":"Lagavulin","floor":13,"turns":4}],"seed_played":"-8115344751730924757","potions_obtained":[{"floor":8,"key":"SkillPotion"},{"floor":10,"key":"Weak Potion"},{"floor":11,"key":"PowerPotion"},{"floor":12,"key":"Strength Potion"}],"is_trial":false,"path_per_floor":["M","?","M","?","T","E","M","E","T","E","M","M","E"],"character_chosen":"DEFECT","items_purchased":[],"campfire_rested":0,"item_purchase_floors":[],"current_hp_per_floor":[64,46,46,46,46,46,46,20,20,8,5,5,0,0],"gold":456,"neow_bonus":"THREE_ENEMY_KILL","is_daily":false,"chose_seed":false,"campfire_upgraded":0,"win_rate":0.0,"timestamp":1613387109,"path_taken":["M","?","M","?","?","E","?","E","T","E","M","M","E"],"items_purchased_type":[],"build_version":"2020-12-22","purchased_purges":0,"victory":false,"max_hp_per_floor":[71,71,71,71,71,71,71,73,73,75,77,77,77,77],"relic_stats":{"Nunchaku":[4],"Singing Bowl":6,"counters":[9,29],"CeramicFish":9,"Pen Nib":[3],"Smiling Mask":0,"obtain_stats":[{"Nunchaku":2,"NeowsBlessing":0,"Singing Bowl":6,"CeramicFish":10,"Pen Nib":8,"Cracked Core":0,"Smiling Mask":9,"Unceasing Top":5},{"Nunchaku":1,"NeowsBlessing":0,"Singing Bowl":3,"CeramicFish":6,"Pen Nib":5,"Cracked Core":0,"Smiling Mask":5,"Unceasing Top":2},{"Nunchaku":1,"NeowsBlessing":0,"Singing Bowl":3,"CeramicFish":17,"Pen Nib":9,"Cracked Core":0,"Smiling Mask":9,"Unceasing Top":2}],"Unceasing Top":[0]},"card_choices":[{"not_picked":["Sweeping Beam","Fusion"],"picked":"Gash","floor":1.0},{"not_picked":["Chill","Darkness"],"picked":"Sweeping Beam","floor":3.0},{"not_picked":["Blizzard","Streamline"],"picked":"Rip and Tear","floor":6.0},{"not_picked":["Coolheaded","Fusion"],"picked":"Chill","floor":7.0},{"not_picked":["Leap","Rainbow","Turbo"],"picked":"Singing Bowl","floor":8},{"not_picked":["Conserve Battery","White Noise","Force Field"],"picked":"Singing Bowl","floor":10},{"not_picked":["Skim","Streamline","Barrage"],"picked":"Singing Bowl","floor":11},{"not_picked":["Redo","Skim"],"picked":"Scrape","floor":12}],"player_experience":2598342,"relics_obtained":[{"floor":5.0,"key":"Unceasing Top"},{"floor":6.0,"key":"Singing Bowl"},{"floor":8,"key":"Pen Nib"},{"floor":9,"key":"Smiling Mask"},{"floor":10,"key":"CeramicFish"}],"event_choices":[{"damage_healed":0.0,"max_hp_gain":0.0,"max_hp_loss":0.0,"gold_gain":0.0,"event_name":"Scrap Ooze","player_choice":"Success","floor":2.0,"gold_loss":0.0,"damage_taken":18.0,"relics_obtained":["Nunchaku"]},{"damage_healed":0.0,"max_hp_gain":0.0,"max_hp_loss":0.0,"gold_gain":150.0,"event_name":"Liars Game","player_choice":"AGREE","floor":4.0,"gold_loss":0.0,"damage_taken":0.0,"cards_obtained":["Doubt"]}],"is_beta":false,"boss_relics":[],"items_purged_floors":[],"is_endless":false,"potions_floor_spawned":[8,10,11,12],"killed_by":"Lagavulin","ascension_level":20}}