{"host":"yy1cu9q9bsxhflzi","time":1613408947,"event":{"mods":["BaseMod","DeckTracker","Minty Spire (QoL Compilation)","Quick Restart","StSLib","SuperFastMode","everything is the same but u backflip on backflip"],"gold_per_floor":[210,210,77,90,90,90,130,130,155,190,205,226,240,260,260,260,260],"floor_reached":16,"language":"KOR","playtime":338,"items_purged":["Strike_G"],"score":207,"play_id":"46c7611c-ead1-43a3-8fe0-e99833f60962","local_time":"20210216020907","is_ascension_mode":true,"campfire_choices":[{"data":"Dagger Spray","floor":6,"key":"SMITH"},{"floor":8,"key":"REST"},{"floor":15,"key":"REST"}],"circlet_count":0,"master_deck":["AscendersBane","Strike_G","Strike_G","Strike_G","Strike_G","Defend_G","Defend_G","Defend_G+1","Defend_G","Defend_G+1","Survivor","Neutralize","Backflip","Dagger Spray+1","Backstab","Prepared","Footwork","Underhanded Strike","Acrobatics","Eviscerate","Predator"],"relics":["Ring of the Snake","Golden Idol","Happy Flower","War Paint","Peace Pipe"],"acts_visited":["Exordium"],"potions_floor_usage":[7,7,13,16,16],"damage_taken":[{"damage":7,"enemies":"Small Slimes","floor":1,"turns":3},{"damage":3,"enemies":"Cultist","floor":4,"turns":4},{"damage":28,"enemies":"Gremlin Nob","floor":7,"turns":4},{"damage":30,"enemies":"Lagavulin","floor":10,"turns":8},{"damage":0,"enemies":"Jaw Worm","floor":11,"turns":3},{"damage":6,"enemies":"Red Slaver","floor":12,"turns":3},{"damage":0,"enemies":"Exordium Wildlife","floor":13,"turns":3},{"damage":0,"enemies":"Blue Slaver","floor":14,"turns":3},{"damage":18,"enemies":"The Guardian","floor":16,"turns":15}],"seed_played":"-6384684122009274106","potions_obtained":[{"floor":1,"key":"Swift Potion"},{"floor":5,"key":"Fire Potion"},{"floor":10,"key":"Energy Potion"},{"floor":11,"key":"AttackPotion"},{"floor":13,"key":"Energy Potion"}],"is_trial":false,"path_per_floor":["M","?","$","M","?","R","E","R","T","E","M","M","M","M","R","B"],"character_chosen":"THE_SILENT","items_purchased":["Dagger Spray"],"campfire_rested":2,"item_purchase_floors":[3],"current_hp_per_floor":[52,52,52,49,49,49,21,39,39,9,9,3,3,3,21,3,3],"gold":260,"neow_bonus":"HUNDRED_GOLD","is_daily":false,"chose_seed":false,"campfire_upgraded":1,"win_rate":0.0,"timestamp":1613408947,"path_taken":["M","?","$","M","?","R","E","R","T","E","?","M","?","M","R","BOSS"],"items_purchased_type":["Card"],"build_version":"2020-12-22","purchased_purges":1,"victory":false,"max_hp_per_floor":[66,60,60,60,60,60,60,60,60,60,60,60,60,60,60,60,60],"card_choices":[{"not_picked":["Skewer","Dodge and Roll"],"picked":"Backflip","floor":1},{"not_picked":["Calculated Gamble","Choke"],"picked":"Backstab","floor":4},{"not_picked":["Flying Knee","Heel Hook"],"picked":"Prepared","floor":7},{"not_picked":["Accuracy","Backflip"],"picked":"Footwork","floor":10},{"not_picked":["Outmaneuver","Quick Slash"],"picked":"Underhanded Strike","floor":11},{"not_picked":["Deadly Poison","Bane"],"picked":"Acrobatics","floor":12},{"not_picked":["Dash","Outmaneuver"],"picked":"Eviscerate","floor":13},{"not_picked":["Sucker Punch","Backflip"],"picked":"Predator","floor":14}],"player_experience":3910021,"relics_obtained":[{"floor":7,"key":"Happy Flower"},{"floor":9,"key":"War Paint"},{"floor":10,"key":"Peace Pipe"}],"event_choices":[{"damage_healed":0,"gold_gain":0,"player_choice":"Lose Max HP","damage_taken":0,"relics_obtained":["Golden Idol"],"max_hp_gain":0,"max_hp_loss":6,"event_name":"Golden Idol","floor":2,"gold_loss":0},{"damage_healed":0,"gold_gain":0,"player_choice":"Got Potions","damage_taken":0,"max_hp_gain":0,"max_hp_loss":0,"event_name":"Lab","floor":5,"gold_loss":0}],"is_beta":false,"boss_relics":[],"items_purged_floors":[3],"is_endless":false,"potions_floor_spawned":[1,10,11,13],"killed_by":"The Guardian","ascension_level":17}}