{"host":"xx5zt3jtdyh8iun7","time":1613408543,"event":{"mods":["AchievementEnabler","Act Like it!","Bard","BaseMod","Downfall","Gensokyo","Minty Spire (QoL Compilation)","StSLib","The Marked","Warlord Emblem"],"gold_per_floor":[115,115,115,0,15,40,140,140,140,169,19,52,64,282,282,378,378,397,408,408,0,0,26,26,26,26,51,51,13,13,32,32,137,137,152,152,152,163,0,0,25,36,59,89,89,120,135,170,170,170,170,170,0,34,34],"floor_reached":56,"language":"ENG","playtime":5135,"items_purged":["WarlordEmblem:RuneStrike"],"score":1560,"play_id":"0831d376-5dfc-4b89-a18f-2bfe341a53b1","local_time":"20210215180223","is_ascension_mode":true,"campfire_choices":[{"data":"WarlordEmblem:DiseaseStrike","floor":8,"key":"SMITH"},{"data":"WarlordEmblem:LichkingWraith","floor":15,"key":"SMITH"},{"data":"WarlordEmblem:RuneExplode","floor":25,"key":"SMITH"},{"data":"WarlordEmblem:RuneExplode+1","floor":28,"key":"SMITH"},{"data":"WarlordEmblem:DeathWither","floor":30,"key":"SMITH"},{"data":"WarlordEmblem:RuneExplode+2","floor":32,"key":"SMITH"},{"floor":40,"key":"RECALL"},{"floor":49,"key":"REST"},{"data":"WarlordEmblem:RealmRider","floor":52,"key":"SMITH"}],"circlet_count":0,"master_deck":["WarlordEmblem:RuneStrike","WarlordEmblem:RuneStrike","WarlordEmblem:RuneStrike","WarlordEmblem:Defend_DK","WarlordEmblem:Defend_DK","WarlordEmblem:Defend_DK","WarlordEmblem:Defend_DK+1","WarlordEmblem:DiseaseStrike+1","WarlordEmblem:EvilSee","Clumsy","WarlordEmblem:RuneRegen","WarlordEmblem:VoidStrike","WarlordEmblem:DarkSimulation","WarlordEmblem:DeathWither+1","WarlordEmblem:RuneRegen+1","WarlordEmblem:LichkingWraith+1","WarlordEmblem:RuneExplode+3","WarlordEmblem:FrozenTouch","WarlordEmblem:Withstand+1","WarlordEmblem:RuneRegen","WarlordEmblem:EvilStrike","WarlordEmblem:FrozenTouch","Shame","WarlordEmblem:DeathContract+1","downfall:Aged","WarlordEmblem:Withstand+1","WarlordEmblem:DarkSimulation","WarlordEmblem:RuneRecover+1","WarlordEmblem:RealmRider+1","WarlordEmblem:Withstand+1","Gensokyo:AllTheWorldsEvil","Gensokyo:GreaterSplit","Doubt","WarlordEmblem:RuneInspire+1","WarlordEmblem:DeathStrike+1","Apotheosis"],"relics":["WarlordEmblem:RuneSword","WarlordEmblem:EvilRealm","NeowsBlessing","Gensokyo:NagashiBinaDoll","Gensokyo:Justice","TungstenRod","Ice Cream","Akabeko","Calipers","Lizard Tail","Cursed Key","DollysMirror","Pear","Gensokyo:DirgeOfMelancholy","Eternal Feather","Pen Nib","Matryoshka","Busted Crown","Gensokyo:TheCrow","Torii","WarlordEmblem:MagicRuneSword","WarlordEmblem:DK_Ghoul","Strawberry","Shuriken","WarlordEmblem:ProtectBox","Incense Burner","StrikeDummy"],"acts_visited":["Gensokyo:Gensokyo","Gensokyo:Gensokyoer","Gensokyo:Gensokyoest","TheEnding"],"potions_floor_usage":[14,16,23,27,33,38,46,47,48],"damage_taken":[{"damage":0,"enemies":"Gensokyo:3_Fairies","floor":1,"turns":2},{"damage":0,"enemies":"Gensokyo:2_Kodama","floor":5,"turns":2},{"damage":4,"enemies":"Gensokyo:Mamizou","floor":6,"turns":3},{"damage":12,"enemies":"Gensokyo:Cirno","floor":10,"turns":5},{"damage":0,"enemies":"Gensokyo:Aya","floor":12,"turns":2},{"damage":0,"enemies":"Gensokyo:Python","floor":13,"turns":1},{"damage":6,"enemies":"Gensokyo:5_Fairies","floor":14,"turns":4},{"damage":16,"enemies":"Gensokyo:Yukari","floor":16,"turns":8},{"damage":19,"enemies":"Gensokyo:CosmicMonolith","floor":18,"turns":6},{"damage":0,"enemies":"Gensokyo:2_Gloops","floor":19,"turns":4},{"damage":22,"enemies":"Gensokyo:Tenshi","floor":23,"turns":8},{"damage":22,"enemies":"Gensokyo:Reisen","floor":27,"turns":6},{"damage":5,"enemies":"Gensokyo:Slime_Group","floor":31,"turns":7},{"damage":13,"enemies":"Gensokyo:Kaguya","floor":33,"turns":12},{"damage":9,"enemies":"Gensokyo:AncientGuardian","floor":35,"turns":10},{"damage":2,"enemies":"Gensokyo:3_Boulders","floor":38,"turns":4},{"damage":20,"enemies":"Gensokyo:Kasen","floor":41,"turns":7},{"damage":12,"enemies":"Gensokyo:AtlasGolem","floor":42,"turns":5},{"damage":31,"enemies":"Gensokyo:Marisa","floor":44,"turns":8},{"damage":26,"enemies":"Gensokyo:Doremy","floor":46,"turns":8},{"damage":13,"enemies":"Gensokyo:Dusk_and_Dawn","floor":47,"turns":4},{"damage":23,"enemies":"Gensokyo:Kasen","floor":48,"turns":8},{"damage":25,"enemies":"Gensokyo:Scarlet_Devils","floor":50,"turns":7},{"damage":60,"enemies":"Shield and Spear","floor":54,"turns":7},{"damage":87,"enemies":"The Heart","floor":55,"turns":8}],"seed_played":"-2506680440354489670","potions_obtained":[{"floor":6,"key":"Swift Potion"},{"floor":14,"key":"WarlordEmblem:RealmPotion"},{"floor":16,"key":"Weak Potion"},{"floor":23,"key":"PowerPotion"},{"floor":27,"key":"EssenceOfSteel"},{"floor":35,"key":"WarlordEmblem:ReserveRunePotion"},{"floor":41,"key":"FairyPotion"},{"floor":42,"key":"AttackPotion"},{"floor":44,"key":"ColorlessPotion"},{"floor":47,"key":"GamblersBrew"}],"is_trial":false,"path_per_floor":["M","?","?","COS","M","E","?","R","T","E","$","E","M","M","R","B",null,"M","M","?","COS","?","E","?","R","T","E","R","$","R","M","R","B",null,"M","?","?","M","COS","R","E","M","T","E","?","E","M","E","R","B",null,"R","$","E","B",null],"character_chosen":"DeathKnight","items_purchased":["WarlordEmblem:DeathWither","WarlordEmblem:DarkSimulation","Apotheosis"],"campfire_rested":1,"item_purchase_floors":[11,29,53],"current_hp_per_floor":[80,80,80,80,80,76,76,76,76,64,64,64,64,58,58,42,80,61,61,61,61,61,49,49,49,49,30,45,45,60,58,73,63,96,98,98,60,68,68,86,79,80,87,70,70,47,37,38,94,76,119,119,119,73,36],"gold":34,"neow_bonus":"THREE_ENEMY_KILL","is_daily":false,"chose_seed":false,"campfire_upgraded":7,"win_rate":0.0,"timestamp":1613408543,"path_taken":["M","?","?","COS","M","E","?","R","T","E","$","E","?","M","R","BOSS","M","M","?","COS","?","E","?","R","T","E","R","$","R","M","R","BOSS","M","?","?","M","COS","R","E","?","T","E","?","E","M","E","R","BOSS","R","$","E","BOSS"],"items_purchased_type":["Card","Card","Card"],"build_version":"2020-12-22","purchased_purges":1,"victory":true,"max_hp_per_floor":[80,80,80,80,80,80,80,80,80,80,80,80,80,80,80,80,80,80,80,80,80,80,90,90,90,90,92,92,92,92,94,94,96,96,98,98,98,100,100,100,102,104,111,113,113,113,115,117,117,119,119,119,119,121,121],"card_choices":[{"not_picked":["WarlordEmblem:RuneRecast","WarlordEmblem:BloodSacrifice"],"picked":"WarlordEmblem:EvilSee","floor":1},{"not_picked":["WarlordEmblem:DeathStrike","WarlordEmblem:RuneBlade"],"picked":"WarlordEmblem:RuneRegen","floor":5},{"not_picked":["WarlordEmblem:UltimateCold","WarlordEmblem:RuneDiffer"],"picked":"WarlordEmblem:VoidStrike","floor":6},{"not_picked":["WarlordEmblem:DeathShake","WarlordEmblem:EvilSee"],"picked":"WarlordEmblem:DarkSimulation","floor":10},{"not_picked":["WarlordEmblem:WinterHorn","WarlordEmblem:RuneFocus"],"picked":"WarlordEmblem:RuneRegen","floor":12},{"not_picked":["WarlordEmblem:RuneInspire","WarlordEmblem:VoidDefend"],"picked":"WarlordEmblem:LichkingWraith","floor":13},{"not_picked":["WarlordEmblem:BoneShield","WarlordEmblem:Withstand"],"picked":"WarlordEmblem:RuneExplode","floor":14},{"not_picked":["WarlordEmblem:LichkingWraith","WarlordEmblem:FrozenHeart"],"picked":"WarlordEmblem:FrozenTouch","floor":16},{"not_picked":["WarlordEmblem:Annihilation","WarlordEmblem:RuneBlade"],"picked":"WarlordEmblem:Withstand+1","floor":18},{"not_picked":["WarlordEmblem:CurseStrike+1","WarlordEmblem:DeathStrike"],"picked":"WarlordEmblem:RuneRegen","floor":19},{"not_picked":["WarlordEmblem:RuneInspire","WarlordEmblem:RuneBlade"],"picked":"WarlordEmblem:DeathContract+1","floor":23},{"not_picked":["WarlordEmblem:HeartStrike","WarlordEmblem:VoidStrike"],"picked":"WarlordEmblem:Withstand+1","floor":27},{"not_picked":["WarlordEmblem:BodyStrike","WarlordEmblem:ForceDeflexion"],"picked":"WarlordEmblem:RuneRecover+1","floor":31},{"not_picked":["WarlordEmblem:RuneMultiplex","WarlordEmblem:EvilEager"],"picked":"WarlordEmblem:RealmRider","floor":33},{"not_picked":["WarlordEmblem:HeartStrike"],"picked":"SKIP","floor":35},{"not_picked":["WarlordEmblem:FrozenDeath"],"picked":"SKIP","floor":38},{"not_picked":["WarlordEmblem:Infect"],"picked":"SKIP","floor":41},{"not_picked":[],"picked":"WarlordEmblem:Withstand+1","floor":42},{"not_picked":["WarlordEmblem:FrozenDeath"],"picked":"SKIP","floor":44},{"not_picked":[],"picked":"WarlordEmblem:RuneInspire+1","floor":46},{"not_picked":["WarlordEmblem:RuneBlade+1"],"picked":"SKIP","floor":47},{"not_picked":[],"picked":"WarlordEmblem:DeathStrike+1","floor":48},{"not_picked":["WarlordEmblem:HeartStrike+1"],"picked":"SKIP","floor":54}],"player_experience":910967,"relics_obtained":[{"floor":6,"key":"TungstenRod"},{"floor":9,"key":"Ice Cream"},{"floor":10,"key":"Akabeko"},{"floor":12,"key":"Lizard Tail"},{"floor":23,"key":"Pear"},{"floor":26,"key":"Eternal Feather"},{"floor":27,"key":"Matryoshka"},{"floor":41,"key":"WarlordEmblem:DK_Ghoul"},{"floor":43,"key":"Strawberry"},{"floor":44,"key":"Shuriken"},{"floor":46,"key":"WarlordEmblem:ProtectBox"},{"floor":48,"key":"Incense Burner"},{"floor":54,"key":"StrikeDummy"}],"event_choices":[],"is_beta":false,"boss_relics":[{"not_picked":["Philosopher\u0027s Stone","WarlordEmblem:IceDragon"],"picked":"Cursed Key"},{"not_picked":["Runic Dome","SlaversCollar"],"picked":"Busted Crown"}],"items_purged_floors":[11],"is_endless":false,"potions_floor_spawned":[6,14,16,23,27,35,41,42,44,47],"ascension_level":1}}