{"host":"5raohst9sk3kvp5v","time":1613413838,"event":{"mods":["BaseMod","Colored Powertips","Highlight Path","Minty Spire (QoL Compilation)","Quick Restart","Relic Stats","StSLib"],"gold_per_floor":[118,193,203,203,216,216,316,351,351,365,365,23,48,72,72,72,72],"floor_reached":16,"language":"ENG","playtime":699,"items_purged":["Strike_R"],"score":218,"play_id":"9946cc83-c64f-4716-8a16-42a31e3c8cb5","local_time":"20210215123038","is_ascension_mode":true,"campfire_choices":[{"data":"Body Slam","floor":6.0,"key":"SMITH"},{"data":"Armaments","floor":15,"key":"SMITH"}],"circlet_count":0,"master_deck":["AscendersBane","Strike_R","Strike_R","Strike_R","Strike_R","Defend_R","Defend_R","Defend_R","Defend_R","Bash","Cleave","Feel No Pain","Body Slam+1","Power Through","Shockwave","Barricade","Flame Barrier","Armaments+1","Clothesline"],"relics":["Burning Blood","Ancient Tea Set","Golden Idol","Question Card","Blood Vial"],"acts_visited":["Exordium"],"potions_floor_usage":[16],"damage_taken":[{"damage":9.0,"enemies":"Jaw Worm","floor":1.0,"turns":4.0},{"damage":0.0,"enemies":"Small Slimes","floor":3.0,"turns":2.0},{"damage":5.0,"enemies":"2 Louse","floor":5.0,"turns":2.0},{"damage":42.0,"enemies":"Lagavulin","floor":8.0,"turns":6.0},{"damage":8.0,"enemies":"Lots of Slimes","floor":10.0,"turns":3.0},{"damage":0.0,"enemies":"3 Sentries","floor":11.0,"turns":1.0},{"damage":6.0,"enemies":"Large Slime","floor":13.0,"turns":5.0},{"damage":0,"enemies":"Red Slaver","floor":14,"turns":4},{"damage":42,"enemies":"Slime Boss","floor":16,"turns":12}],"seed_played":"-6925932047228677317","potions_obtained":[{"floor":1.0,"key":"Energy Potion"},{"floor":5.0,"key":"Swift Potion"},{"floor":8.0,"key":"SmokeBomb"},{"floor":13.0,"key":"Dexterity Potion"}],"is_trial":false,"path_per_floor":["M","?","M","?","M","R","?","E","T","M","E","$","M","M","R","B"],"character_chosen":"IRONCLAD","items_purchased":["Barricade","Flame Barrier","Energy Potion"],"campfire_rested":0,"item_purchase_floors":[12,12,12],"current_hp_per_floor":[65,54,60,60,61,61,61,25,25,25,33,33,35,43,43,3,3],"gold":72,"neow_bonus":"RANDOM_COMMON_RELIC","is_daily":false,"chose_seed":false,"campfire_upgraded":2,"win_rate":0.0,"timestamp":1613413838,"path_taken":["M","?","M","?","M","R","?","E","T","?","E","$","M","M","R","BOSS"],"items_purchased_type":["Card","Card","Potion"],"build_version":"2020-12-22","purchased_purges":1,"victory":false,"max_hp_per_floor":[75,75,75,68,68,68,68,68,68,68,68,68,68,68,68,68,68],"relic_stats":{"Blood Vial":10,"counters":[9,39],"Golden Idol":30,"Question Card":3,"obtain_stats":[{"Blood Vial":9,"Golden Idol":4,"Ancient Tea Set":0,"Question Card":8,"Burning Blood":0},{"Blood Vial":4,"Golden Idol":2,"Ancient Tea Set":0,"Question Card":4,"Burning Blood":0},{"Blood Vial":14,"Golden Idol":6,"Ancient Tea Set":0,"Question Card":14,"Burning Blood":0}],"Burning Blood":48},"card_choices":[{"not_picked":["Pummel","Searing Blow"],"picked":"Cleave","floor":1.0},{"not_picked":["Body Slam","Warcry"],"picked":"Feel No Pain","floor":3.0},{"not_picked":["Clash","Sentinel"],"picked":"Body Slam","floor":5.0},{"not_picked":["Second Wind","Warcry"],"picked":"Power Through","floor":8.0},{"not_picked":["Iron Wave","Uppercut","Evolve"],"picked":"Shockwave","floor":10.0},{"not_picked":["Twin Strike","Warcry","Spot Weakness"],"picked":"Armaments","floor":13.0},{"not_picked":["Wild Strike","Clash","Iron Wave"],"picked":"Clothesline","floor":14}],"player_experience":1733066,"relics_obtained":[{"floor":8.0,"key":"Question Card"},{"floor":9.0,"key":"Blood Vial"}],"event_choices":[{"damage_healed":0.0,"max_hp_gain":0.0,"max_hp_loss":0.0,"gold_gain":75.0,"event_name":"World of Goop","player_choice":"Gather Gold","floor":2.0,"gold_loss":0.0,"damage_taken":11.0},{"damage_healed":0.0,"max_hp_gain":0.0,"max_hp_loss":7.0,"gold_gain":0.0,"event_name":"Golden Idol","player_choice":"Lose Max HP","floor":4.0,"gold_loss":0.0,"damage_taken":0.0,"relics_obtained":["Golden Idol"]},{"damage_healed":0.0,"max_hp_gain":0.0,"max_hp_loss":0.0,"gold_gain":100.0,"event_name":"Wheel of Change","player_choice":"Gold","floor":7.0,"gold_loss":0.0,"damage_taken":0.0}],"is_beta":false,"boss_relics":[],"items_purged_floors":[12],"is_endless":false,"potions_floor_spawned":[1,5,8,13],"killed_by":"Slime Boss","ascension_level":19}}