{"host":"fa9lu700uj5rxl8c","time":1613373565,"event":{"mods":["2.2 Compatiblity","A Penny For Your Troubles","AchievementEnabler","AlwaysNeverKeys","Aspiration","Bard","BaseMod","Beaked The Cultist","Better Altar","Better Match","Better Note","Better Sensory Stone","Better Silent Start","Better Skull","Better Third Choice","BetterRewards","Bossed Relics","ChefMod","Colored Map","Colored Powertips","Conspire","Curses Come First","Displayed Cursed Tome","Downfall","Energized Spire","Friendly Minions","FruityMod","GifTheSpireLib","Hermit","Infinite Spire","Ironclad Rager","Jorbs\u0027s Wanderer Trilogy","Luminous","Mad Scientist","Minty Spire (QoL Compilation)","Permanent Neow","Quarter Circle Forward PUNCH!","Random Character Button","Reliquary","Reorder Act Four","Replay The Spire","Robot Space Explorer","Shop Mod","Spicy Shops","Spikes Relics","Spire Arcade","StSLib","Stuff the Spire","SuperFastMode","The Administrix","The Blackbeard","The Blue Laboratory","The Bug Knight","The Construct","The Cursed","The Disciple","The Exalted","The Forsaken","The Hierophant","The IronCluck","The Judge","The Juggernuat","The Marked","The Mystic","The Necromancer","The Runesmith","The Sage","The Saiyan","TheBandit","TheFirefly","Transform Curses","Wandering Minibosses"],"gold_per_floor":[119,19,19,0,50,123,181,234,283,283,283,355,88,132,132,279,279,314,314,314,372,372,372],"floor_reached":22,"language":"ENG","playtime":1357,"items_purged":[],"score":217,"play_id":"fc5cd84e-df4d-4575-a852-fcd44471e388","local_time":"20210215081925","is_ascension_mode":false,"campfire_choices":[],"circlet_count":0,"master_deck":["AdministrixMod:Strike_Administrix","AdministrixMod:Strike_Administrix","AdministrixMod:Strike_Administrix","AdministrixMod:Strike_Administrix","AdministrixMod:RedCloak","AdministrixMod:Defend_Administrix","AdministrixMod:Defend_Administrix","AdministrixMod:Defend_Administrix","AdministrixMod:Defend_Administrix","AdministrixMod:BlueCloak","AdministrixMod:JustRewards","conspire:SpireCoStock+1","conspire:SpireCoStock","Enlightenment","AdministrixMod:SealAway","AdministrixMod:ImmortalClarity","AdministrixMod:LightOfYourLife+1","AdministrixMod:GuanyinBlessing","AdministrixMod:HarmonicReverence","AdministrixMod:NoblePath","AdministrixMod:LifeforceNet","AdministrixMod:CrackingPangu","AdministrixMod:ArmillarySphere"],"relics":["infinitespire:Cupcake","Golden Idol","Replay:Multitool","AdministrixMod:PrescriptionBottle","Bromod:ArcaneFury","MerchantsRug","Bromod:ArcaneUltimatum","reliquary:WritOfMandamus"],"acts_visited":["Exordium","TheCity"],"potions_floor_usage":[16,18],"damage_taken":[{"damage":0,"enemies":"Jaw Worm","floor":1,"turns":4},{"damage":5,"enemies":"2 Louse","floor":5,"turns":6},{"damage":33,"enemies":"3 Sentries","floor":6,"turns":14},{"damage":2,"enemies":"Small Slimes","floor":7,"turns":6},{"damage":6,"enemies":"conspire:2 RoseBushes","floor":12,"turns":6},{"damage":26,"enemies":"Gremlin Nob","floor":14,"turns":5},{"damage":29,"enemies":"Slime Boss","floor":16,"turns":10},{"damage":10,"enemies":"Spheric Guardian","floor":18,"turns":3},{"damage":26,"enemies":"Shelled Parasite and Fungi","floor":21,"turns":4},{"damage":0,"enemies":"Snake Plant","floor":22,"turns":1}],"seed_played":"499833013112735166","potions_obtained":[{"floor":1,"key":"Venom Potion"},{"floor":5,"key":"Languid Potion"},{"floor":14,"key":"blueLaboratory:PyrophylliteBrew"},{"floor":16,"key":"Cursed Concoction"},{"floor":18,"key":"blueLaboratory:RememoryPotion"}],"is_trial":false,"path_per_floor":["M","?","?","?","M","E","M","?","T","T","R","M","$","E","R","B",null,"M","?","?","M","M"],"character_chosen":"TheAdministrix","items_purchased":["AdministrixMod:HarmonicReverence","MerchantsRug","AdministrixMod:NoblePath"],"campfire_rested":0,"item_purchase_floors":[13,13,13],"current_hp_per_floor":[65,65,49,55,50,17,15,15,15,15,36,30,30,4,25,21,71,61,68,81,55,55,55],"gold":372,"neow_bonus":"BOSS_RELIC","is_daily":false,"chose_seed":false,"campfire_upgraded":0,"win_rate":0.0,"timestamp":1613373565,"path_taken":["M","?","?","?","?","E","M","?","T","?","R","M","?","E","R","BOSS","M","?","?","M","M"],"items_purchased_type":["Card","Relic","Card"],"build_version":"2020-12-22","purchased_purges":0,"victory":false,"max_hp_per_floor":[65,65,65,71,71,71,71,71,71,71,71,71,71,71,71,71,71,71,71,81,81,81,81],"card_choices":[{"not_picked":["AdministrixMod:Untouchable","AdministrixMod:RebukeDesires"],"picked":"AdministrixMod:JustRewards","floor":1},{"not_picked":["AdministrixMod:SipOfSparks","AdministrixMod:NoblePath"],"picked":"AdministrixMod:SealAway","floor":5},{"not_picked":["AdministrixMod:CrackingPangu","AdministrixMod:RebukeDesires"],"picked":"AdministrixMod:ImmortalClarity","floor":6},{"not_picked":["AdministrixMod:QuietConspiracy","AdministrixMod:ExtolVirtue"],"picked":"AdministrixMod:LightOfYourLife","floor":7},{"not_picked":["AdministrixMod:FeastOfDew","AdministrixMod:BegetEternity"],"picked":"AdministrixMod:GuanyinBlessing","floor":12},{"not_picked":["AdministrixMod:BloodBargain","AdministrixMod:Untouchable"],"picked":"AdministrixMod:LifeforceNet","floor":14},{"not_picked":["AdministrixMod:LuminaryPath","AdministrixMod:FaithfulFlames"],"picked":"AdministrixMod:NewbornDivinity","floor":16},{"not_picked":["AdministrixMod:JustRewards","AdministrixMod:Katabasis"],"picked":"AdministrixMod:CrackingPangu","floor":18},{"not_picked":["AdministrixMod:ExtolVirtue","AdministrixMod:BishamonBlessing"],"picked":"AdministrixMod:ArmillarySphere","floor":21}],"player_experience":484267,"relics_obtained":[{"floor":6,"key":"Replay:Multitool"},{"floor":9,"key":"AdministrixMod:PrescriptionBottle"},{"floor":10,"key":"Bromod:ArcaneFury"},{"floor":14,"key":"Bromod:ArcaneUltimatum"}],"event_choices":[{"damage_healed":0,"gold_gain":0,"player_choice":"Invest 2","damage_taken":0,"max_hp_gain":0,"max_hp_loss":0,"event_name":"conspire:Investor","floor":2,"gold_loss":0},{"damage_healed":0,"gold_gain":0,"player_choice":"Take Damage","damage_taken":16,"relics_obtained":["Golden Idol"],"max_hp_gain":0,"max_hp_loss":0,"event_name":"Golden Idol","floor":3,"gold_loss":0},{"damage_healed":0,"gold_gain":0,"player_choice":"RENOUNCE","damage_taken":19,"max_hp_gain":0,"max_hp_loss":0,"event_name":"betterThird:BetterSerpent","floor":4,"gold_loss":19,"cards_obtained":["Enlightenment"]},{"damage_healed":0,"gold_gain":53,"player_choice":"Gained Gold","damage_taken":0,"max_hp_gain":0,"max_hp_loss":0,"event_name":"Golden Wing","floor":8,"gold_loss":0},{"cards_removed":["AdministrixMod:NewbornDivinity"],"damage_healed":3,"gold_gain":0,"player_choice":"Offered Rare","damage_taken":0,"max_hp_gain":10,"max_hp_loss":0,"event_name":"Bonfire Elementals","floor":20,"gold_loss":0}],"is_beta":false,"boss_relics":[{"not_picked":["Ectoplasm","Replay:Drink Me"],"picked":"reliquary:WritOfMandamus"}],"items_purged_floors":[],"is_endless":false,"potions_floor_spawned":[1,5,14,16,18,21],"killed_by":"Snake Plant","ascension_level":0}}