{"host":"msmkw03x1o7nq45i","time":1613430218,"event":{"mods":["AchievementEnabler","BaseMod","Bestiary","Colored Powertips","GifTheSpireLib","Highlight Path","Minty Spire (QoL Compilation)","Random Character Button","StSLib","everything is the same but u backflip on backflip"],"gold_per_floor":[114,114,126,139,158,158,6,6,6,34,34,66,80,130,130,201,201,215,130,76,76,86,86,86,86],"floor_reached":24,"language":"ENG","playtime":1381,"items_purged":["Normality"],"score":458,"play_id":"f5dafec6-5cfa-485f-a6f0-c1c9d22ea708","local_time":"20210216010338","is_ascension_mode":true,"campfire_choices":[{"data":"Skewer","floor":6,"key":"SMITH"},{"data":"Underhanded Strike","floor":8,"key":"SMITH"},{"data":"Bouncing Flask","floor":11,"key":"SMITH"},{"data":"Catalyst","floor":15,"key":"SMITH"},{"data":"Envenom","floor":23,"key":"SMITH"}],"circlet_count":0,"master_deck":["AscendersBane","Strike_G","Strike_G","Strike_G","Strike_G","Defend_G","Defend_G","Defend_G","Defend_G","Survivor","Neutralize","Acrobatics","Bouncing Flask+1","Underhanded Strike+1","Catalyst+1","Skewer+1","Backstab","After Image","Envenom+1","Blade Dance","RitualDagger"],"relics":["Ring of the Snake","Toy Ornithopter","Kunai","Snake Skull","WristBlade","Sundial"],"acts_visited":["Exordium","TheCity"],"potions_floor_usage":[10,18,18,22,24],"damage_taken":[{"damage":1,"enemies":"Cultist","floor":1,"turns":4},{"damage":3,"enemies":"Jaw Worm","floor":3,"turns":3},{"damage":7,"enemies":"2 Louse","floor":4,"turns":4},{"damage":12,"enemies":"Exordium Wildlife","floor":5,"turns":4},{"damage":0,"enemies":"Gremlin Nob","floor":10,"turns":2},{"damage":10,"enemies":"Lagavulin","floor":12,"turns":3},{"damage":0,"enemies":"Blue Slaver","floor":13,"turns":3},{"damage":25,"enemies":"Slime Boss","floor":16,"turns":9},{"damage":10,"enemies":"3 Byrds","floor":18,"turns":6},{"damage":19,"enemies":"Shell Parasite","floor":22,"turns":4},{"damage":39,"enemies":"Cultist and Chosen","floor":24,"turns":4}],"seed_played":"-1096029678520957585","potions_obtained":[{"floor":1,"key":"DistilledChaos"},{"floor":10,"key":"DuplicationPotion"},{"floor":12,"key":"Weak Potion"},{"floor":18,"key":"Weak Potion"}],"is_trial":false,"path_per_floor":["M","?","M","M","M","R","$","R","T","E","R","E","M","?","R","B",null,"M","?","$","?","M","R","M"],"character_chosen":"THE_SILENT","items_purchased":["Backstab","Fire Potion"],"campfire_rested":0,"item_purchase_floors":[7,20],"current_hp_per_floor":[58,58,55,48,36,36,36,36,36,41,41,31,31,31,31,6,51,51,51,51,45,31,31,0,0],"gold":86,"neow_bonus":"TRANSFORM_TWO_CARDS","is_daily":false,"chose_seed":false,"campfire_upgraded":5,"win_rate":0.0,"timestamp":1613430218,"path_taken":["M","?","M","M","M","R","$","R","T","E","R","E","M","?","R","BOSS","M","?","$","?","?","R","M"],"items_purchased_type":["Card","Potion"],"build_version":"2020-12-22","purchased_purges":1,"victory":false,"max_hp_per_floor":[66,66,66,66,66,66,66,66,66,66,66,66,66,66,66,66,66,66,66,66,66,66,66,66,66],"card_choices":[{"not_picked":["PiercingWail","Sucker Punch"],"picked":"Underhanded Strike","floor":1},{"not_picked":["Bane","Finisher"],"picked":"Catalyst","floor":3},{"not_picked":["Blade Dance","Flying Knee"],"picked":"Skewer","floor":4},{"not_picked":["PiercingWail","Outmaneuver","Prepared"],"picked":"SKIP","floor":5},{"not_picked":["Tactician","Dash","Blur"],"picked":"SKIP","floor":10},{"not_picked":["Slice","Blade Dance"],"picked":"After Image","floor":12},{"not_picked":["Predator","Slice","Outmaneuver"],"picked":"SKIP","floor":13},{"not_picked":["Phantasmal Killer","Die Die Die"],"picked":"Envenom","floor":16},{"not_picked":["Acrobatics","Backflip"],"picked":"Blade Dance","floor":18},{"not_picked":["Footwork","Bane","Eviscerate"],"picked":"SKIP","floor":22}],"player_experience":544139,"relics_obtained":[{"floor":9,"key":"Toy Ornithopter"},{"floor":10,"key":"Kunai"},{"floor":12,"key":"Snake Skull"}],"event_choices":[{"damage_healed":0,"gold_gain":0,"player_choice":"Ignored","damage_taken":0,"max_hp_gain":0,"max_hp_loss":0,"event_name":"Liars Game","floor":2,"gold_loss":0},{"damage_healed":0,"gold_gain":50,"player_choice":"Gained Gold","damage_taken":0,"max_hp_gain":0,"max_hp_loss":0,"event_name":"Golden Wing","floor":14,"gold_loss":0},{"damage_healed":0,"gold_gain":0,"player_choice":"Obtained Relic","damage_taken":0,"relics_obtained":["Sundial"],"max_hp_gain":0,"max_hp_loss":0,"event_name":"Addict","floor":19,"gold_loss":85},{"damage_healed":0,"gold_gain":0,"player_choice":"Joined the Cult","damage_taken":6,"max_hp_gain":0,"max_hp_loss":0,"event_name":"Nest","floor":21,"gold_loss":0,"cards_obtained":["RitualDagger"]}],"is_beta":false,"boss_relics":[{"not_picked":["Busted Crown","Velvet Choker"],"picked":"WristBlade"}],"items_purged_floors":[7],"is_endless":false,"potions_floor_spawned":[1,10,12,13,18],"killed_by":"Cultist and Chosen","ascension_level":20}}