{"host":"eft627g0ddukeijo","time":1613363719,"event":{"mods":["AchievementEnabler","BaseMod","Bestiary","Better Note","Block Reminder","Colored Powertips","Filter the Spire","Highlight Path","Minty Spire (QoL Compilation)","Permanent Neow","Quick Restart","Rare Cards Sparkle","Relic Stats","Slay-I","StSLib","Weighted Paths"],"gold_per_floor":[119,132,132,146,146,176,176,176,176,176,187,199,261,33,33,133,133,150,150,164,180,190,190,46,46,99,99,99,124,124,52,52,155,155,170,170,170,220,220,247,247,268,293,304,322,344,344,357,357,357,357,357,15,51,51,51],"floor_reached":55,"language":"ENG","playtime":2025,"items_purged":[],"score":826,"play_id":"f1dca9fa-33d2-477f-9d39-c530a7f1dfab","local_time":"20210215133519","is_ascension_mode":true,"campfire_choices":[{"floor":7.0,"key":"REST"},{"floor":10.0,"key":"REST"},{"floor":15.0,"key":"REST"},{"floor":23.0,"key":"REST"},{"floor":25.0,"key":"REST"},{"floor":28.0,"key":"REST"},{"floor":30.0,"key":"RECALL"},{"data":"Thunder Strike","floor":32.0,"key":"SMITH"},{"floor":41.0,"key":"REST"},{"floor":47.0,"key":"REST"},{"floor":49.0,"key":"REST"},{"floor":52.0,"key":"REST"}],"circlet_count":0,"master_deck":["Strike_B","Strike_B","Strike_B","Defend_B","Defend_B","Defend_B+1","Defend_B","Zap+1","Dualcast+1","Ball Lightning","Storm","Coolheaded","Reboot","Static Discharge","Thunder Strike+1","Sweeping Beam","Coolheaded","Coolheaded","Self Repair+1","Tempest+1","Skim","Electrodynamics","Go for the Eyes+1","Loop+1","Consume+1","Madness","Madness","Conserve Battery+1","Melter","Loop","Defragment"],"relics":["Inserter","Kunai","Bag of Preparation","Happy Flower","Pantograph","Juzu Bracelet","Nuclear Battery","War Paint","PreservedInsect","FossilizedHelix","Fusion Hammer","CaptainsWheel","Meat on the Bone","CeramicFish","Chemical X","Akabeko"],"acts_visited":["Exordium","TheCity","TheBeyond","TheEnding"],"potions_floor_usage":[],"damage_taken":[{"damage":6.0,"enemies":"Jaw Worm","floor":1.0,"turns":5.0},{"damage":10.0,"enemies":"2 Louse","floor":2.0,"turns":3.0},{"damage":1.0,"enemies":"Cultist","floor":4.0,"turns":3.0},{"damage":40.0,"enemies":"3 Sentries","floor":6.0,"turns":11.0},{"damage":12.0,"enemies":"Blue Slaver","floor":11.0,"turns":3.0},{"damage":0.0,"enemies":"Large Slime","floor":12.0,"turns":4.0},{"damage":19.0,"enemies":"3 Sentries","floor":13.0,"turns":5.0},{"damage":37.0,"enemies":"The Guardian","floor":16.0,"turns":8.0},{"damage":24.0,"enemies":"2 Thieves","floor":18.0,"turns":5.0},{"damage":2.0,"enemies":"Chosen","floor":20.0,"turns":4.0},{"damage":17.0,"enemies":"Snecko","floor":21.0,"turns":5.0},{"damage":23.0,"enemies":"Snake Plant","floor":22.0,"turns":4.0},{"damage":0.0,"enemies":"Gremlin Leader","floor":29.0,"turns":5.0},{"damage":81.0,"enemies":"Automaton","floor":33.0,"turns":9.0},{"damage":0.0,"enemies":"Orb Walker","floor":35.0,"turns":2.0},{"damage":11.0,"enemies":"Mind Bloom Boss Battle","floor":38.0,"turns":7.0},{"damage":32.0,"enemies":"Giant Head","floor":40.0,"turns":6.0},{"damage":0.0,"enemies":"3 Shapes","floor":42.0,"turns":2.0},{"damage":24.0,"enemies":"Writhing Mass","floor":44.0,"turns":7.0},{"damage":4.0,"enemies":"Maw","floor":46.0,"turns":6.0},{"damage":0.0,"enemies":"4 Shapes","floor":48.0,"turns":2.0},{"damage":74.0,"enemies":"Time Eater","floor":50.0,"turns":9.0},{"damage":37.0,"enemies":"Shield and Spear","floor":54.0,"turns":3.0},{"damage":83,"enemies":"The Heart","floor":55,"turns":5}],"seed_played":"-939958264904792996","potions_obtained":[{"floor":4.0,"key":"ColorlessPotion"},{"floor":6.0,"key":"PowerPotion"},{"floor":11.0,"key":"CultistPotion"},{"floor":18.0,"key":"Fruit Juice"},{"floor":20.0,"key":"PowerPotion"},{"floor":22.0,"key":"Ancient Potion"},{"floor":40.0,"key":"Regen Potion"},{"floor":44.0,"key":"BlessingOfTheForge"}],"is_trial":false,"path_per_floor":["M","M","?","M","?","E","R","?","T","R","M","M","?","$","R","B",null,"M","?","M","M","M","R","$","R","T","?","R","E","R","$","R","B",null,"M","?","?","?","T","E","R","M","T","M","?","M","R","M","R","B",null,"R","$","E","B"],"character_chosen":"DEFECT","items_purchased":["Juzu Bracelet","Static Discharge","War Paint","Skim","Melter","Loop","Chemical X","Explosive Potion"],"campfire_rested":10,"item_purchase_floors":[14,14,24,31,53,53,53,53],"current_hp_per_floor":[69,59,52,51,56,16,40,40,40,64,52,52,33,33,57,43,80,61,61,59,42,19,44,44,69,69,69,85,85,85,85,85,14,85,85,85,85,74,74,54,79,85,85,81,70,76,85,85,85,33,85,85,85,58,0,0],"gold":51,"neow_bonus":"BOSS_RELIC","is_daily":false,"chose_seed":false,"campfire_upgraded":1,"win_rate":0.0,"timestamp":1613363719,"path_taken":["M","M","?","M","?","E","R","?","T","R","M","?","?","$","R","BOSS","M","?","M","M","M","R","$","R","T","?","R","E","R","$","R","BOSS","M","?","?","?","?","E","R","M","T","M","?","M","R","M","R","BOSS","R","$","E","BOSS"],"items_purchased_type":["Relic","Card","Relic","Card","Card","Card","Relic","Potion"],"build_version":"2020-12-22","purchased_purges":0,"victory":false,"max_hp_per_floor":[75,75,75,75,80,80,80,80,80,80,80,80,80,80,80,80,80,85,85,85,85,85,85,85,85,85,85,85,85,85,85,85,85,85,85,85,85,85,85,85,85,85,85,85,85,85,85,85,85,85,85,85,85,85,85,85],"relic_stats":{"Inserter":[61],"Happy Flower":[33],"counters":[24,122],"CeramicFish":63,"PreservedInsect":235,"Bag of Preparation":[40],"Juzu Bracelet":0,"War Paint":["Defend_B","Dualcast"],"Pantograph":48,"Kunai":[21],"Chemical X":[3],"obtain_stats":[{"Inserter":0,"Happy Flower":9,"CeramicFish":40,"PreservedInsect":26,"Bag of Preparation":6,"Juzu Bracelet":14,"War Paint":24,"Akabeko":54,"Nuclear Battery":17,"CaptainsWheel":38,"Pantograph":13,"Fusion Hammer":34,"Kunai":3,"Chemical X":53,"Cracked Core":0,"FossilizedHelix":29,"Meat on the Bone":39},{"Inserter":0,"Happy Flower":4,"CeramicFish":17,"PreservedInsect":12,"Bag of Preparation":4,"Juzu Bracelet":7,"War Paint":12,"Akabeko":23,"Nuclear Battery":8,"CaptainsWheel":16,"Pantograph":7,"Fusion Hammer":14,"Kunai":2,"Chemical X":22,"Cracked Core":0,"FossilizedHelix":13,"Meat on the Bone":16},{"Inserter":0,"Happy Flower":22,"CeramicFish":88,"PreservedInsect":60,"Bag of Preparation":22,"Juzu Bracelet":34,"War Paint":60,"Akabeko":117,"Nuclear Battery":42,"CaptainsWheel":83,"Pantograph":34,"Fusion Hammer":74,"Kunai":8,"Chemical X":114,"Cracked Core":0,"FossilizedHelix":65,"Meat on the Bone":83}],"Meat on the Bone":24},"card_choices":[{"not_picked":["Cold Snap","Beam Cell"],"picked":"Ball Lightning","floor":1.0},{"not_picked":["Streamline","Beam Cell"],"picked":"Storm","floor":2.0},{"not_picked":["Blizzard","Gash"],"picked":"Cold Snap","floor":4.0},{"not_picked":["Barrage","Rebound","Streamline"],"picked":"SKIP","floor":6.0},{"not_picked":["Aggregate","Sunder","Barrage"],"picked":"SKIP","floor":11.0},{"not_picked":["Rip and Tear","Rebound"],"picked":"Coolheaded","floor":12.0},{"not_picked":["Steam Power","Barrage"],"picked":"Reboot","floor":13.0},{"not_picked":["Amplify","Reboot"],"picked":"Thunder Strike","floor":16.0},{"not_picked":["Darkness","Hologram"],"picked":"Sweeping Beam","floor":18.0},{"not_picked":["Auto Shields","Stack"],"picked":"Coolheaded","floor":20.0},{"not_picked":["Chaos","Ball Lightning"],"picked":"Coolheaded","floor":21.0},{"not_picked":["Rebound","Gash+1"],"picked":"Self Repair+1","floor":22.0},{"not_picked":["Sweeping Beam","Coolheaded"],"picked":"Tempest+1","floor":29.0},{"not_picked":["Fission","Thunder Strike"],"picked":"Electrodynamics","floor":33.0},{"not_picked":["Genetic Algorithm+1","Redo"],"picked":"Go for the Eyes+1","floor":35.0},{"not_picked":["Ball Lightning+1","Streamline+1"],"picked":"Loop+1","floor":38.0},{"not_picked":["Leap+1","Genetic Algorithm","Coolheaded"],"picked":"SKIP","floor":40.0},{"not_picked":["Steam+1","Beam Cell"],"picked":"Consume+1","floor":42.0},{"not_picked":["Compile Driver+1","Rip and Tear+1","Sunder"],"picked":"SKIP","floor":44.0},{"not_picked":["FTL+1","Rebound"],"picked":"Conserve Battery+1","floor":46.0},{"not_picked":["Rainbow","Barrage","Ball Lightning"],"picked":"SKIP","floor":48.0},{"not_picked":["Compile Driver","Blizzard"],"picked":"Defragment","floor":54.0}],"player_experience":584443,"relics_obtained":[{"floor":6.0,"key":"Bag of Preparation"},{"floor":9.0,"key":"Happy Flower"},{"floor":13.0,"key":"Pantograph"},{"floor":26.0,"key":"PreservedInsect"},{"floor":29.0,"key":"FossilizedHelix"},{"floor":38.0,"key":"CaptainsWheel"},{"floor":39.0,"key":"Meat on the Bone"},{"floor":40.0,"key":"CeramicFish"},{"floor":54.0,"key":"Akabeko"}],"event_choices":[{"damage_healed":0.0,"max_hp_gain":0.0,"max_hp_loss":0.0,"gold_gain":0.0,"event_name":"Scrap Ooze","player_choice":"Success","floor":3.0,"gold_loss":0.0,"damage_taken":7.0,"relics_obtained":["Kunai"]},{"damage_healed":0.0,"max_hp_gain":5.0,"max_hp_loss":0.0,"gold_gain":0.0,"event_name":"Big Fish","player_choice":"Donut","floor":5.0,"gold_loss":0.0,"damage_taken":0.0},{"damage_healed":0.0,"max_hp_gain":0.0,"max_hp_loss":0.0,"gold_gain":0.0,"event_name":"Upgrade Shrine","player_choice":"Upgraded","floor":8.0,"gold_loss":0.0,"damage_taken":0.0,"cards_upgraded":["Zap"]},{"damage_healed":0.0,"max_hp_gain":0.0,"max_hp_loss":0.0,"gold_gain":30.0,"event_name":"Dead Adventurer","player_choice":"Searched \u00272\u0027 times","floor":13.0,"gold_loss":0.0,"damage_taken":0.0},{"cards_removed":["Strike_B"],"damage_healed":0.0,"max_hp_gain":0.0,"max_hp_loss":0.0,"gold_gain":0.0,"event_name":"Wheel of Change","player_choice":"Card Removal","floor":19.0,"gold_loss":0.0,"damage_taken":0.0},{"cards_removed":["Strike_B"],"damage_healed":0.0,"max_hp_gain":0.0,"max_hp_loss":0.0,"gold_gain":0.0,"event_name":"betterNote:BetterNote","player_choice":"Give","floor":27.0,"gold_loss":0.0,"damage_taken":0.0,"cards_obtained":["Strike_B"]},{"cards_removed":["Cold Snap"],"damage_healed":0.0,"max_hp_gain":0.0,"max_hp_loss":0.0,"gold_gain":0.0,"event_name":"Falling","player_choice":"Removed Attack","floor":36.0,"gold_loss":0.0,"damage_taken":0.0},{"damage_healed":0.0,"max_hp_gain":0.0,"max_hp_loss":0.0,"gold_gain":0.0,"event_name":"SensoryStone","player_choice":"Memory 1","floor":37.0,"gold_loss":0.0,"damage_taken":0.0},{"damage_healed":0.0,"max_hp_gain":0.0,"max_hp_loss":0.0,"gold_gain":0.0,"event_name":"MindBloom","player_choice":"Fight","floor":38.0,"gold_loss":0.0,"damage_taken":0.0},{"damage_healed":0.0,"max_hp_gain":0.0,"max_hp_loss":0.0,"gold_gain":0.0,"event_name":"Winding Halls","player_choice":"Embrace Madness","floor":45.0,"gold_loss":0.0,"damage_taken":11.0,"cards_obtained":["Madness","Madness"]}],"is_beta":false,"boss_relics":[{"not_picked":["Runic Pyramid","Tiny House"],"picked":"Nuclear Battery"},{"not_picked":["Sozu","Snecko Eye"],"picked":"Fusion Hammer"}],"items_purged_floors":[],"is_endless":false,"potions_floor_spawned":[4,6,11,18,20,22,40,42,44,48],"killed_by":"The Heart","ascension_level":4}}