{"host":"2c84cb4cp1emursg","time":1613388466,"event":{"mods":["Act Like it!","BaseMod","Better Third Choice","Bossed Relics","Hermit","Mimic Mod","Minty Spire (QoL Compilation)","Permanent Neow","StSLib"],"gold_per_floor":[111,129,129,148,164,199,199,228,301,301,318,345,345,355,355,451,451,451,451,451,13,13,13,13,13,13,13,13,13,13,13,13,13,13,13,13,13,13,13,13,13,13,13,13,13,13,13,13,13,13,13,13,13,13,13,13],"floor_reached":55,"language":"ENG","playtime":2529,"items_purged":["Strike_G"],"score":1291,"play_id":"b9e3859e-7b5b-4fdc-ae6b-42eb49188950","local_time":"20210215042746","is_ascension_mode":true,"campfire_choices":[{"data":"1","floor":7,"key":"LIFT"},{"data":"2","floor":15,"key":"LIFT"},{"data":"3","floor":24,"key":"LIFT"},{"data":"Apotheosis","floor":27,"key":"SMITH"},{"floor":29,"key":"RECALL"},{"data":"Doppelganger","floor":32,"key":"SMITH"},{"data":"Accuracy","floor":44,"key":"SMITH"},{"data":"Storm of Steel","floor":49,"key":"SMITH"},{"data":"Discovery","floor":52,"key":"SMITH"}],"circlet_count":0,"master_deck":["Strike_G","Strike_G","Strike_G","Strike_G","Defend_G","Defend_G","Defend_G","Defend_G","Defend_G","Survivor","Neutralize","Underhanded Strike","Dagger Spray","Cloak And Dagger","Accuracy+1","Double Tap+1","Heel Hook","Heel Hook","Predator","Doppelganger+1","Blade Dance","Apotheosis+1","Discovery+1","Infinite Blades","Backstab","Dash","Storm of Steel+1","The Bomb","Terror+1","Die Die Die"],"relics":["WristBlade","Ninja Scroll","Girya","Pear","Paper Crane","Oddly Smooth Stone","Unceasing Top","Ectoplasm","Bag of Preparation","CeramicFish","Thread and Needle","Strawberry","Gremlin Horn","Busted Crown","Potion Belt","Bottled Tornado","Art of War","Happy Flower","Blood Vial"],"acts_visited":["Exordium","TheCity","TheBeyond","TheEnding"],"potions_floor_usage":[5,12,14,25,45,54,55,55,55,55,55],"damage_taken":[{"damage":0,"enemies":"Cultist","floor":1,"turns":4},{"damage":5,"enemies":"2 Louse","floor":2,"turns":2},{"damage":2,"enemies":"Jaw Worm","floor":4,"turns":3},{"damage":1,"enemies":"Red Slaver","floor":5,"turns":3},{"damage":15,"enemies":"Gremlin Nob","floor":6,"turns":4},{"damage":16,"enemies":"Lagavulin","floor":8,"turns":5},{"damage":0,"enemies":"3 Louse","floor":11,"turns":3},{"damage":0,"enemies":"Gremlin Nob","floor":12,"turns":2},{"damage":0,"enemies":"2 Fungi Beasts","floor":14,"turns":1},{"damage":0,"enemies":"Slime Boss","floor":16,"turns":6},{"damage":0,"enemies":"Shell Parasite","floor":18,"turns":2},{"damage":0,"enemies":"Spheric Guardian","floor":19,"turns":1},{"damage":15,"enemies":"Slavers","floor":23,"turns":3},{"damage":9,"enemies":"Gremlin Leader","floor":25,"turns":3},{"damage":0,"enemies":"Slavers","floor":28,"turns":1},{"damage":1,"enemies":"Book of Stabbing","floor":30,"turns":3},{"damage":0,"enemies":"Shelled Parasite and Fungi","floor":31,"turns":1},{"damage":0,"enemies":"Collector","floor":33,"turns":4},{"damage":0,"enemies":"3 Shapes","floor":35,"turns":2},{"damage":0,"enemies":"Orb Walker","floor":37,"turns":1},{"damage":0,"enemies":"Jaw Worm Horde","floor":38,"turns":1},{"damage":0,"enemies":"Reptomancer","floor":40,"turns":3},{"damage":21,"enemies":"Maw","floor":41,"turns":4},{"damage":0,"enemies":"Giant Head","floor":42,"turns":5},{"damage":0,"enemies":"Transient","floor":45,"turns":5},{"damage":0,"enemies":"Reptomancer","floor":46,"turns":2},{"damage":0,"enemies":"3 Darklings","floor":48,"turns":1},{"damage":16,"enemies":"Donu and Deca","floor":50,"turns":6},{"damage":0,"enemies":"Shield and Spear","floor":54,"turns":3},{"damage":98,"enemies":"The Heart","floor":55,"turns":8}],"seed_played":"-6950191580064981208","potions_obtained":[{"floor":4,"key":"Explosive Potion"},{"floor":11,"key":"Fire Potion"},{"floor":12,"key":"SkillPotion"},{"floor":14,"key":"SmokeBomb"},{"floor":28,"key":"Weak Potion"},{"floor":30,"key":"FearPotion"},{"floor":31,"key":"Dexterity Potion"},{"floor":37,"key":"CunningPotion"},{"floor":42,"key":"SneckoOil"},{"floor":45,"key":"Fruit Juice"},{"floor":46,"key":"Explosive Potion"},{"floor":48,"key":"SkillPotion"},{"floor":54,"key":"LiquidMemories"}],"is_trial":false,"path_per_floor":["M","M","T","M","M","E","R","E","T","?","M","E","?","M","R","B",null,"M","M","T","$","?","E","R","E","T","R","E","R","E","M","R","B",null,"M","?","M","M","$","E","M","E","T","R","M","E","?","M","R","B",null,"R","$","E","B"],"character_chosen":"THE_SILENT","items_purchased":["Apotheosis","Discovery","CunningPotion"],"campfire_rested":0,"item_purchase_floors":[21,21,21],"current_hp_per_floor":[70,65,65,63,62,47,47,41,41,14,14,14,14,14,14,14,80,80,80,80,80,65,50,50,41,41,41,48,48,47,47,47,47,92,92,92,92,92,92,92,71,71,71,71,76,76,76,76,76,60,97,97,97,97,0,0],"gold":13,"neow_bonus":"BOSS_RELIC","is_daily":false,"chose_seed":false,"campfire_upgraded":5,"win_rate":0.0,"timestamp":1613388466,"path_taken":["M","M","?","M","M","E","R","E","T","?","M","E","?","?","R","BOSS","M","M","?","$","?","E","R","E","T","R","E","R","E","M","R","BOSS","M","?","M","M","$","E","M","E","T","R","M","E","?","M","R","BOSS","R","$","E","BOSS"],"items_purchased_type":["Card","Card","Potion"],"build_version":"2020-12-22","purchased_purges":1,"victory":false,"max_hp_per_floor":[70,70,70,70,70,70,70,80,80,80,80,80,80,80,80,80,80,80,80,80,80,85,85,85,85,85,85,92,92,92,92,92,92,92,92,92,92,92,92,92,92,92,92,92,97,97,97,97,97,97,97,97,97,97,97,97],"card_choices":[{"not_picked":["Bane","Acrobatics"],"picked":"Underhanded Strike","floor":1},{"not_picked":["Noxious Fumes","Blur","Flying Knee"],"picked":"SKIP","floor":2},{"not_picked":["Deflect","Underhanded Strike"],"picked":"Dagger Spray","floor":4},{"not_picked":["Acrobatics","Eviscerate"],"picked":"Cloak And Dagger","floor":5},{"not_picked":["Eviscerate","Outmaneuver"],"picked":"Accuracy","floor":6},{"not_picked":["Skewer","Crippling Poison","Dodge and Roll"],"picked":"SKIP","floor":8},{"not_picked":["Prepared","Underhanded Strike"],"picked":"Heel Hook","floor":11},{"not_picked":["PiercingWail","Backstab"],"picked":"Heel Hook","floor":12},{"not_picked":["Poisoned Stab","Dodge and Roll"],"picked":"Predator","floor":14},{"not_picked":["Unload","Night Terror"],"picked":"Doppelganger","floor":16},{"not_picked":["Prepared","Flying Knee"],"picked":"Blade Dance","floor":18},{"not_picked":["Flechettes+1","Dodge and Roll","Flying Knee"],"picked":"SKIP","floor":19},{"not_picked":["Flechettes","Heel Hook"],"picked":"Infinite Blades","floor":23},{"not_picked":["Dodge and Roll","Deflect"],"picked":"Backstab","floor":25},{"not_picked":["Distraction+1","Bane","Flying Knee"],"picked":"SKIP","floor":28},{"not_picked":["Quick Slash","Predator"],"picked":"Dash","floor":30},{"not_picked":["Flechettes","Skewer","Backflip"],"picked":"SKIP","floor":31},{"not_picked":["Tools of the Trade","Burst"],"picked":"Storm of Steel","floor":33},{"not_picked":["Bane"],"picked":"SKIP","floor":35},{"not_picked":[],"picked":"The Bomb","floor":36},{"not_picked":["Sucker Punch+1"],"picked":"SKIP","floor":37},{"not_picked":["Masterful Stab+1"],"picked":"SKIP","floor":38},{"not_picked":[],"picked":"Terror+1","floor":40},{"not_picked":["Prepared"],"picked":"SKIP","floor":41},{"not_picked":[],"picked":"Die Die Die","floor":42},{"not_picked":["Calculated Gamble"],"picked":"SKIP","floor":45},{"not_picked":["Setup"],"picked":"SKIP","floor":46},{"not_picked":["Sucker Punch"],"picked":"SKIP","floor":48},{"not_picked":["PiercingWail+1"],"picked":"SKIP","floor":54}],"player_experience":474019,"relics_obtained":[{"floor":3,"key":"Ninja Scroll"},{"floor":6,"key":"Girya"},{"floor":8,"key":"Pear"},{"floor":9,"key":"Paper Crane"},{"floor":12,"key":"Unceasing Top"},{"floor":23,"key":"Bag of Preparation"},{"floor":25,"key":"CeramicFish"},{"floor":26,"key":"Thread and Needle"},{"floor":28,"key":"Strawberry"},{"floor":30,"key":"Gremlin Horn"},{"floor":40,"key":"Potion Belt"},{"floor":42,"key":"Bottled Tornado"},{"floor":43,"key":"Art of War"},{"floor":46,"key":"Happy Flower"},{"floor":54,"key":"Blood Vial"}],"event_choices":[{"damage_healed":0,"gold_gain":0,"player_choice":"Grow","damage_taken":0,"max_hp_gain":0,"max_hp_loss":0,"event_name":"Living Wall","floor":13,"gold_loss":0,"cards_upgraded":["Double Tap"]},{"damage_healed":0,"gold_gain":0,"player_choice":"Shed Blood","damage_taken":20,"max_hp_gain":5,"max_hp_loss":0,"event_name":"Forgotten Altar","floor":22,"gold_loss":0},{"damage_healed":0,"gold_gain":0,"player_choice":"Memory 1","damage_taken":0,"max_hp_gain":0,"max_hp_loss":0,"event_name":"SensoryStone","floor":36,"gold_loss":0},{"damage_healed":0,"gold_gain":0,"player_choice":"Ignored","damage_taken":0,"max_hp_gain":0,"max_hp_loss":0,"event_name":"Golden Shrine","floor":47,"gold_loss":0}],"is_beta":false,"boss_relics":[{"not_picked":["Fusion Hammer","Velvet Choker"],"picked":"Ectoplasm"},{"not_picked":["Runic Dome","Cursed Key"],"picked":"Busted Crown"}],"items_purged_floors":[21],"is_endless":false,"potions_floor_spawned":[4,11,12,14,28,30,31,33,37,42,45,46,48,54],"killed_by":"The Heart","ascension_level":4}}