{"host":"362zhnvmfmhc3u7b","time":1613368344,"event":{"mods":["BaseMod","Colored Powertips","Minty Spire (QoL Compilation)","Quick Restart","Rare Cards Sparkle","StSLib"],"gold_per_floor":[117,132,147,147,162,162,190,190,239,255,274,306,31,46,46,117,117,129,139,139,158,1,1,1,1],"floor_reached":24,"language":"ENG","playtime":1134,"items_purged":[],"score":399,"play_id":"98c13906-62f5-4380-9fa5-be28c6f0c1d0","local_time":"20210215005224","is_ascension_mode":true,"campfire_choices":[{"data":"Zap","floor":6,"key":"SMITH"},{"floor":8,"key":"REST"},{"floor":15,"key":"REST"},{"data":"Consume","floor":23,"key":"SMITH"}],"circlet_count":0,"master_deck":["AscendersBane","Strike_B","Strike_B","Strike_B","Defend_B","Defend_B","Defend_B","Defend_B","Zap+1","Dualcast","Leap","Lockon","Conserve Battery","Ball Lightning","BootSequence","Barrage","Glacier","Conserve Battery","Cold Snap","Amplify","Consume+1","Coolheaded+1","Chaos"],"relics":["Sozu","Bottled Lightning","Vajra","Pen Nib","Gremlin Horn","Inserter","ClockworkSouvenir"],"acts_visited":["Exordium","TheCity"],"potions_floor_usage":[],"damage_taken":[{"damage":7,"enemies":"Jaw Worm","floor":1,"turns":3},{"damage":12,"enemies":"Cultist","floor":2,"turns":4},{"damage":4,"enemies":"2 Louse","floor":3,"turns":3},{"damage":3,"enemies":"Blue Slaver","floor":5,"turns":3},{"damage":25,"enemies":"3 Sentries","floor":7,"turns":8},{"damage":0,"enemies":"Looter","floor":10,"turns":2},{"damage":6,"enemies":"Lots of Slimes","floor":11,"turns":4},{"damage":6,"enemies":"Lagavulin","floor":12,"turns":8},{"damage":0,"enemies":"Blue Slaver","floor":14,"turns":3},{"damage":30,"enemies":"Hexaghost","floor":16,"turns":15},{"damage":10,"enemies":"Spheric Guardian","floor":18,"turns":5},{"damage":0,"enemies":"Chosen","floor":19,"turns":5},{"damage":14,"enemies":"Snake Plant","floor":21,"turns":6},{"damage":33,"enemies":"Slavers","floor":24,"turns":3}],"seed_played":"407191593124021309","potions_obtained":[],"is_trial":false,"path_per_floor":["M","M","M","?","M","R","E","R","T","M","M","E","$","M","R","B",null,"M","M","?","M","$","R","E"],"character_chosen":"DEFECT","items_purchased":["Gremlin Horn","ClockworkSouvenir"],"campfire_rested":2,"item_purchase_floors":[13,22],"current_hp_per_floor":[57,45,41,41,38,38,13,34,34,34,28,22,22,22,43,13,57,47,47,47,33,33,33,0,0],"gold":1,"neow_bonus":"BOSS_RELIC","is_daily":false,"chose_seed":false,"campfire_upgraded":2,"win_rate":0.0,"timestamp":1613368344,"path_taken":["M","M","M","?","M","R","E","R","T","M","M","E","$","M","R","BOSS","M","M","?","M","$","R","E"],"items_purchased_type":["Relic","Relic"],"build_version":"2020-12-22","purchased_purges":0,"victory":false,"max_hp_per_floor":[71,71,71,71,71,71,71,71,71,71,71,71,71,71,71,71,71,71,71,71,71,71,71,71,71],"card_choices":[{"not_picked":["Hologram","White Noise"],"picked":"Leap","floor":1},{"not_picked":["Leap","Tempest"],"picked":"Lockon","floor":2},{"not_picked":["Cold Snap","Streamline"],"picked":"Conserve Battery","floor":3},{"not_picked":["Streamline","Steam Power"],"picked":"Ball Lightning","floor":5},{"not_picked":["Go for the Eyes","Ball Lightning"],"picked":"BootSequence","floor":7},{"not_picked":["Double Energy","Turbo"],"picked":"Barrage","floor":10},{"not_picked":["Darkness","Barrage"],"picked":"Glacier","floor":11},{"not_picked":["Compile Driver","Steam Power"],"picked":"Conserve Battery","floor":12},{"not_picked":["Steam","Steam Power"],"picked":"Cold Snap","floor":14},{"not_picked":["Thunder Strike","Buffer"],"picked":"Amplify","floor":16},{"not_picked":["Beam Cell","Doom and Gloom+1"],"picked":"Consume","floor":18},{"not_picked":["Stack+1","Compile Driver"],"picked":"Coolheaded+1","floor":19},{"not_picked":["Cold Snap","Steam"],"picked":"Chaos","floor":21}],"player_experience":1617489,"relics_obtained":[{"floor":7,"key":"Bottled Lightning"},{"floor":9,"key":"Vajra"},{"floor":12,"key":"Pen Nib"}],"event_choices":[{"cards_removed":["Strike_B"],"damage_healed":0,"gold_gain":0,"player_choice":"Offered Basic","damage_taken":0,"max_hp_gain":0,"max_hp_loss":0,"event_name":"Bonfire Elementals","floor":4,"gold_loss":0},{"damage_healed":0,"gold_gain":0,"player_choice":"Ignored","damage_taken":0,"max_hp_gain":0,"max_hp_loss":0,"event_name":"Cursed Tome","floor":20,"gold_loss":0}],"is_beta":false,"boss_relics":[{"not_picked":["Tiny House","Runic Dome"],"picked":"Inserter"}],"items_purged_floors":[],"is_endless":false,"potions_floor_spawned":[2,5,11,12,18],"killed_by":"Slavers","ascension_level":18}}