{"host":"rs956zbefct9hzhl","time":1613423445,"event":{"mods":["BaseMod","BetterRewards","Downfall","Minty Spire (QoL Compilation)","Shop Mod","Spikes Relics","StSLib"],"gold_per_floor":[349,32,51,51,70,70,95,122,142,74,103,3,19,19,39,138,138,38,54,71,91,91,91,141,141,169,169,179,43,43,65,77,174,174,174,189,111,128,179,179,179,195,222,58,77,88,104,104,115,115,115,115],"floor_reached":50,"language":"ENG","playtime":3213,"items_purged":[],"score":629,"play_id":"f59af00b-8772-479c-96aa-1e7e5dc0c419","local_time":"20210215221045","is_ascension_mode":false,"campfire_choices":[{"floor":1,"key":"RECALL"},{"data":"champ:Taunt","floor":6,"key":"SMITH"},{"data":"champ:Backstep","floor":12,"key":"SMITH"},{"data":"champ:DancingMaster","floor":18,"key":"SMITH"},{"data":"champ:UltimateStance","floor":30,"key":"SMITH"},{"data":"champ:StanceDance","floor":35,"key":"SMITH"}],"circlet_count":0,"master_deck":["champ:Strike","champ:Strike","champ:Defend","champ:Defend","champ:Execute+1","champ:Taunt+1","champ:Backstep+1","champ:AdrenalArmor","champ:FocusedBerserking","champ:FocusedDefense","champ:CrookedStrike","champ:RecklessLeap+1","champ:TornadoPunch+1","champ:GutPunch","champ:StanceDance+1","champ:DancingMaster+1","champ:StanceDance+1","champ:SetATrap","champ:UltimateStance+1","champ:BringItOn","champ:CrookedStrike+1","champ:VampiricStrike","champ:FocusedBerserking+1","champ:HeartStrike+1","champ:AdrenalArmor+1","champ:CalledShot+1"],"relics":["champ:ChampionCrownUpgraded","PreservedInsect","Omamori","SpikesRelics:DaevaFist","MealTicket","champ:DefensiveTrainingManual","downfall:HeartBlessingRed","Tiny Chest","bronze:MakeshiftBattery","downfall:HeartBlessingGreen","sneckomod:BabySnecko","Bag of Marbles","Enchiridion","SnailShell","LugNut","MerchantsRug","BlackRope","Toxic Egg 2","BrokenLever"],"acts_visited":["Exordium","TheCity","TheBeyond"],"potions_floor_usage":[15,46,49],"damage_taken":[{"damage":20,"enemies":"downfall:FleeingMerchant","floor":2,"turns":4},{"damage":25,"enemies":"Small Slimes","floor":3,"turns":5},{"damage":36,"enemies":"Cultist","floor":5,"turns":4},{"damage":76,"enemies":"3 Sentries","floor":8,"turns":7},{"damage":25,"enemies":"Jaw Worm","floor":9,"turns":3},{"damage":35,"enemies":"downfall:FleeingMerchant","floor":10,"turns":4},{"damage":30,"enemies":"Gremlin Nob","floor":11,"turns":4},{"damage":28,"enemies":"2 Fungi Beasts","floor":13,"turns":2},{"damage":23,"enemies":"Blue Slaver","floor":15,"turns":2},{"damage":53,"enemies":"SI_SHIV_ARCHETYPE","floor":16,"turns":6},{"damage":34,"enemies":"Spheric Guardian","floor":19,"turns":4},{"damage":20,"enemies":"Shell Parasite","floor":20,"turns":3},{"damage":65,"enemies":"Snake Plant","floor":21,"turns":4},{"damage":25,"enemies":"Book of Stabbing","floor":26,"turns":2},{"damage":40,"enemies":"Sentry and Sphere","floor":28,"turns":2},{"damage":50,"enemies":"downfall:FleeingMerchant","floor":29,"turns":4},{"damage":45,"enemies":"downfall:FleeingMerchant","floor":31,"turns":3},{"damage":30,"enemies":"Shelled Parasite and Fungi","floor":32,"turns":2},{"damage":44,"enemies":"DF_ARCHETYPE_CLAW","floor":33,"turns":6},{"damage":10,"enemies":"3 Shapes","floor":36,"turns":2},{"damage":25,"enemies":"Orb Walker","floor":38,"turns":1},{"damage":45,"enemies":"2 Orb Walkers","floor":39,"turns":3},{"damage":15,"enemies":"4 Shapes","floor":42,"turns":3},{"damage":35,"enemies":"Nemesis","floor":43,"turns":3},{"damage":75,"enemies":"Maw","floor":45,"turns":4},{"damage":45,"enemies":"3 Darklings","floor":46,"turns":3},{"damage":50,"enemies":"Writhing Mass","floor":47,"turns":2},{"damage":60,"enemies":"Maw","floor":49,"turns":5},{"damage":128,"enemies":"WA_ARCHETYPE_DIVINITY","floor":50,"turns":3}],"seed_played":"-2129532248345014850","potions_obtained":[{"floor":9,"key":"CultistPotion"},{"floor":11,"key":"DuplicationPotion"},{"floor":15,"key":"bronze:BurnAndBuffPotion"},{"floor":21,"key":"SpeedPotion"},{"floor":28,"key":"DuplicationPotion"},{"floor":33,"key":"AttackPotion"},{"floor":38,"key":"Swift Potion"}],"is_trial":false,"path_per_floor":["R","$","M","?","M","R","T","E","M","$","E","R","M","?","M","B",null,"R","M","M","M","?","?","T","?","E","T","M","$","R","$","M","B",null,"R","M","$","M","?","T","T","M","E","$","M","M","M","?","M","B"],"character_chosen":"THE_CHAMP","items_purchased":["PreservedInsect","Omamori","champ:TornadoPunch","Strawberry","LugNut","Whetstone","MerchantsRug","champ:CalledShot+1","BrokenLever"],"campfire_rested":0,"item_purchase_floors":[2,2,10,29,31,31,37,44,44],"current_hp_per_floor":[63,63,58,58,52,52,52,34,34,49,39,39,36,24,24,24,90,90,76,76,76,76,76,76,60,60,60,60,82,82,97,97,93,97,97,97,97,97,97,97,97,97,97,97,97,97,97,97,97,0,0,0],"gold":115,"neow_bonus":"TWO_FIFTY_GOLD","is_daily":false,"chose_seed":false,"campfire_upgraded":5,"win_rate":0.0,"timestamp":1613423445,"path_taken":["R","$","M","?","?","R","T","E","M","$","E","R","M","?","M","BOSS","R","M","M","M","?","?","T","?","E","?","M","?","R","$","M","BOSS","R","M","?","M","?","?","T","M","E","?","M","?","M","?","M","BOSS"],"items_purchased_type":["Relic","Relic","Card","Relic","Relic","Relic","Relic","Card","Relic"],"build_version":"2020-12-22","purchased_purges":0,"victory":false,"max_hp_per_floor":[90,90,90,90,90,90,90,90,90,90,90,90,90,90,90,90,90,90,90,90,90,90,90,90,90,90,90,90,97,97,97,97,97,97,97,97,97,97,97,97,97,97,97,97,97,97,97,97,97,97,97,97],"card_choices":[{"not_picked":["champ:PerfectedStrike","champ:Devastate"],"picked":"champ:Backstep","floor":2},{"not_picked":["champ:EnGarde","champ:FancyFootwork"],"picked":"champ:AdrenalArmor","floor":3},{"not_picked":["champ:GutPunch","champ:Shatter"],"picked":"champ:FocusedBerserking","floor":5},{"not_picked":["champ:TornadoPunch","champ:Parry"],"picked":"champ:FocusedDefense","floor":8},{"not_picked":["champ:PerfectedStrike","champ:Backstep"],"picked":"champ:CrookedStrike","floor":9},{"not_picked":["champ:RisingSlash","champ:CrownThrow"],"picked":"champ:RecklessLeap","floor":10},{"not_picked":["champ:EndlessRage","champ:EnragedBash","champ:ShieldWall"],"picked":"SKIP","floor":11},{"not_picked":["champ:FlashCut","champ:Duel"],"picked":"champ:GutPunch","floor":13},{"not_picked":["champ:BladeFlurry","champ:PerfectedStrike"],"picked":"champ:StanceDance","floor":15},{"not_picked":["champ:IgnorePain","champ:ShieldThrow"],"picked":"champ:DancingMaster","floor":16},{"not_picked":["champ:Backstep","champ:EnGarde","champ:FocusedBerserking"],"picked":"SKIP","floor":19},{"not_picked":["champ:SkillfulDodge","champ:CrownThrow"],"picked":"champ:StanceDance+1","floor":20},{"not_picked":["champ:CrookedStrike","champ:TornadoPunch"],"picked":"champ:SetATrap","floor":21},{"not_picked":["champ:IronFortress","champ:BladeFlurry"],"picked":"champ:UltimateStance","floor":26},{"not_picked":["champ:FalseCounter+1","champ:DefensiveShout"],"picked":"champ:BringItOn","floor":28},{"not_picked":["champ:DeathBlow","champ:Encircle+1","champ:BerserkersShout"],"picked":"SKIP","floor":29},{"not_picked":["champ:Circumvent","champ:Shatter+1","champ:DefensiveShout"],"picked":"SKIP","floor":31},{"not_picked":["champ:FaceSlap","champ:BladeFlurry"],"picked":"champ:CrookedStrike+1","floor":32},{"not_picked":["champ:Improvising","champ:CheapShot"],"picked":"champ:VampiricStrike","floor":33},{"not_picked":["champ:PreciseThrust+1","champ:Backstep+1"],"picked":"champ:FocusedBerserking+1","floor":36},{"not_picked":["champ:EnGarde+1","champ:PerfectedStrike","champ:GutPunch+1"],"picked":"SKIP","floor":38},{"not_picked":["champ:FocusedBerserking+1","champ:Devastate"],"picked":"champ:HeartStrike+1","floor":39},{"not_picked":["champ:FanOfKnives+1","champ:BladeFlurry"],"picked":"champ:AdrenalArmor+1","floor":42},{"not_picked":["champ:EnGarde+1","champ:PreemptiveStrike","champ:SkillfulDodge+1"],"picked":"SKIP","floor":43},{"not_picked":["champ:Shatter","champ:EnGarde+1","champ:PerfectedStrike"],"picked":"SKIP","floor":45},{"not_picked":["champ:PerfectedStrike+1","champ:IgnorePain+1","champ:AdrenalArmor+1"],"picked":"SKIP","floor":46},{"not_picked":["champ:FocusedBerserking+1","champ:Shatter+1","champ:Circumvent+1"],"picked":"SKIP","floor":47},{"not_picked":["champ:DefensiveShout+1","champ:FlashCut+1","champ:EnGarde+1"],"picked":"SKIP","floor":49}],"player_experience":513416,"relics_obtained":[{"floor":7,"key":"SpikesRelics:DaevaFist"},{"floor":8,"key":"MealTicket"},{"floor":11,"key":"champ:DefensiveTrainingManual"},{"floor":24,"key":"Bag of Marbles"},{"floor":25,"key":"Enchiridion"},{"floor":26,"key":"SnailShell"},{"floor":27,"key":"The Courier"},{"floor":39,"key":"BlackRope"},{"floor":41,"key":"Toxic Egg 2"},{"floor":43,"key":"champ:FightingForDummies"}],"event_choices":[{"damage_healed":0,"gold_gain":0,"player_choice":"Success","damage_taken":12,"relics_obtained":["Tiny Chest"],"max_hp_gain":0,"max_hp_loss":0,"event_name":"Scrap Ooze","floor":14,"gold_loss":0},{"damage_healed":0,"gold_gain":0,"player_choice":"Fight","damage_taken":0,"max_hp_gain":0,"max_hp_loss":0,"event_name":"Mysterious Sphere","floor":39,"gold_loss":0}],"is_beta":false,"boss_relics":[{"not_picked":["Snecko Eye","CosmicIsotope"],"picked":"bronze:MakeshiftBattery"},{"not_picked":["Astrolabe","Busted Crown"],"picked":"champ:ChampionCrownUpgraded"}],"items_purged_floors":[],"is_endless":false,"potions_floor_spawned":[9,11,15,21,28,33,38,42,43],"killed_by":"WA_ARCHETYPE_DIVINITY","ascension_level":0}}