{"host":"pjz3m1kifmtv24r2","time":1613386504,"event":{"mods":["2.2 Compatiblity","Aspiration","BaseMod","Bestiary","Better Altar","Better Match","Better Note","Better Sensory Stone","Better Skull","CCEM2","Colored Powertips","Conspire","Dark Map","Displayed Cursed Tome","Fox Events","GifTheSpireLib","Halation","Highlight Path","Hubris","Jedi Mod","Mimic Mod","Minty Spire (QoL Compilation)","Quick Restart","RatMod","Relic Sorter","Reliquary","Replay The Spire","Small Relic Pack","Spicy Shops","Spikes Relics","Spire Arcade","StS++","StSLib","Stuff the Spire","The Blue Laboratory","The Runesmith","Trackpad","Wandering Minibosses"],"gold_per_floor":[117,21,41,67,67,67,67],"floor_reached":6,"language":"ENG","playtime":168,"items_purged":[],"score":34,"play_id":"60e084c5-7dd6-4211-b550-0845b4ae0108","local_time":"20210215055504","is_ascension_mode":false,"campfire_choices":[],"circlet_count":0,"master_deck":["Strike_B","Strike_B","Strike_B","Strike_B","Defend_B","Defend_B","Defend_B","Defend_B","Storm","Writhe","Defragment","Vigilance","Eruption"],"relics":["Cracked Core","NeowsBlessing","Carrot","foxEvents:LuckyCharm"],"acts_visited":["Exordium"],"potions_floor_usage":[],"damage_taken":[{"damage":0,"enemies":"2 Louse","floor":1,"turns":1},{"damage":0,"enemies":"Small Slimes","floor":3,"turns":1},{"damage":0,"enemies":"Colosseum Slavers","floor":4,"turns":1},{"damage":20,"enemies":"Gremlin Nob","floor":6,"turns":4}],"seed_played":"-4917777897089631638","potions_obtained":[{"floor":3,"key":"Fire Potion"},{"floor":4,"key":"jedi:StrikingPotion"}],"is_trial":false,"path_per_floor":["M","$","M","?","?","E"],"character_chosen":"DEFECT","items_purchased":["Carrot"],"campfire_rested":0,"item_purchase_floors":[2],"current_hp_per_floor":[75,75,75,75,75,55,55],"gold":67,"neow_bonus":"THREE_ENEMY_KILL","is_daily":false,"chose_seed":false,"campfire_upgraded":0,"win_rate":0.0,"timestamp":1613386504,"path_taken":["M","$","M","?","?","E"],"items_purchased_type":["Relic"],"build_version":"2020-12-22","purchased_purges":0,"victory":false,"max_hp_per_floor":[75,75,75,75,75,75,75],"card_choices":[{"not_picked":["Panic Button","Turbo"],"picked":"Storm","floor":1},{"not_picked":["Panic Button","Steam"],"picked":"Defragment","floor":3}],"player_experience":102048,"relics_obtained":[{"floor":4,"key":"foxEvents:LuckyCharm"}],"event_choices":[],"is_beta":false,"boss_relics":[],"items_purged_floors":[],"is_endless":false,"potions_floor_spawned":[3,4],"killed_by":"Gremlin Nob","ascension_level":0}}