{"host":"y080dcqw8fj32q7d","time":1613420599,"event":{"mods":["AchievementEnabler","BaseMod","Colored Map","Colored Powertips","DeckTracker","Minty Spire (QoL Compilation)","Relic Sorter"],"gold_per_floor":[116,66,9,21,36,69,2,2,29,61,37,52,52,83,83,179,179,196,146,160,85,115,143,143,170,170,269,286,302,302,320,320,416,416,429,446,464,464,122,137,12,12,35,35,52,52,52,86,86,86,86,86,13,44,44,44],"floor_reached":55,"language":"ENG","playtime":3599,"items_purged":["Strike_R","Strike_R","Defend_R"],"score":826,"play_id":"4d84ad16-d86c-415a-8954-bfd8f9e5b223","local_time":"20210215232319","is_ascension_mode":true,"campfire_choices":[{"floor":8.0,"key":"REST"},{"floor":15.0,"key":"RECALL"},{"data":"Metallicize","floor":24.0,"key":"SMITH"},{"floor":30,"key":"REST"},{"floor":32,"key":"REST"},{"floor":42,"key":"REST"},{"floor":44,"key":"REST"},{"floor":49,"key":"REST"},{"floor":52,"key":"REST"}],"circlet_count":0,"master_deck":["Defend_R","Defend_R","Defend_R","Bash","Pommel Strike","Shrug It Off","Cleave","Rampage","Metallicize+1","Cleave","Headbutt","Cleave","Immolate","Metallicize","Headbutt","Immolate","Sword Boomerang+1","Cleave","Magnetism","Enlightenment","Apotheosis","Shrug It Off+1","Ghostly Armor","Pommel Strike"],"relics":["Burning Blood","NeowsBlessing","Bag of Preparation","Shuriken","Juzu Bracelet","MealTicket","Blue Candle","Mark of Pain","Red Mask","Pen Nib","Boot","Akabeko","Fusion Hammer","HornCleat","Unceasing Top","Thread and Needle"],"acts_visited":["Exordium","TheCity","TheBeyond","TheEnding"],"potions_floor_usage":[33,35,37,45],"damage_taken":[{"damage":0.0,"enemies":"Cultist","floor":1.0,"turns":1.0},{"damage":0.0,"enemies":"2 Louse","floor":4.0,"turns":1.0},{"damage":0.0,"enemies":"Jaw Worm","floor":5.0,"turns":1.0},{"damage":55.0,"enemies":"Lagavulin","floor":6.0,"turns":9.0},{"damage":3.0,"enemies":"Gremlin Nob","floor":10.0,"turns":3.0},{"damage":4.0,"enemies":"Gremlin Gang","floor":12.0,"turns":3.0},{"damage":18.0,"enemies":"3 Sentries","floor":14.0,"turns":7.0},{"damage":12.0,"enemies":"Slime Boss","floor":16.0,"turns":8.0},{"damage":3.0,"enemies":"3 Byrds","floor":18.0,"turns":3.0},{"damage":9.0,"enemies":"Chosen","floor":20.0,"turns":5.0},{"damage":0.0,"enemies":"Masked Bandits","floor":22.0,"turns":2.0},{"damage":42.0,"enemies":"Slavers","floor":23.0,"turns":4.0},{"damage":43.0,"enemies":"Book of Stabbing","floor":25.0,"turns":7.0},{"damage":0,"enemies":"Centurion and Healer","floor":28,"turns":6},{"damage":0,"enemies":"Chosen and Byrds","floor":29,"turns":3},{"damage":0,"enemies":"Cultist and Chosen","floor":31,"turns":4},{"damage":32,"enemies":"Collector","floor":33,"turns":9},{"damage":17,"enemies":"3 Darklings","floor":35,"turns":3},{"damage":2,"enemies":"3 Shapes","floor":36,"turns":6},{"damage":20,"enemies":"Maw","floor":37,"turns":7},{"damage":0,"enemies":"Sphere and 2 Shapes","floor":40,"turns":1},{"damage":7,"enemies":"Jaw Worm Horde","floor":45,"turns":3},{"damage":26,"enemies":"Giant Head","floor":48,"turns":7},{"damage":76,"enemies":"Donu and Deca","floor":50,"turns":7},{"damage":79,"enemies":"Shield and Spear","floor":54,"turns":8},{"damage":9,"enemies":"The Heart","floor":55,"turns":2}],"seed_played":"912015861591232001","potions_obtained":[{"floor":4.0,"key":"FairyPotion"},{"floor":6.0,"key":"AttackPotion"},{"floor":10.0,"key":"CultistPotion"},{"floor":22.0,"key":"Fire Potion"},{"floor":23.0,"key":"AttackPotion"},{"floor":31,"key":"ColorlessPotion"},{"floor":33,"key":"DistilledChaos"},{"floor":35,"key":"AttackPotion"},{"floor":37,"key":"Block Potion"}],"is_trial":false,"path_per_floor":["M","?","?","M","M","E","$","R","T","E","$","M","?","E","R","B",null,"M","?","M","$","?","E","R","E","T","?","M","M","R","M","R","B",null,"M","M","M","?","$","M","$","R","T","R","M","$","?","E","R","B",null,"R","$","E","B"],"character_chosen":"IRONCLAD","items_purchased":["Metallicize","Cleave","HornCleat","Ghostly Armor"],"campfire_rested":7,"item_purchase_floors":[7,11,39,53],"current_hp_per_floor":[80,80,80,80,80,31,31,55,55,58,73,75,75,63,63,57,80,80,80,77,80,80,44,44,7,7,7,13,19,43,49,73,47,80,69,73,59,59,74,80,80,80,80,80,79,80,70,50,74,30,80,80,80,7,0,0],"gold":44,"neow_bonus":"THREE_ENEMY_KILL","is_daily":false,"chose_seed":false,"campfire_upgraded":1,"win_rate":0.0,"timestamp":1613420599,"path_taken":["M","?","?","M","?","E","$","R","T","E","$","M","?","E","R","BOSS","M","?","M","$","?","E","R","E","T","?","M","M","R","M","R","BOSS","M","M","M","?","$","M","$","R","T","R","M","$","?","E","R","BOSS","R","$","E","BOSS"],"items_purchased_type":["Card","Card","Relic","Card"],"build_version":"2020-12-22","purchased_purges":3,"victory":false,"max_hp_per_floor":[80,80,80,80,80,80,80,80,80,80,80,80,80,80,80,80,80,80,80,80,80,80,80,80,80,80,80,80,80,80,80,80,80,80,80,80,80,80,80,80,80,80,80,80,80,80,80,80,80,80,80,80,80,80,80,80],"card_choices":[{"not_picked":["Cleave","Battle Trance"],"picked":"Pommel Strike","floor":1.0},{"not_picked":["Sword Boomerang","Perfected Strike"],"picked":"Shrug It Off","floor":4.0},{"not_picked":["Havoc","True Grit"],"picked":"Cleave","floor":5.0},{"not_picked":["Juggernaut","Searing Blow"],"picked":"Rampage","floor":6.0},{"not_picked":["Havoc","Shockwave","Sentinel"],"picked":"SKIP","floor":10.0},{"not_picked":["Dark Embrace","Clothesline"],"picked":"Headbutt","floor":12.0},{"not_picked":["Sever Soul","Shrug It Off"],"picked":"Cleave","floor":14.0},{"not_picked":["Impervious","Demon Form"],"picked":"Immolate","floor":16.0},{"not_picked":["Flex","Anger+1","True Grit"],"picked":"SKIP","floor":18.0},{"not_picked":["Heavy Blade","Flex"],"picked":"Metallicize","floor":20.0},{"not_picked":["Anger","Battle Trance","Feel No Pain+1"],"picked":"SKIP","floor":23.0},{"not_picked":["Second Wind","Pommel Strike"],"picked":"Headbutt","floor":25.0},{"not_picked":["Clothesline","Shockwave+1"],"picked":"Immolate","floor":28},{"not_picked":["Heavy Blade","Battle Trance"],"picked":"Sword Boomerang+1","floor":29},{"not_picked":["Searing Blow","Body Slam+1","Disarm"],"picked":"SKIP","floor":31},{"not_picked":["Sword Boomerang","Wild Strike+1","Anger"],"picked":"SKIP","floor":35},{"not_picked":["Sword Boomerang","Clash+1","Armaments+1"],"picked":"SKIP","floor":36},{"not_picked":["Sever Soul","Shrug It Off"],"picked":"Cleave","floor":37},{"not_picked":["Rage+1","Rupture","Warcry"],"picked":"SKIP","floor":40},{"not_picked":["Pummel+1","Exhume","Disarm"],"picked":"SKIP","floor":45},{"not_picked":["Madness","Purity"],"picked":"Magnetism","floor":47},{"not_picked":["Dark Shackles","Finesse"],"picked":"Enlightenment","floor":47},{"not_picked":["Mayhem","Transmutation"],"picked":"Apotheosis","floor":47},{"not_picked":["Cleave+1","Combust"],"picked":"Shrug It Off+1","floor":48},{"not_picked":["Second Wind","Iron Wave"],"picked":"Pommel Strike","floor":54}],"player_experience":314100,"relics_obtained":[{"floor":6.0,"key":"Shuriken"},{"floor":9.0,"key":"Juzu Bracelet"},{"floor":10.0,"key":"MealTicket"},{"floor":14.0,"key":"Blue Candle"},{"floor":22.0,"key":"Red Mask"},{"floor":23.0,"key":"Pen Nib"},{"floor":25.0,"key":"Boot"},{"floor":26.0,"key":"Akabeko"},{"floor":48,"key":"Unceasing Top"},{"floor":54,"key":"Thread and Needle"}],"event_choices":[{"cards_removed":["Strike_R"],"damage_healed":0.0,"max_hp_gain":0.0,"max_hp_loss":0.0,"gold_gain":0.0,"event_name":"The Cleric","player_choice":"Card Removal","floor":2.0,"gold_loss":50.0,"damage_taken":0.0},{"damage_healed":0.0,"max_hp_gain":0.0,"max_hp_loss":0.0,"gold_gain":0.0,"event_name":"WeMeetAgain","player_choice":"Paid Gold","floor":3.0,"gold_loss":57.0,"damage_taken":0.0,"relics_obtained":["Bag of Preparation"]},{"cards_removed":["Strike_R"],"damage_healed":0.0,"max_hp_gain":0.0,"max_hp_loss":0.0,"gold_gain":0.0,"event_name":"Purifier","player_choice":"Purged","floor":13.0,"gold_loss":0.0,"damage_taken":0.0},{"damage_healed":0.0,"max_hp_gain":0.0,"max_hp_loss":0.0,"gold_gain":0.0,"event_name":"The Joust","player_choice":"Bet on Owner","floor":19.0,"gold_loss":50.0,"damage_taken":0.0},{"damage_healed":0.0,"max_hp_gain":0.0,"max_hp_loss":0.0,"gold_gain":0.0,"event_name":"Masked Bandits","player_choice":"Fought Bandits","floor":22.0,"gold_loss":0.0,"damage_taken":0.0},{"damage_healed":0.0,"max_hp_gain":0.0,"max_hp_loss":0.0,"gold_gain":99.0,"event_name":"Nest","player_choice":"Stole From Cult","floor":27.0,"gold_loss":0.0,"damage_taken":0.0},{"cards_removed":["Strike_R"],"damage_healed":0,"gold_gain":0,"player_choice":"Purged","damage_taken":0,"max_hp_gain":0,"max_hp_loss":0,"event_name":"Purifier","floor":38,"gold_loss":0},{"damage_healed":0,"gold_gain":0,"player_choice":"Memory 3","damage_taken":10,"max_hp_gain":0,"max_hp_loss":0,"event_name":"SensoryStone","floor":47,"gold_loss":0}],"is_beta":false,"boss_relics":[{"not_picked":["Astrolabe","Runic Dome"],"picked":"Mark of Pain"},{"not_picked":["Sozu","Busted Crown"],"picked":"Fusion Hammer"}],"items_purged_floors":[21,39,41],"is_endless":false,"potions_floor_spawned":[4,6,10,22,23,31,33,35,37],"killed_by":"The Heart","ascension_level":2}}