{"host":"lv7etzzgwahaenh9","time":1613352995,"event":{"mods":["AchievementEnabler","BaseMod","Colored Map","Colored Powertips","Highlight Path","Minty Spire (QoL Compilation)","Permanent Neow","Quick Restart","Random Character Button","StSLib"],"gold_per_floor":[118,137,137,149,162,162,195,195,195,222,233,233,0,13,13,117,117,131,131,116,216,230,230,259,259,259,288,288,307,1,19,19,114,114,127,127,127,172,183,183,21,356,356,381,381,381,391,402,402,402,402],"floor_reached":50,"language":"ENG","playtime":2716,"items_purged":["Strike_G"],"score":980,"play_id":"07cbae92-71d5-4976-8c90-bc609203bd38","local_time":"20210214173635","is_ascension_mode":true,"campfire_choices":[{"data":"Apotheosis","floor":6.0,"key":"SMITH"},{"data":"Glass Knife","floor":12.0,"key":"SMITH"},{"data":"Footwork","floor":15.0,"key":"SMITH"},{"data":"Envenom","floor":23.0,"key":"SMITH"},{"floor":25.0,"key":"REST"},{"floor":28.0,"key":"REST"},{"floor":32.0,"key":"REST"},{"floor":40.0,"key":"REST"},{"floor":46.0,"key":"REST"},{"floor":49.0,"key":"RECALL"}],"circlet_count":0,"master_deck":["AscendersBane","Strike_G","Strike_G","Defend_G","Defend_G","Defend_G","Defend_G","Defend_G","Survivor","Neutralize","Apotheosis+1","Deadly Poison","Deflect","Neutralize","Glass Knife+1","Bandage Up","Dash","Slice","Sucker Punch","Bane+1","Deflect","Well Laid Plans","Cloak And Dagger","Footwork+1","Envenom+1","PiercingWail+1","Leg Sweep+1","Blur+1","After Image","Glass Knife+1","Slice+1","Corpse Explosion","Cloak And Dagger+1","Swift Strike+1","Madness","Madness","Catalyst+1","Slice+1","Blade Dance+1","Escape Plan+1"],"relics":["Ring of the Snake","Torii","Ninja Scroll","Molten Egg 2","Sling","Black Star","Bronze Scales","TungstenRod","Pear","Mercury Hourglass","Shuriken","Membership Card","Blood Vial","WristBlade","Bird Faced Urn","HandDrill","Old Coin","MealTicket","Potion Belt","Strawberry"],"acts_visited":["Exordium","TheCity","TheBeyond"],"potions_floor_usage":[50,50],"damage_taken":[{"damage":1.0,"enemies":"Cultist","floor":1.0,"turns":4.0},{"damage":1.0,"enemies":"Jaw Worm","floor":2.0,"turns":4.0},{"damage":0.0,"enemies":"2 Louse","floor":4.0,"turns":3.0},{"damage":7.0,"enemies":"2 Fungi Beasts","floor":5.0,"turns":5.0},{"damage":14.0,"enemies":"Lagavulin","floor":7.0,"turns":9.0},{"damage":1.0,"enemies":"3 Sentries","floor":10.0,"turns":5.0},{"damage":2.0,"enemies":"Exordium Thugs","floor":11.0,"turns":4.0},{"damage":0.0,"enemies":"Large Slime","floor":14.0,"turns":4.0},{"damage":5.0,"enemies":"The Guardian","floor":16.0,"turns":11.0},{"damage":2.0,"enemies":"3 Byrds","floor":18.0,"turns":5.0},{"damage":1.0,"enemies":"2 Thieves","floor":20.0,"turns":4.0},{"damage":18.0,"enemies":"3 Cultists","floor":22.0,"turns":7.0},{"damage":28.0,"enemies":"Book of Stabbing","floor":24.0,"turns":7.0},{"damage":38.0,"enemies":"Gremlin Leader","floor":27.0,"turns":9.0},{"damage":0.0,"enemies":"Sentry and Sphere","floor":29.0,"turns":5.0},{"damage":5.0,"enemies":"Snake Plant","floor":31.0,"turns":4.0},{"damage":0.0,"enemies":"Champ","floor":33.0,"turns":11.0},{"damage":0.0,"enemies":"Orb Walker","floor":35.0,"turns":2.0},{"damage":18.0,"enemies":"2 Orb Walkers","floor":38.0,"turns":4.0},{"damage":0.0,"enemies":"3 Darklings","floor":39.0,"turns":1.0},{"damage":58.0,"enemies":"Giant Head","floor":42.0,"turns":8.0},{"damage":15.0,"enemies":"Reptomancer","floor":44.0,"turns":6.0},{"damage":79.0,"enemies":"Transient","floor":47.0,"turns":5.0},{"damage":0.0,"enemies":"Maw","floor":48.0,"turns":6.0},{"damage":55,"enemies":"Awakened One","floor":50,"turns":5}],"seed_played":"8092843845238316199","potions_obtained":[{"floor":1.0,"key":"Block Potion"},{"floor":7.0,"key":"LiquidMemories"},{"floor":10.0,"key":"EssenceOfSteel"},{"floor":22.0,"key":"SkillPotion"},{"floor":24.0,"key":"ColorlessPotion"},{"floor":29.0,"key":"SkillPotion"},{"floor":31.0,"key":"Block Potion"},{"floor":33.0,"key":"Fire Potion"},{"floor":35.0,"key":"SpeedPotion"},{"floor":38.0,"key":"Regen Potion"},{"floor":47.0,"key":"DistilledChaos"},{"floor":48.0,"key":"CunningPotion"}],"is_trial":false,"path_per_floor":["M","M","?","M","M","R","E","?","T","E","M","R","$","M","R","B",null,"M","?","M","?","M","R","E","R","T","E","R","M","$","M","R","B",null,"M","?","?","?","M","R","$","E","T","E","?","R","M","M","R","B"],"character_chosen":"THE_SILENT","items_purchased":["Sling","Well Laid Plans","Cloak And Dagger","Membership Card","Glass Knife+1","Blood Vial","HandDrill","FairyPotion"],"campfire_rested":5,"item_purchase_floors":[13,13,13,30,30,30,41,41],"current_hp_per_floor":[62,61,61,61,54,54,46,46,46,51,53,53,53,59,59,60,62,63,63,62,62,44,44,16,34,44,12,33,37,37,38,59,67,72,73,73,65,49,51,72,72,23,23,29,29,53,30,44,44,0,0],"gold":402,"neow_bonus":"RANDOM_COLORLESS_2","is_daily":false,"chose_seed":false,"campfire_upgraded":4,"win_rate":0.0,"timestamp":1613352995,"path_taken":["M","M","?","?","M","R","E","?","T","E","M","R","$","M","R","BOSS","M","?","M","?","M","R","E","R","T","E","R","M","$","M","R","BOSS","M","?","?","?","M","R","$","E","T","E","?","R","?","M","R","BOSS"],"items_purchased_type":["Relic","Card","Card","Relic","Card","Relic","Relic","Potion"],"build_version":"2020-12-22","purchased_purges":1,"victory":false,"max_hp_per_floor":[63,63,63,63,63,63,63,63,63,63,63,63,63,63,63,63,63,63,63,63,63,63,63,63,63,73,73,73,73,73,73,73,73,73,73,73,73,73,73,73,73,73,73,80,80,80,80,80,80,80,80],"card_choices":[{"not_picked":["Chrysalis","Thinking Ahead"],"picked":"Apotheosis","floor":0.0},{"not_picked":["Setup","Dodge and Roll"],"picked":"Deadly Poison","floor":1.0},{"not_picked":["Slice","Backstab"],"picked":"Deflect","floor":2.0},{"not_picked":["Acrobatics","Backflip"],"picked":"Dash","floor":4.0},{"not_picked":["Doppelganger","Deflect"],"picked":"Slice","floor":5.0},{"not_picked":["Underhanded Strike","Distraction","Sucker Punch"],"picked":"SKIP","floor":7.0},{"not_picked":["Backflip","Dodge and Roll"],"picked":"Bane+1","floor":10.0},{"not_picked":["Distraction","Outmaneuver"],"picked":"Deflect","floor":11.0},{"not_picked":["Calculated Gamble","Reflex"],"picked":"Footwork","floor":14.0},{"not_picked":["A Thousand Cuts","Doppelganger"],"picked":"Envenom","floor":16.0},{"not_picked":["Underhanded Strike+1","Acrobatics"],"picked":"PiercingWail+1","floor":18.0},{"not_picked":["Heel Hook+1","Prepared"],"picked":"Leg Sweep+1","floor":20.0},{"not_picked":["Deadly Poison","Predator+1"],"picked":"Blur+1","floor":22.0},{"not_picked":["Underhanded Strike+1","Die Die Die+1"],"picked":"After Image","floor":24.0},{"not_picked":["PiercingWail","Underhanded Strike+1","Cloak And Dagger"],"picked":"SKIP","floor":27.0},{"not_picked":["Dodge and Roll+1","Escape Plan+1","Setup"],"picked":"SKIP","floor":29.0},{"not_picked":["Finisher+1","Outmaneuver"],"picked":"Slice+1","floor":31.0},{"not_picked":["Glass Knife+1","Tools of the Trade"],"picked":"Corpse Explosion","floor":33.0},{"not_picked":["Dagger Throw+1","Dash+1"],"picked":"Cloak And Dagger+1","floor":35.0},{"not_picked":["Deep Breath","Finesse"],"picked":"Swift Strike+1","floor":36.0},{"not_picked":["Terror","Eviscerate+1"],"picked":"Catalyst+1","floor":38.0},{"not_picked":["Deadly Poison","Backstab+1"],"picked":"Slice+1","floor":39.0},{"not_picked":["Leg Sweep+1","Calculated Gamble"],"picked":"Blade Dance+1","floor":42.0},{"not_picked":["Crippling Poison","Sucker Punch+1","Predator+1"],"picked":"SKIP","floor":44.0},{"not_picked":["Dagger Spray+1","Poisoned Stab+1"],"picked":"Escape Plan+1","floor":47.0},{"not_picked":["Dodge and Roll+1","Dagger Throw+1","Tactician+1"],"picked":"SKIP","floor":48.0}],"player_experience":398511,"relics_obtained":[{"floor":7.0,"key":"Torii"},{"floor":9.0,"key":"Ninja Scroll"},{"floor":10.0,"key":"Molten Egg 2"},{"floor":24.0,"key":"Bronze Scales"},{"floor":24.0,"key":"TungstenRod"},{"floor":26.0,"key":"Pear"},{"floor":27.0,"key":"Mercury Hourglass"},{"floor":27.0,"key":"Shuriken"},{"floor":38.0,"key":"Bird Faced Urn"},{"floor":42.0,"key":"Old Coin"},{"floor":42.0,"key":"MealTicket"},{"floor":44.0,"key":"Potion Belt"},{"floor":44.0,"key":"Strawberry"}],"event_choices":[{"damage_healed":0.0,"max_hp_gain":0.0,"max_hp_loss":0.0,"gold_gain":0.0,"event_name":"Match and Keep!","player_choice":"3 cards matched","floor":3.0,"gold_loss":0.0,"damage_taken":0.0,"cards_obtained":["Neutralize","Glass Knife","Bandage Up"]},{"damage_healed":0.0,"max_hp_gain":0.0,"max_hp_loss":0.0,"gold_gain":0.0,"cards_transformed":["Strike_G"],"event_name":"Transmorgrifier","player_choice":"Transformed","floor":8.0,"gold_loss":0.0,"damage_taken":0.0,"cards_obtained":["Sucker Punch"]},{"cards_removed":["Strike_G"],"damage_healed":0.0,"max_hp_gain":0.0,"max_hp_loss":0.0,"gold_gain":0.0,"event_name":"Back to Basics","player_choice":"Elegance","floor":19.0,"gold_loss":0.0,"damage_taken":0.0},{"damage_healed":0.0,"max_hp_gain":0.0,"max_hp_loss":0.0,"gold_gain":100.0,"event_name":"Golden Shrine","player_choice":"Pray","floor":21.0,"gold_loss":0.0,"damage_taken":0.0},{"damage_healed":0.0,"max_hp_gain":0.0,"max_hp_loss":0.0,"gold_gain":0.0,"event_name":"SensoryStone","player_choice":"Memory 1","floor":36.0,"gold_loss":0.0,"damage_taken":0.0},{"damage_healed":0.0,"max_hp_gain":0.0,"max_hp_loss":0.0,"gold_gain":0.0,"event_name":"Winding Halls","player_choice":"Embrace Madness","floor":37.0,"gold_loss":0.0,"damage_taken":9.0,"cards_obtained":["Madness","Madness"]},{"damage_healed":0.0,"max_hp_gain":0.0,"max_hp_loss":0.0,"gold_gain":0.0,"event_name":"Mysterious Sphere","player_choice":"Fight","floor":38.0,"gold_loss":0.0,"damage_taken":0.0},{"damage_healed":0.0,"max_hp_gain":0.0,"max_hp_loss":0.0,"gold_gain":0.0,"event_name":"Tomb of Lord Red Mask","player_choice":"Ignored","floor":45.0,"gold_loss":0.0,"damage_taken":0.0}],"is_beta":false,"boss_relics":[{"not_picked":["SlaversCollar","Empty Cage"],"picked":"Black Star"},{"not_picked":["Coffee Dripper","Calling Bell"],"picked":"WristBlade"}],"items_purged_floors":[41],"is_endless":false,"potions_floor_spawned":[1,7,10,22,24,29,31,33,35,38,47,48],"killed_by":"Awakened One","ascension_level":11}}