{"host":"ufhw4cf0hh51lveu","time":1613391794,"event":{"mods":["BaseMod","DeckTracker","Minty Spire (QoL Compilation)","SuperFastMode"],"gold_per_floor":[112,129,129,147,166,166,177,190,190,213,213,228,247,260,260,260,260],"floor_reached":16,"language":"KOR","playtime":694,"items_purged":[],"score":98,"play_id":"c70a31dd-64e8-4ea8-86e0-f4b41d7344f6","local_time":"20210215212314","is_ascension_mode":false,"campfire_choices":[{"data":"Shrug It Off","floor":6,"key":"SMITH"},{"floor":11,"key":"REST"},{"data":"Pummel","floor":15,"key":"SMITH"}],"circlet_count":0,"master_deck":["Strike_R","Strike_R","Strike_R","Strike_R","Strike_R","Defend_R","Defend_R","Defend_R","Defend_R","Bash","Cleave","Pummel+1","Shrug It Off+1","Pommel Strike","Uppercut","Cleave","Flex","Ghostly Armor","Flex"],"relics":["Burning Blood","Strawberry","Question Card","Odd Mushroom"],"acts_visited":["Exordium"],"potions_floor_usage":[14,16],"damage_taken":[{"damage":7,"enemies":"2 Louse","floor":1,"turns":3},{"damage":12,"enemies":"Small Slimes","floor":2,"turns":3},{"damage":3,"enemies":"Jaw Worm","floor":4,"turns":5},{"damage":46,"enemies":"Gremlin Gang","floor":5,"turns":4},{"damage":6,"enemies":"Looter","floor":7,"turns":4},{"damage":13,"enemies":"3 Louse","floor":8,"turns":3},{"damage":26,"enemies":"The Mushroom Lair","floor":10,"turns":4},{"damage":0,"enemies":"Large Slime","floor":12,"turns":4},{"damage":7,"enemies":"Exordium Thugs","floor":13,"turns":5},{"damage":2,"enemies":"Blue Slaver","floor":14,"turns":4},{"damage":55,"enemies":"The Guardian","floor":16,"turns":10}],"seed_played":"-2992383942299708951","potions_obtained":[{"floor":2,"key":"SmokeBomb"},{"floor":8,"key":"SpeedPotion"},{"floor":10,"key":"ElixirPotion"},{"floor":12,"key":"SkillPotion"}],"is_trial":false,"path_per_floor":["M","M","?","M","M","R","M","M","T","?","R","M","M","M","R","B"],"character_chosen":"IRONCLAD","items_purchased":[],"campfire_rested":1,"item_purchase_floors":[],"current_hp_per_floor":[86,80,80,83,43,43,43,36,36,16,42,48,47,51,51,0,0],"gold":260,"neow_bonus":"RANDOM_COMMON_RELIC","is_daily":false,"chose_seed":false,"campfire_upgraded":2,"win_rate":0.0,"timestamp":1613391794,"path_taken":["M","M","?","M","M","R","M","M","T","?","R","M","M","M","R","BOSS"],"items_purchased_type":[],"build_version":"2020-12-22","purchased_purges":0,"victory":false,"max_hp_per_floor":[87,87,87,87,87,87,87,87,87,87,87,87,87,87,87,87,87],"card_choices":[{"not_picked":["Perfected Strike","Twin Strike"],"picked":"Cleave","floor":1},{"not_picked":["Armaments","Clash","Dual Wield"],"picked":"SKIP","floor":2},{"not_picked":["Barricade","Clash"],"picked":"Pummel","floor":4},{"not_picked":["Twin Strike","Clothesline"],"picked":"Shrug It Off","floor":5},{"not_picked":["Warcry","Body Slam"],"picked":"Pommel Strike","floor":7},{"not_picked":["Bloodletting","Clothesline"],"picked":"Uppercut","floor":8},{"not_picked":["Berserk","Carnage","Seeing Red"],"picked":"Cleave","floor":10},{"not_picked":["Cleave","Iron Wave","Sword Boomerang"],"picked":"Flex","floor":12},{"not_picked":["Armaments","Metallicize","Anger"],"picked":"Ghostly Armor","floor":13},{"not_picked":["Anger","Armaments","Headbutt"],"picked":"Flex","floor":14}],"player_experience":17369,"relics_obtained":[{"floor":9,"key":"Question Card"},{"floor":10,"key":"Odd Mushroom"}],"event_choices":[{"damage_healed":0,"gold_gain":0,"player_choice":"Ignored","damage_taken":0,"max_hp_gain":0,"max_hp_loss":0,"event_name":"Shining Light","floor":3,"gold_loss":0},{"damage_healed":0,"gold_gain":0,"player_choice":"Fought Mushrooms","damage_taken":0,"max_hp_gain":0,"max_hp_loss":0,"event_name":"Mushrooms","floor":10,"gold_loss":0}],"is_beta":false,"boss_relics":[],"items_purged_floors":[],"is_endless":false,"potions_floor_spawned":[2,8,10,12],"killed_by":"The Guardian","ascension_level":0}}