{"host":"fa9lu700uj5rxl8c","time":1613402514,"event":{"mods":["2.2 Compatiblity","A Penny For Your Troubles","AchievementEnabler","AlwaysNeverKeys","Aspiration","Bard","BaseMod","Beaked The Cultist","Better Altar","Better Match","Better Note","Better Sensory Stone","Better Silent Start","Better Skull","Better Third Choice","BetterRewards","Bossed Relics","ChefMod","Colored Map","Colored Powertips","Conspire","Curses Come First","Displayed Cursed Tome","Downfall","Energized Spire","Friendly Minions","FruityMod","GifTheSpireLib","Hermit","Infinite Spire","Ironclad Rager","Jorbs\u0027s Wanderer Trilogy","Luminous","Mad Scientist","Minty Spire (QoL Compilation)","Permanent Neow","Quarter Circle Forward PUNCH!","Random Character Button","Reliquary","Reorder Act Four","Replay The Spire","Robot Space Explorer","Shop Mod","Spicy Shops","Spikes Relics","Spire Arcade","StSLib","Stuff the Spire","SuperFastMode","The Blackbeard","The Blue Laboratory","The Bug Knight","The Construct","The Cursed","The Disciple","The Exalted","The Forsaken","The Hierophant","The IronCluck","The Judge","The Juggernuat","The Marked","The Mystic","The Necromancer","The Runesmith","The Sage","The Saiyan","TheBandit","TheFirefly","Transform Curses","Wandering Minibosses"],"gold_per_floor":[112,112,130,0,0,41,41,59,86,104,104,145,164,184,184,312,312,332,332,352,158,172,172,188,188,188,201,239,239,275,275,275,400,400,416,749,766,766,786,814,814,843,924,944,944,386,413,413,413,414,414,18,18,53,53],"floor_reached":56,"language":"ENG","playtime":4598,"items_purged":["mysticmod:Strike_Mystic"],"score":1485,"play_id":"09afa55f-3349-4f78-a2be-8cbb15fae180","local_time":"20210215162154","is_ascension_mode":false,"campfire_choices":[{"data":"mysticmod:HeavyStrike","floor":15,"key":"SMITH"},{"data":"mysticmod:SpontaneousCaster","floor":23,"key":"SMITH"},{"data":"mysticmod:Dedication+1","floor":29,"key":"SMITH"},{"data":"mysticmod:Dedication+2","floor":32,"key":"SMITH"},{"data":"wanderingMiniBosses:FinaleOfPromise","floor":41,"key":"SMITH"},{"data":"mysticmod:Natural20","floor":49,"key":"SMITH"},{"data":"ReplayUltimateDefense","floor":53,"key":"SMITH"}],"circlet_count":0,"master_deck":["mysticmod:Strike_Mystic","mysticmod:Strike_Mystic","mysticmod:ArcaneDodge","mysticmod:ShockingGrasp","mysticmod:HeavyStrike+1","mysticmod:MightyMagic","Panacea","mysticmod:HeavyStrike","mysticmod:EarthenWall","Enlightenment","mysticmod:Alacrity","mysticmod:ArcaneAccuracy+1","mysticmod:Snowball","mysticmod:PureInstinct","infinitespire:Collect+1","mysticmod:Momentum","mysticmod:CureLightWounds+1","mysticmod:BulkUp","mysticmod:SpontaneousCaster+1","mysticmod:Alacrity","ReplayTheSpireMod:Tripwire","PiercingWail","Setup","mysticmod:PunishingArmor","mysticmod:ComboCaster+1","mysticmod:Daze+1","mysticmod:Daze+1","wanderingMiniBosses:FinaleOfPromise+1","mysticmod:Dedication+3","mysticmod:Fireball","infinitespire:Execution","mysticmod:HeavyStrike+1","mysticmod:Discipline","mysticmod:BladeMaster+1","mysticmod:MysticalShield","mysticmod:ComponentsPouch","Shame","mysticmod:Flurry","mysticmod:TomeOfSpells","Secret Weapon+1","mysticmod:Natural20+1","ReplayUltimateDefense+1","mysticmod:ComponentsPouch","mysticmod:Alacrity+1"],"relics":["mysticmod:SpellBook","MerchantsRug","Strange Spoon","Pondfish Scales","RetroEgg","Potion Belt","aspiration:EmptySkull","aspiration:RitualDagger","SpikesRelics:SneckoPlush","conspire:DeflatedDodgeball","wanderingMiniBosses:Blackblade","infinitespire:ShieldingShard","Simple Rune","energizedSpire:MagnifyingGlass","DollysMirror","construct:ClawGrip","reliquary:WeakTea","StuffTheSpire:Nightcore","reliquary:BallBearing","ReplayTheSpireMod:TigerMarble","Bag of Preparation","SpikesRelics:ToyHorsey","qcfpunch:Wild_Herbs_Ointment","mysticmod:BentSpoon","reliquary:Aerogel"],"acts_visited":["Exordium","TheCity","TheBeyond","TheEnding"],"potions_floor_usage":[6,12,14,55,55,55],"damage_taken":[{"damage":0,"enemies":"Small Slimes","floor":1,"turns":4},{"damage":8,"enemies":"2 Louse","floor":3,"turns":7},{"damage":22,"enemies":"Gremlin Nob","floor":6,"turns":5},{"damage":2,"enemies":"Jaw Worm","floor":8,"turns":2},{"damage":10,"enemies":"Blue Slaver","floor":10,"turns":3},{"damage":0,"enemies":"Lagavulin","floor":12,"turns":8},{"damage":0,"enemies":"Large Slime","floor":13,"turns":1},{"damage":0,"enemies":"2 Fungi Beasts","floor":14,"turns":4},{"damage":4,"enemies":"Slime Boss","floor":16,"turns":12},{"damage":61,"enemies":"Shell Parasite","floor":18,"turns":7},{"damage":38,"enemies":"2 Thieves","floor":20,"turns":4},{"damage":34,"enemies":"Snecko","floor":22,"turns":7},{"damage":37,"enemies":"Shelled Parasite and Fungi","floor":24,"turns":10},{"damage":22,"enemies":"3 Cultists","floor":27,"turns":4},{"damage":37,"enemies":"conspire:Head Lice","floor":28,"turns":6},{"damage":12,"enemies":"conspire:SneckoGhost","floor":30,"turns":5},{"damage":27,"enemies":"Collector","floor":33,"turns":3},{"damage":23,"enemies":"3 Shapes","floor":35,"turns":3},{"damage":6,"enemies":"Orb Walker","floor":37,"turns":3},{"damage":9,"enemies":"Transient","floor":39,"turns":5},{"damage":41,"enemies":"Nemesis","floor":40,"turns":5},{"damage":0,"enemies":"beaked:SuperParasite","floor":42,"turns":2},{"damage":21,"enemies":"Jaw Worm Horde","floor":44,"turns":5},{"damage":6,"enemies":"Giant Head","floor":47,"turns":3},{"damage":3,"enemies":"conspire:OrnateMirror","floor":50,"turns":3},{"damage":0,"enemies":"Shield and Spear","floor":54,"turns":3},{"damage":27,"enemies":"The Heart","floor":55,"turns":7}],"seed_played":"8180071199468957813","potions_obtained":[{"floor":1,"key":"Venom Potion"},{"floor":8,"key":"SpeedPotion"},{"floor":10,"key":"LiquidMemories"},{"floor":13,"key":"blueLaboratory:HeartbeatPotion"},{"floor":22,"key":"BlessingOfTheForge"},{"floor":27,"key":"mysticmod:EssenceOfMagic"},{"floor":30,"key":"Swift Potion"},{"floor":33,"key":"FearPotion"},{"floor":35,"key":"blueLaboratory:BottledHope"},{"floor":40,"key":"Explosive Potion"}],"is_trial":false,"path_per_floor":["M","?","M","?","$","E","?","M","T","M","?","E","M","M","R","B",null,"M","?","M","$","M","R","M","?","T","M","E","R","E","AVR","R","B",null,"M","?","M","?","M","E","R","E","T","M","?","$","E","T","R","B",null,"$","R","E","B",null],"character_chosen":"MYSTIC_CLASS","items_purchased":["MerchantsRug","Strange Spoon","mysticmod:HeavyStrike","mysticmod:MightyMagic","Panacea","Weak Potion","SpikesRelics:SneckoPlush","mysticmod:ComboCaster","ReplayTheSpireMod:TigerMarble","Bag of Preparation","mysticmod:Flurry","mysticmod:TomeOfSpells","Secret Weapon","ReplayUltimateDefense","mysticmod:BentSpoon","mysticmod:ComponentsPouch","SteroidPotion"],"campfire_rested":0,"item_purchase_floors":[0,0,0,0,0,0,21,21,46,46,46,46,46,52,52,52,52],"current_hp_per_floor":[77,58,50,56,56,34,34,32,32,22,2,2,2,5,5,7,83,28,28,80,80,63,63,49,49,49,57,61,61,83,83,83,83,83,83,83,83,83,83,71,71,83,83,82,82,82,83,83,83,83,83,83,83,83,83],"gold":53,"neow_bonus":"","is_daily":false,"chose_seed":false,"campfire_upgraded":7,"win_rate":0.0,"timestamp":1613402514,"path_taken":["M","?","M","?","$","E","?","M","T","?","?","E","M","M","R","BOSS","M","?","?","$","M","R","M","?","T","M","E","R","E","AVR","R","BOSS","M","?","M","?","M","E","R","E","T","?","?","?","E","?","R","BOSS","$","R","E","BOSS"],"items_purchased_type":["Relic","Relic","Card","Card","Card","Potion","Relic","Card","Relic","Relic","Card","Card","Card","Card","Relic","Card","Potion"],"build_version":"2020-12-22","purchased_purges":1,"victory":true,"max_hp_per_floor":[77,77,77,83,83,83,83,83,83,83,83,83,83,83,83,83,83,83,83,83,83,83,83,83,83,83,83,83,83,83,83,83,83,83,83,83,83,83,83,83,83,83,83,83,83,83,83,83,83,83,83,83,83,83,83],"card_choices":[{"not_picked":["mysticmod:Shield","mysticmod:ComponentsPouch"],"picked":"mysticmod:HeavyStrike","floor":1},{"not_picked":["mysticmod:DiviningBlow","mysticmod:Probe"],"picked":"mysticmod:EarthenWall","floor":3},{"not_picked":["mysticmod:ComponentsPouch","mysticmod:HeavyStrike"],"picked":"mysticmod:Alacrity","floor":6},{"not_picked":["mysticmod:Stoneskin","mysticmod:PowerAttack"],"picked":"mysticmod:Snowball","floor":8},{"not_picked":["mysticmod:Grease","mysticmod:LightningBolt"],"picked":"mysticmod:PureInstinct","floor":10},{"not_picked":["infinitespire:TheBestDefense","Replay:Fractal Strike"],"picked":"infinitespire:Collect","floor":11},{"not_picked":["mysticmod:AllIn","mysticmod:RapidCaster"],"picked":"mysticmod:Momentum","floor":12},{"not_picked":["mysticmod:StyleChange","mysticmod:CorrosiveTouch"],"picked":"mysticmod:CureLightWounds","floor":13},{"not_picked":["mysticmod:DiviningBlow","mysticmod:SummonFamiliar"],"picked":"mysticmod:BulkUp","floor":14},{"not_picked":["mysticmod:GeminiForm","mysticmod:Spellstrike"],"picked":"mysticmod:SpontaneousCaster","floor":16},{"not_picked":["mysticmod:DiviningBlow","mysticmod:Riposte+1"],"picked":"mysticmod:Alacrity","floor":18},{"not_picked":["mysticmod:SuddenClarity","mysticmod:LightningBolt"],"picked":"mysticmod:PunishingArmor","floor":20},{"not_picked":["mysticmod:BladeMaster","mysticmod:BulkUp"],"picked":"mysticmod:Daze","floor":22},{"not_picked":["mysticmod:CorrosiveTouch","mysticmod:SpellCombat"],"picked":"mysticmod:Daze","floor":24},{"not_picked":[],"picked":"wanderingMiniBosses:FinaleOfPromise","floor":27},{"not_picked":["mysticmod:MirrorStrike","mysticmod:LightningBolt"],"picked":"mysticmod:Dedication+1","floor":27},{"not_picked":["mysticmod:PureInstinct+1","mysticmod:VorpalThrust","mysticmod:SuddenClarity"],"picked":"SKIP","floor":28},{"not_picked":["mysticmod:KeenEdge","mysticmod:Shield"],"picked":"mysticmod:Fireball","floor":30},{"not_picked":["mysticmod:ObscuringMist","mysticmod:Momentum"],"picked":"mysticmod:Discipline","floor":33},{"not_picked":["mysticmod:SummonFamiliar+1","mysticmod:EnergizedRift+1"],"picked":"mysticmod:BladeMaster+1","floor":35},{"not_picked":["mysticmod:PowerSlash","mysticmod:HeavyStrike","mysticmod:SuddenClarity"],"picked":"SKIP","floor":37},{"not_picked":["mysticmod:Sideswipe","mysticmod:Daze","mysticmod:PureInstinct+1"],"picked":"SKIP","floor":39},{"not_picked":["mysticmod:Shield","mysticmod:ClosingBarrage"],"picked":"mysticmod:MysticalShield","floor":40},{"not_picked":["mysticmod:BulkUp+1","mysticmod:Shield","mysticmod:FiveFootStep"],"picked":"SKIP","floor":42},{"not_picked":["mysticmod:Riposte","mysticmod:StyleChange"],"picked":"mysticmod:ComponentsPouch","floor":44},{"not_picked":["mysticmod:Dedication","mysticmod:ArcaneAccuracy+1"],"picked":"mysticmod:Natural20","floor":47},{"not_picked":["mysticmod:Disengage+1","mysticmod:Riposte"],"picked":"mysticmod:Alacrity+1","floor":54}],"player_experience":492286,"relics_obtained":[{"floor":6,"key":"RetroEgg"},{"floor":9,"key":"Potion Belt"},{"floor":12,"key":"aspiration:EmptySkull"},{"floor":26,"key":"conspire:DeflatedDodgeball"},{"floor":27,"key":"wanderingMiniBosses:Blackblade"},{"floor":28,"key":"infinitespire:ShieldingShard"},{"floor":30,"key":"Simple Rune"},{"floor":40,"key":"reliquary:WeakTea"},{"floor":42,"key":"StuffTheSpire:Nightcore"},{"floor":43,"key":"reliquary:BallBearing"},{"floor":47,"key":"SpikesRelics:ToyHorsey"},{"floor":48,"key":"qcfpunch:Wild_Herbs_Ointment"},{"floor":54,"key":"reliquary:Aerogel"}],"event_choices":[{"damage_healed":0,"gold_gain":0,"player_choice":"Take Damage","damage_taken":19,"relics_obtained":["Golden Idol"],"max_hp_gain":0,"max_hp_loss":0,"event_name":"Golden Idol","floor":2,"gold_loss":0},{"damage_healed":0,"gold_gain":0,"player_choice":"RENOUNCE","damage_taken":130,"max_hp_gain":0,"max_hp_loss":0,"event_name":"betterThird:BetterSerpent","floor":4,"gold_loss":130,"cards_obtained":["Enlightenment"]},{"damage_healed":0,"gold_gain":0,"player_choice":"Upgraded","damage_taken":0,"max_hp_gain":0,"max_hp_loss":0,"event_name":"Upgrade Shrine","floor":25,"gold_loss":0,"cards_upgraded":["mysticmod:ComboCaster"]},{"damage_healed":0,"gold_gain":333,"player_choice":"Gave Idol","damage_taken":0,"max_hp_gain":0,"max_hp_loss":0,"event_name":"The Moai Head","floor":36,"relics_lost":["Golden Idol"],"gold_loss":0},{"cards_removed":["mysticmod:Strike_Mystic"],"damage_healed":0,"gold_gain":0,"player_choice":"Offered Basic","damage_taken":0,"max_hp_gain":0,"max_hp_loss":0,"event_name":"Bonfire Elementals","floor":38,"gold_loss":0}],"is_beta":false,"boss_relics":[{"not_picked":["qcfpunch:Crimson_Sash","reliquary:RedPaperclip"],"picked":"aspiration:RitualDagger"},{"not_picked":["Bromod:ArcaneGrace","energizedSpire:RedRose"],"picked":"construct:ClawGrip"}],"items_purged_floors":[31],"is_endless":false,"potions_floor_spawned":[1,8,10,13,22,27,30,33,35,40,44,54],"ascension_level":0}}