{"host":"xo0glkmxta74xh34","time":1613417686,"event":{"mods":["BaseMod","Downfall","Minty Spire (QoL Compilation)","Reliquary","Replay The Spire","StSLib"],"gold_per_floor":[99,110,110,126,145,145,145,145,175,189,218,218,218,244,257,362,362,362,374,210,224,324,324,350,360,394,394,394,412,412,427,439,544,544,544,556,573,311,311,345,372,372,232,247,265,11,27,58,70,70,70,70],"floor_reached":50,"language":"ENG","playtime":9269,"items_purged":["bronze:Strike","bronze:Defend","bronze:Defend"],"score":779,"play_id":"d9d6f1f6-bbb3-415d-b1a3-1087caace611","local_time":"20210215133446","is_ascension_mode":true,"campfire_choices":[{"data":"bronze:HyperBeam","floor":1,"key":"SMITH"},{"data":"bronze:ForLoop","floor":6,"key":"SMITH"},{"floor":13,"key":"REST"},{"data":"bronze:Strike","floor":18,"key":"PURGE"},{"floor":23,"key":"REST"},{"floor":30,"key":"REST"},{"data":"bronze:Assembly","floor":35,"key":"SMITH"}],"circlet_count":0,"master_deck":["bronze:Defend","bronze:Defend","bronze:Replicate","bronze:Goto","bronze:HyperBeam+1","bronze:ForLoop+1","bronze:Shell","bronze:SpaghettiCode","bronze:Spike","bronze:Repulsor","bronze:ForceShield","bronze:CleanCode","bronze:AlphaBuild","bronze:FineTuning+1","bronze:ItsAFeature","bronze:Optimize","bronze:DonuBeam","bronze:Assembly+1","Ghostly","Ghostly","Ghostly","Ghostly","Ghostly","bronze:Repair","bronze:Assembly","expansioncontent:InvincibleStrength","Finesse"],"relics":["bronze:PlatinumCore","Thread and Needle","Pear","Peace Pipe","FossilizedHelix","Replay:Ringing Soul","reliquary:RedPaperclip","PreservedInsect","CaptainsWheel","reliquary:SharkskinSheath","bronze:Timepiece","HandDrill","Blue Candle"],"acts_visited":["Exordium","TheCity","TheBeyond"],"potions_floor_usage":[9,16,21,22,29,46,50,50,50],"damage_taken":[{"damage":5,"enemies":"Jaw Worm","floor":2,"turns":4},{"damage":0,"enemies":"Cultist","floor":4,"turns":3},{"damage":1,"enemies":"2 Louse","floor":5,"turns":3},{"damage":21,"enemies":"Gremlin Nob","floor":9,"turns":6},{"damage":0,"enemies":"Blue Slaver","floor":10,"turns":4},{"damage":4,"enemies":"3 Sentries","floor":11,"turns":5},{"damage":23,"enemies":"3 Sentries","floor":12,"turns":2},{"damage":12,"enemies":"Lagavulin","floor":14,"turns":5},{"damage":10,"enemies":"Exordium Wildlife","floor":15,"turns":4},{"damage":0,"enemies":"WA_ARCHETYPE_RETAIN","floor":16,"turns":5},{"damage":3,"enemies":"Shell Parasite","floor":19,"turns":6},{"damage":0,"enemies":"downfall:FleeingMerchant","floor":20,"turns":4},{"damage":19,"enemies":"downfall:LooterAlt2","floor":21,"turns":6},{"damage":12,"enemies":"downfall:LooterAlt2","floor":22,"turns":4},{"damage":9,"enemies":"Snake Plant","floor":25,"turns":4},{"damage":41,"enemies":"Book of Stabbing","floor":26,"turns":6},{"damage":6,"enemies":"Shelled Parasite and Fungi","floor":29,"turns":4},{"damage":0,"enemies":"3 Cultists","floor":31,"turns":5},{"damage":0,"enemies":"Cultist and Chosen","floor":32,"turns":6},{"damage":0,"enemies":"DF_ARCHETYPE_CLAW","floor":33,"turns":6},{"damage":0,"enemies":"3 Darklings","floor":36,"turns":5},{"damage":0,"enemies":"Orb Walker","floor":37,"turns":4},{"damage":0,"enemies":"downfall:FleeingMerchant","floor":38,"turns":4},{"damage":0,"enemies":"Reptomancer","floor":40,"turns":5},{"damage":0,"enemies":"downfall:FleeingMerchant","floor":43,"turns":4},{"damage":0,"enemies":"Spire Growth","floor":44,"turns":7},{"damage":0,"enemies":"Transient","floor":45,"turns":5},{"damage":0,"enemies":"downfall:FleeingMerchant","floor":46,"turns":4},{"damage":0,"enemies":"Jaw Worm Horde","floor":47,"turns":5},{"damage":0,"enemies":"Nemesis","floor":48,"turns":5},{"damage":6,"enemies":"4 Shapes","floor":49,"turns":5},{"damage":113,"enemies":"IC_BLOCK_ARCHETYPE","floor":50,"turns":11}],"seed_played":"-3972627394209502841","potions_obtained":[{"floor":4,"key":"SpeedPotion"},{"floor":12,"key":"LiquidMemories"},{"floor":14,"key":"Energy Potion"},{"floor":15,"key":"Swift Potion"},{"floor":19,"key":"LifebloodPotion"},{"floor":22,"key":"Elixir"},{"floor":26,"key":"champ:CounterPotion"},{"floor":29,"key":"AttackPotion"},{"floor":40,"key":"Languid Potion"},{"floor":47,"key":"DuplicationPotion"},{"floor":48,"key":"LifebloodPotion"}],"is_trial":false,"path_per_floor":["R","M","?","M","M","R","T","?","E","M","E","?","R","E","M","B",null,"R","M","$","M","?","R","T","M","E","T","?","M","R","M","M","B",null,"R","M","M","$","?","E","T","?","$","M","M","$","M","E","M","B"],"character_chosen":"THE_AUTOMATON","items_purchased":["bronze:Optimize","PreservedInsect","bronze:Timepiece","HandDrill","Block Potion","Finesse"],"campfire_rested":3,"item_purchase_floors":[20,38,46,46,46,46],"current_hp_per_floor":[70,65,65,65,64,64,64,64,53,53,49,26,50,38,28,28,80,80,77,77,58,46,70,70,61,20,20,23,17,29,32,43,49,49,49,49,49,49,49,49,49,52,52,52,52,55,55,55,49,0,0,0],"gold":70,"neow_bonus":"ONE_RANDOM_RARE_CARD","is_daily":false,"chose_seed":false,"campfire_upgraded":3,"win_rate":0.0,"timestamp":1613417686,"path_taken":["R","M","?","?","?","R","T","?","E","M","E","?","R","E","M","BOSS","R","M","$","M","?","R","T","M","E","?","?","M","R","M","M","BOSS","R","M","M","$","?","E","T","?","$","M","M","$","M","E","M","BOSS"],"items_purchased_type":["Card","Relic","Relic","Relic","Potion","Card"],"build_version":"2020-12-22","purchased_purges":3,"victory":false,"max_hp_per_floor":[70,70,70,70,70,70,70,70,80,80,80,80,80,80,80,80,80,80,80,80,80,80,80,80,80,80,80,43,43,43,46,46,49,49,49,49,49,49,49,49,49,52,52,52,52,55,55,55,55,55,55,55],"card_choices":[{"not_picked":["bronze:Iterate","bronze:Overheat","bronze:OilSpill"],"picked":"SKIP","floor":2},{"not_picked":["bronze:Separator","bronze:Deprecate","bronze:InfiniteBeams"],"picked":"SKIP","floor":4},{"not_picked":["bronze:Turbo","bronze:OilSpill","bronze:CloningBeam"],"picked":"SKIP","floor":5},{"not_picked":["bronze:ForLoop","bronze:ChildClass","bronze:Overheat"],"picked":"SKIP","floor":9},{"not_picked":["bronze:Fortify","bronze:Shield"],"picked":"bronze:SpaghettiCode","floor":10},{"not_picked":["bronze:Constructor","bronze:ChildClass","bronze:Shield"],"picked":"SKIP","floor":11},{"not_picked":[],"picked":"bronze:Spike","floor":12},{"not_picked":["bronze:Frontload","bronze:WhirlingStrike"],"picked":"bronze:Repulsor","floor":12},{"not_picked":["bronze:CloningBeam","bronze:Frontload"],"picked":"bronze:ForceShield","floor":14},{"not_picked":["bronze:Frontload","bronze:Shield"],"picked":"bronze:CleanCode","floor":15},{"not_picked":["bronze:Library","bronze:Assembly"],"picked":"bronze:AlphaBuild","floor":16},{"not_picked":["bronze:DigitalCarnage","bronze:Iterate+1"],"picked":"bronze:FineTuning+1","floor":19},{"not_picked":["bronze:ForceShield","bronze:Fortify"],"picked":"bronze:ItsAFeature","floor":20},{"not_picked":["bronze:BugBarrage","bronze:NullPointer+1","bronze:Turbo"],"picked":"SKIP","floor":21},{"not_picked":[],"picked":"bronze:DonuBeam","floor":22},{"not_picked":["bronze:WhirlingStrike+1","bronze:BugBarrage"],"picked":"bronze:Assembly","floor":22},{"not_picked":["bronze:Branch","bronze:Turbo","bronze:BugBarrage"],"picked":"SKIP","floor":25},{"not_picked":["bronze:DigitalCarnage","bronze:BuggyMess","bronze:BitShift"],"picked":"SKIP","floor":26},{"not_picked":["bronze:DelayedSlice+1","bronze:OilSpill","bronze:Safeguard+1"],"picked":"SKIP","floor":29},{"not_picked":["bronze:BronzeOrb","bronze:Branch+1"],"picked":"bronze:Repair","floor":31},{"not_picked":["bronze:Fortify","bronze:Frontload","bronze:DelayedSlice+1"],"picked":"SKIP","floor":32},{"not_picked":["bronze:RecursiveStrike","bronze:Virus"],"picked":"bronze:Assembly","floor":33},{"not_picked":["bronze:BugBarrage+1","bronze:CloningBeam","bronze:Invalidate+1"],"picked":"SKIP","floor":36},{"not_picked":["bronze:BugBarrage","bronze:Iterate+1","bronze:Deprecate"],"picked":"SKIP","floor":37},{"not_picked":["bronze:Constructor+1","bronze:CutThrough","bronze:Frontload+1"],"picked":"SKIP","floor":38},{"not_picked":["bronze:Deprecate","bronze:DarkDash","bronze:Iterate"],"picked":"SKIP","floor":40},{"not_picked":["bronze:Deprecate","bronze:DarkDash","bronze:Iterate"],"picked":"SKIP","floor":40},{"not_picked":["Replay:SS_forest_2","expansioncontent:GuardianWhirl"],"picked":"expansioncontent:InvincibleStrength","floor":42},{"not_picked":["bronze:Separator+1","bronze:CutThrough","bronze:Overload"],"picked":"SKIP","floor":43},{"not_picked":["bronze:ForLoop+1","bronze:DelayedGuard","bronze:Shell+1"],"picked":"SKIP","floor":44},{"not_picked":["bronze:Deprecate","bronze:Branch+1","bronze:InfiniteBeams+1"],"picked":"SKIP","floor":45},{"not_picked":["bronze:BitShift+1","bronze:BronzeArmor","bronze:InfiniteBeams+1"],"picked":"SKIP","floor":46},{"not_picked":["bronze:BuggyMess","bronze:BugBarrage","bronze:MaxOutput+1"],"picked":"SKIP","floor":47},{"not_picked":["bronze:CutThrough","bronze:WildBeam","bronze:BuggyMess"],"picked":"SKIP","floor":48},{"not_picked":["bronze:Constructor+1","bronze:BuggyMess","bronze:Boost"],"picked":"SKIP","floor":49}],"player_experience":475455,"relics_obtained":[{"floor":7,"key":"Thread and Needle"},{"floor":9,"key":"Pear"},{"floor":11,"key":"Peace Pipe"},{"floor":14,"key":"FossilizedHelix"},{"floor":24,"key":"Boot"},{"floor":26,"key":"Replay:Ringing Soul"},{"floor":27,"key":"Gremlin Horn"},{"floor":40,"key":"CaptainsWheel"},{"floor":41,"key":"reliquary:SharkskinSheath"},{"floor":48,"key":"Blue Candle"}],"event_choices":[{"damage_healed":0,"gold_gain":0,"player_choice":"Became a Ghost","damage_taken":0,"max_hp_gain":0,"max_hp_loss":40,"event_name":"Ghosts","floor":28,"gold_loss":0,"cards_obtained":["Ghostly","Ghostly","Ghostly","Ghostly","Ghostly"]}],"is_beta":false,"boss_relics":[{"not_picked":["reliquary:KinkedSpring","Runic Dome"],"picked":"bronze:PlatinumCore"},{"not_picked":["Replay:Wanted Poster","Runic Pyramid"],"picked":"reliquary:RedPaperclip"}],"items_purged_floors":[20,38,43],"is_endless":false,"potions_floor_spawned":[4,12,14,15,19,22,26,29,31,40,44,45,47,48,49],"killed_by":"IC_BLOCK_ARCHETYPE","ascension_level":1}}