{"host":"7iv10lxbxedtd0qh","time":1613393759,"event":{"mods":["100% Spire Juice","Act Like it!","BaseMod","Bestiary","Colored Map","Colored Powertips","Downfall","Minty Spire (QoL Compilation)","Spire Arcade","StSLib","The Alterego","The Marked","TheVacant"],"gold_per_floor":[115,126,126,139,139,169,169,197,222,255,255,274,274,304,304,405,405,422,106,118,134,149,149,149,149,149,162,190,201,230,247,247,346,346,374,83,141,160,184,215,215,256,279,295,295,327,327,386,386,386],"floor_reached":51,"language":"ENG","playtime":3558,"items_purged":["alterego_mod:Strike","alterego_mod:Strike"],"score":1203,"play_id":"9f5184ab-230d-487b-a451-47b04edbb85c","local_time":"20210215135559","is_ascension_mode":true,"campfire_choices":[{"data":"alterego_mod:Nekomimi","floor":11,"key":"SMITH"},{"data":"alterego_mod:BiFurious","floor":13,"key":"SMITH"},{"data":"alterego_mod:MagicResistance","floor":15,"key":"SMITH"},{"data":"alterego_mod:BrynhildrsRune","floor":23,"key":"SMITH"},{"data":"alterego_mod:BigMeatyClaws","floor":25,"key":"SMITH"},{"data":"alterego_mod:PainIsPleasure","floor":32,"key":"SMITH"},{"data":"alterego_mod:BiFurious","floor":41,"key":"SMITH"},{"data":"alterego_mod:DiscoLights","floor":45,"key":"SMITH"},{"data":"alterego_mod:BreastValley","floor":47,"key":"SMITH"},{"data":"alterego_mod:SakuraFive","floor":49,"key":"SMITH"}],"circlet_count":0,"master_deck":["alterego_mod:Defend","alterego_mod:Defend","alterego_mod:Defend","alterego_mod:Defend+1","alterego_mod:Impale+1","alterego_mod:BigMeatyClaws+1","alterego_mod:BrynhildrsRune+1","alterego_mod:Pet+1","alterego_mod:MagicResistance+1","alterego_mod:Nekomimi+1","alterego_mod:BiFurious+1","alterego_mod:MagicResistance+1","alterego_mod:PainIsPleasure+1","alterego_mod:Birthday+1","Deep Breath+1","alterego_mod:Pet+1","alterego_mod:Birthday+1","alterego_mod:RidiculouslyBig+1","alterego_mod:SakuraLabyrinth+1","alterego_mod:Birthday+1","alterego_mod:MagicResistance+1","alterego_mod:SakuraFive+1","Deep Breath+1","alterego_mod:BiFurious+1","alterego_mod:DiscoLights+1","alterego_mod:BreastValley+1","alterego_mod:IndependentAction+1","alterego_mod:MagicResistance+1","alterego_mod:Birthday+1"],"relics":["alterego_mod:MasochisticConstitution","Matryoshka","PreservedInsect","Mummified Hand","Omamori","Happy Flower","Blood Vial","Toxic Egg 2","Ornamental Fan","Coffee Dripper","War Paint","Sundial","Letter Opener","CeramicFish","Sozu","hexamod:Sixitude","Question Card","HornCleat","Bag of Preparation","Nunchaku","CaptainsWheel"],"acts_visited":["Exordium","TheCity","TheBeyond"],"potions_floor_usage":[6,16,29,33,50],"damage_taken":[{"damage":0,"enemies":"2 Louse","floor":1,"turns":5},{"damage":5,"enemies":"Jaw Worm","floor":2,"turns":4},{"damage":3,"enemies":"Cultist","floor":4,"turns":4},{"damage":40,"enemies":"3 Sentries","floor":6,"turns":18},{"damage":1,"enemies":"Lagavulin","floor":8,"turns":7},{"damage":24,"enemies":"3 Sentries","floor":10,"turns":10},{"damage":8,"enemies":"Looter","floor":12,"turns":5},{"damage":0,"enemies":"Gremlin Nob","floor":14,"turns":1},{"damage":25,"enemies":"Hexaghost","floor":16,"turns":11},{"damage":13,"enemies":"2 Thieves","floor":18,"turns":5},{"damage":13,"enemies":"3 Byrds","floor":20,"turns":4},{"damage":0,"enemies":"Snecko","floor":21,"turns":5},{"damage":11,"enemies":"Snake Plant","floor":22,"turns":5},{"damage":0,"enemies":"Shelled Parasite and Fungi","floor":27,"turns":6},{"damage":0,"enemies":"Book of Stabbing","floor":28,"turns":4},{"damage":0,"enemies":"3 Cultists","floor":29,"turns":4},{"damage":22,"enemies":"Slavers","floor":30,"turns":4},{"damage":0,"enemies":"Centurion and Healer","floor":31,"turns":5},{"damage":0,"enemies":"Collector","floor":33,"turns":7},{"damage":0,"enemies":"Orb Walker","floor":35,"turns":3},{"damage":0,"enemies":"2 Orb Walkers","floor":37,"turns":5},{"damage":20,"enemies":"3 Darklings","floor":38,"turns":4},{"damage":1,"enemies":"Transient","floor":39,"turns":5},{"damage":0,"enemies":"Nemesis","floor":40,"turns":3},{"damage":0,"enemies":"Giant Head","floor":42,"turns":5},{"damage":0,"enemies":"Jaw Worm Horde","floor":44,"turns":4},{"damage":0,"enemies":"Reptomancer","floor":46,"turns":3},{"damage":0,"enemies":"Mind Bloom Boss Battle","floor":48,"turns":3},{"damage":2,"enemies":"Donu and Deca","floor":50,"turns":6}],"seed_played":"6574196516872828780","potions_obtained":[{"floor":4,"key":"Swift Potion"},{"floor":8,"key":"Dexterity Potion"},{"floor":14,"key":"Energy Potion"},{"floor":18,"key":"Explosive Potion"},{"floor":21,"key":"BlessingOfTheForge"},{"floor":29,"key":"Guardian:BlockOnCardUsePotion"},{"floor":33,"key":"Regen Potion"}],"is_trial":false,"path_per_floor":["M","M","?","M","?","E","T","E","T","E","R","M","R","E","R","B",null,"M","$","M","M","M","R","?","R","T","M","E","M","E","M","R","B",null,"M","$","?","M","M","E","R","E","T","M","R","E","R","?","R","B",null],"character_chosen":"The_Alterego","items_purchased":["War Paint","Deep Breath+1","alterego_mod:SakuraFive","Deep Breath+1","alterego_mod:BiFurious"],"campfire_rested":0,"item_purchase_floors":[19,19,36,36,36],"current_hp_per_floor":[70,66,59,57,62,44,44,44,44,44,44,46,46,48,48,26,82,70,70,63,84,84,84,84,84,84,85,85,85,64,75,75,86,86,86,86,86,70,88,88,88,88,88,88,88,88,88,88,88,89],"gold":386,"neow_bonus":"UPGRADE_CARD","is_daily":false,"chose_seed":false,"campfire_upgraded":10,"win_rate":0.0,"timestamp":1613393759,"path_taken":["M","M","?","M","?","E","?","E","T","E","R","M","R","E","R","BOSS","M","$","M","M","M","R","?","R","T","M","E","?","E","M","R","BOSS","M","$","?","M","M","E","R","E","T","M","R","E","R","?","R","BOSS"],"items_purchased_type":["Relic","Card","Card","Card","Card"],"build_version":"2020-12-22","purchased_purges":2,"victory":true,"max_hp_per_floor":[70,71,71,72,77,78,78,79,79,80,80,81,81,81,81,82,82,83,83,84,84,85,85,85,85,85,85,85,85,86,86,86,86,86,86,86,86,87,88,88,88,88,88,88,88,88,88,88,88,89],"card_choices":[{"not_picked":["alterego_mod:SuperDuperMasochism","alterego_mod:1TonWallop"],"picked":"alterego_mod:Pet","floor":1},{"not_picked":["alterego_mod:Cycle","alterego_mod:Maid","alterego_mod:BiFurious"],"picked":"SKIP","floor":2},{"not_picked":["alterego_mod:SakuraLabyrinth","alterego_mod:Punishment"],"picked":"alterego_mod:MagicResistance","floor":4},{"not_picked":["alterego_mod:Complex","alterego_mod:BustOut"],"picked":"alterego_mod:Nekomimi","floor":6},{"not_picked":["alterego_mod:PerceptionDisorder","alterego_mod:HighServant"],"picked":"alterego_mod:Belle","floor":8},{"not_picked":["alterego_mod:Valkyrie","alterego_mod:HighServant+1"],"picked":"alterego_mod:BiFurious","floor":10},{"not_picked":["alterego_mod:DeftHands","alterego_mod:Schoolgirl+1","alterego_mod:Maid"],"picked":"SKIP","floor":12},{"not_picked":["alterego_mod:PerceptionDisorder","alterego_mod:VirginLaserPalladion"],"picked":"alterego_mod:MagicResistance+1","floor":14},{"not_picked":["alterego_mod:Antipathy+1","alterego_mod:InsideBaseball"],"picked":"alterego_mod:PainIsPleasure","floor":16},{"not_picked":["alterego_mod:BoobPocket+1","alterego_mod:ChallengeComplete+1"],"picked":"alterego_mod:Birthday+1","floor":18},{"not_picked":["alterego_mod:TrashNCrash+1","alterego_mod:Cooking+1"],"picked":"alterego_mod:Pet+1","floor":20},{"not_picked":["alterego_mod:Punishment","alterego_mod:Cycle+1"],"picked":"alterego_mod:Birthday+1","floor":21},{"not_picked":["alterego_mod:Bunnysuit+1","alterego_mod:Rip"],"picked":"alterego_mod:RidiculouslyBig+1","floor":22},{"not_picked":["alterego_mod:Maid+1","alterego_mod:Clap+1"],"picked":"alterego_mod:SakuraLabyrinth+1","floor":27},{"not_picked":["alterego_mod:HighServant+1","alterego_mod:Crossover+1","alterego_mod:RocketPunch+1"],"picked":"SKIP","floor":28},{"not_picked":["alterego_mod:Belle","alterego_mod:Mirror+1"],"picked":"alterego_mod:Birthday+1","floor":29},{"not_picked":["alterego_mod:MaintainEyeContact+1","alterego_mod:ClassAdvantage","alterego_mod:TrashNCrash+1"],"picked":"SKIP","floor":30},{"not_picked":["alterego_mod:HighServant+1","alterego_mod:Cooking+1","alterego_mod:Mirror+1"],"picked":"SKIP","floor":31},{"not_picked":["alterego_mod:RocketPunch","alterego_mod:Cycle+1"],"picked":"alterego_mod:MagicResistance+1","floor":35},{"not_picked":["alterego_mod:Bounce+1","alterego_mod:Santa+1"],"picked":"alterego_mod:DiscoLights","floor":37},{"not_picked":["alterego_mod:Collar+1","alterego_mod:Cushion+1"],"picked":"alterego_mod:BreastValley","floor":38},{"not_picked":["alterego_mod:DeftHands","alterego_mod:Smother+1"],"picked":"alterego_mod:IndependentAction+1","floor":39},{"not_picked":["alterego_mod:BeGentle+1","alterego_mod:Pet+1","alterego_mod:Exercise"],"picked":"SKIP","floor":40},{"not_picked":["alterego_mod:BeGentle+1","alterego_mod:Pet+1","alterego_mod:Exercise"],"picked":"SKIP","floor":40},{"not_picked":["alterego_mod:Stockings","alterego_mod:Punishment","alterego_mod:Nekomimi"],"picked":"alterego_mod:MagicResistance+1","floor":42},{"not_picked":["alterego_mod:Santa+1","alterego_mod:Maid","alterego_mod:Support+1","alterego_mod:MaintainEyeContact+1"],"picked":"SKIP","floor":44},{"not_picked":["alterego_mod:Weigh","alterego_mod:Collar","alterego_mod:Clap+1","alterego_mod:PerceptionDisorder+1"],"picked":"SKIP","floor":46},{"not_picked":["alterego_mod:Mirror+1","alterego_mod:Bounce","alterego_mod:GoddessCore+1"],"picked":"alterego_mod:Birthday+1","floor":48}],"player_experience":854819,"relics_obtained":[{"floor":6,"key":"Matryoshka"},{"floor":7,"key":"PreservedInsect"},{"floor":7,"key":"Mummified Hand"},{"floor":8,"key":"Omamori"},{"floor":9,"key":"Happy Flower"},{"floor":9,"key":"Blood Vial"},{"floor":10,"key":"Toxic Egg 2"},{"floor":14,"key":"Ornamental Fan"},{"floor":26,"key":"Sundial"},{"floor":28,"key":"Letter Opener"},{"floor":30,"key":"CeramicFish"},{"floor":37,"key":"hexamod:Sixitude"},{"floor":40,"key":"Question Card"},{"floor":42,"key":"HornCleat"},{"floor":43,"key":"Bag of Preparation"},{"floor":46,"key":"Nunchaku"},{"floor":48,"key":"CaptainsWheel"}],"event_choices":[{"cards_removed":["alterego_mod:Strike"],"damage_healed":0,"gold_gain":0,"player_choice":"Card Removal","damage_taken":7,"max_hp_gain":0,"max_hp_loss":0,"event_name":"Golden Wing","floor":3,"gold_loss":0},{"damage_healed":0,"gold_gain":0,"player_choice":"Donut","damage_taken":0,"max_hp_gain":5,"max_hp_loss":0,"event_name":"Big Fish","floor":5,"gold_loss":0},{"cards_removed":["alterego_mod:Strike"],"damage_healed":0,"gold_gain":0,"player_choice":"Purged","damage_taken":0,"max_hp_gain":0,"max_hp_loss":0,"event_name":"Purifier","floor":24,"gold_loss":0},{"damage_healed":0,"gold_gain":0,"player_choice":"Fight","damage_taken":0,"max_hp_gain":0,"max_hp_loss":0,"event_name":"Mysterious Sphere","floor":37,"gold_loss":0},{"damage_healed":0,"gold_gain":0,"player_choice":"Fight","damage_taken":0,"max_hp_gain":0,"max_hp_loss":0,"event_name":"MindBloom","floor":48,"gold_loss":0}],"is_beta":false,"boss_relics":[{"not_picked":["Fusion Hammer","SlaversCollar"],"picked":"Coffee Dripper"},{"not_picked":["Velvet Choker","Runic Pyramid"],"picked":"Sozu"}],"items_purged_floors":[19,36],"is_endless":false,"potions_floor_spawned":[4,8,14,18,21,22,29,33,37,39,40,42,46],"ascension_level":2}}