{"host":"wf1r1zhguvoo22rf","time":1613350989,"event":{"mods":["BaseMod","Colored Powertips","Minty Spire (QoL Compilation)","StSLib"],"gold_per_floor":[111,111,125,145,159,159,159,159,186,213,62,62,28,43,43,43,43],"floor_reached":16,"language":"ENG","playtime":638,"items_purged":[],"score":100,"play_id":"e88c3f6a-7565-4e00-b243-ffb093121a85","local_time":"20210215030309","is_ascension_mode":false,"campfire_choices":[{"data":"WindmillStrike","floor":6,"key":"SMITH"},{"data":"DeceiveReality","floor":8,"key":"SMITH"},{"floor":12,"key":"REST"},{"data":"WindmillStrike","floor":15,"key":"SMITH"}],"circlet_count":0,"master_deck":["Strike_P","Strike_P","Strike_P","Strike_P","Defend_P","Defend_P","Defend_P","Defend_P","Eruption","Vigilance","WindmillStrike+1","Pain","DeceiveReality+1","Swivel","PathToVictory+1","BowlingBash","WindmillStrike+1","SandsOfTime"],"relics":["PureWater","NeowsBlessing","WarpedTongs","Smiling Mask","Bronze Scales","Tiny Chest"],"acts_visited":["Exordium"],"potions_floor_usage":[5,10,10,16],"damage_taken":[{"damage":0,"enemies":"Jaw Worm","floor":1,"turns":1},{"damage":0,"enemies":"Cultist","floor":3,"turns":1},{"damage":0,"enemies":"2 Louse","floor":4,"turns":1},{"damage":20,"enemies":"Exordium Thugs","floor":5,"turns":6},{"damage":5,"enemies":"Gremlin Nob","floor":10,"turns":3},{"damage":0,"enemies":"Red Slaver","floor":14,"turns":2},{"damage":68,"enemies":"Hexaghost","floor":16,"turns":5}],"seed_played":"8230981161758345676","potions_obtained":[{"floor":1,"key":"Dexterity Potion"},{"floor":3,"key":"SkillPotion"},{"floor":4,"key":"LiquidMemories"},{"floor":14,"key":"SkillPotion"}],"is_trial":false,"path_per_floor":["M","?","M","M","M","R","?","R","T","E","$","R","$","M","R","B"],"character_chosen":"WATCHER","items_purchased":["Tiny Chest","WindmillStrike"],"campfire_rested":1,"item_purchase_floors":[11,13],"current_hp_per_floor":[72,72,72,72,52,52,52,52,52,47,47,68,68,68,68,0,0],"gold":43,"neow_bonus":"THREE_ENEMY_KILL","is_daily":false,"chose_seed":false,"campfire_upgraded":3,"win_rate":0.0,"timestamp":1613350989,"path_taken":["M","?","M","?","M","R","?","R","T","E","?","R","$","M","R","BOSS"],"items_purchased_type":["Relic","Card"],"build_version":"2020-12-22","purchased_purges":0,"victory":false,"max_hp_per_floor":[72,72,72,72,72,72,72,72,72,72,72,72,72,72,72,72,72],"card_choices":[{"not_picked":["InnerPeace","Wallop"],"picked":"WindmillStrike","floor":1},{"not_picked":["Crescendo","SashWhip"],"picked":"DeceiveReality","floor":3},{"not_picked":["EmptyBody","Evaluate"],"picked":"Swivel","floor":4},{"not_picked":["Adaptation","FlurryOfBlows"],"picked":"PathToVictory","floor":5},{"not_picked":["CrushJoints","Collect"],"picked":"BowlingBash","floor":10},{"not_picked":["Prostrate","Omniscience"],"picked":"SandsOfTime","floor":14}],"player_experience":241325,"relics_obtained":[{"floor":9,"key":"Smiling Mask"},{"floor":10,"key":"Bronze Scales"}],"event_choices":[{"damage_healed":0,"gold_gain":0,"player_choice":"Rummage","damage_taken":0,"relics_obtained":["WarpedTongs"],"max_hp_gain":0,"max_hp_loss":0,"event_name":"Accursed Blacksmith","floor":2,"gold_loss":0,"cards_obtained":["Pain"]},{"damage_healed":0,"gold_gain":0,"player_choice":"Upgraded","damage_taken":0,"max_hp_gain":0,"max_hp_loss":0,"event_name":"Upgrade Shrine","floor":7,"gold_loss":0,"cards_upgraded":["PathToVictory"]}],"is_beta":false,"boss_relics":[],"items_purged_floors":[],"is_endless":false,"potions_floor_spawned":[1,3,4,14],"killed_by":"Hexaghost","ascension_level":0}}