{"host":"phy652c7lim9lcu2","time":1613398172,"event":{"mods":["BaseMod","Colored Powertips","Googly Eyes","Minty Spire (QoL Compilation)","Relic Stats","Spicy Shops","StSLib","everything is the same but u backflip on backflip"],"gold_per_floor":[116,116,116,136,136,169,169,185,210,250,262,307,332,360,372,460,472,464,476,476],"floor_reached":19,"language":"ENG","playtime":620,"items_purged":[],"score":350,"play_id":"b0f5bd28-975f-4298-a313-b2f642f80058","local_time":"20210216000932","is_ascension_mode":true,"campfire_choices":[{"data":"Streamline","floor":7,"key":"SMITH"},{"floor":11,"key":"REST"},{"floor":15,"key":"REST"}],"circlet_count":0,"master_deck":["AscendersBane","Strike_B","Strike_B","Strike_B","Strike_B","Defend_B","Defend_B","Defend_B","Zap","Dualcast","Streamline+1","Regret","Barrage","Rip and Tear","Defragment","Hologram","Melter","Coolheaded","Machine Learning","Streamline"],"relics":["FrozenCore","NeowsBlessing","Nunchaku","Ice Cream","Regal Pillow","MawBank","Bag of Marbles","Dead Branch"],"acts_visited":["Exordium","TheCity"],"potions_floor_usage":[13,19,19],"damage_taken":[{"damage":0,"enemies":"Jaw Worm","floor":1,"turns":1},{"damage":0,"enemies":"2 Louse","floor":4,"turns":1},{"damage":0,"enemies":"Lagavulin","floor":6,"turns":1},{"damage":12,"enemies":"Small Slimes","floor":8,"turns":2},{"damage":39,"enemies":"3 Sentries","floor":10,"turns":7},{"damage":17,"enemies":"Gremlin Nob","floor":12,"turns":3},{"damage":10,"enemies":"Gremlin Gang","floor":13,"turns":3},{"damage":8,"enemies":"3 Louse","floor":14,"turns":3},{"damage":45,"enemies":"The Guardian","floor":16,"turns":13},{"damage":32,"enemies":"2 Thieves","floor":18,"turns":4},{"damage":31,"enemies":"Masked Bandits","floor":19,"turns":4}],"seed_played":"-5371344367229024335","potions_obtained":[{"floor":4,"key":"Regen Potion"},{"floor":8,"key":"Block Potion"},{"floor":12,"key":"AttackPotion"},{"floor":18,"key":"GamblersBrew"}],"is_trial":false,"path_per_floor":["M","?","?","M","?","E","R","M","T","E","R","E","M","M","R","B",null,"M","?"],"character_chosen":"DEFECT","items_purchased":[],"campfire_rested":2,"item_purchase_floors":[],"current_hp_per_floor":[68,61,61,61,61,61,61,49,49,10,47,30,20,12,49,4,57,25,0,0],"gold":476,"neow_bonus":"THREE_ENEMY_KILL","is_daily":false,"chose_seed":false,"campfire_upgraded":1,"win_rate":0.0,"timestamp":1613398172,"path_taken":["M","?","?","M","?","E","R","?","T","E","R","E","M","M","R","BOSS","M","?"],"items_purchased_type":[],"build_version":"2020-12-22","purchased_purges":0,"victory":false,"max_hp_per_floor":[75,75,75,75,75,75,75,75,75,75,75,75,75,75,75,75,75,75,75,75],"relic_stats":{"Nunchaku":[5],"Regal Pillow":30,"counters":[11,42],"Dead Branch":[9],"MawBank":120,"obtain_stats":[{"Ice Cream":5,"Nunchaku":3,"Regal Pillow":6,"NeowsBlessing":0,"Dead Branch":12,"Bag of Marbles":10,"Cracked Core":0,"MawBank":9,"FrozenCore":17},{"Ice Cream":2,"Nunchaku":1,"Regal Pillow":3,"NeowsBlessing":0,"Dead Branch":6,"Bag of Marbles":5,"Cracked Core":0,"MawBank":4,"FrozenCore":9},{"Ice Cream":2,"Nunchaku":1,"Regal Pillow":3,"NeowsBlessing":0,"Dead Branch":15,"Bag of Marbles":12,"Cracked Core":0,"MawBank":5,"FrozenCore":34}],"FrozenCore":[5]},"card_choices":[{"not_picked":["Hologram","Skim"],"picked":"Streamline","floor":1},{"not_picked":["Fusion","Hello World"],"picked":"Barrage","floor":4},{"not_picked":["Turbo","Stack"],"picked":"Rip and Tear","floor":6},{"not_picked":["BootSequence","Sweeping Beam","Gash"],"picked":"SKIP","floor":8},{"not_picked":["Gash","Tempest"],"picked":"Defragment","floor":10},{"not_picked":["Beam Cell","Rip and Tear"],"picked":"Hologram","floor":12},{"not_picked":["Barrage","Hello World"],"picked":"Melter","floor":13},{"not_picked":["Hyperbeam","Barrage"],"picked":"Coolheaded","floor":14},{"not_picked":["Seek","Biased Cognition"],"picked":"Machine Learning","floor":16},{"not_picked":["Steam","Beam Cell"],"picked":"Streamline","floor":18}],"player_experience":336207,"relics_obtained":[{"floor":6,"key":"Regal Pillow"},{"floor":9,"key":"MawBank"},{"floor":10,"key":"Bag of Marbles"},{"floor":12,"key":"Dead Branch"}],"event_choices":[{"cards_removed":["Defend_B"],"damage_healed":0,"gold_gain":0,"player_choice":"Card Removal","damage_taken":7,"max_hp_gain":0,"max_hp_loss":0,"event_name":"Golden Wing","floor":2,"gold_loss":0},{"damage_healed":0,"gold_gain":0,"player_choice":"Box","damage_taken":0,"relics_obtained":["Nunchaku"],"max_hp_gain":0,"max_hp_loss":0,"event_name":"Big Fish","floor":3,"gold_loss":0,"cards_obtained":["Regret"]},{"damage_healed":0,"gold_gain":0,"player_choice":"Gave Potion","damage_taken":0,"relics_obtained":["Ice Cream"],"max_hp_gain":0,"max_hp_loss":0,"event_name":"WeMeetAgain","floor":5,"gold_loss":0},{"damage_healed":0,"gold_gain":0,"player_choice":"Fought Bandits","damage_taken":0,"max_hp_gain":0,"max_hp_loss":0,"event_name":"Masked Bandits","floor":19,"gold_loss":0}],"is_beta":false,"boss_relics":[{"not_picked":["Tiny House","Empty Cage"],"picked":"FrozenCore"}],"items_purged_floors":[],"is_endless":false,"potions_floor_spawned":[4,8,12,18],"killed_by":"Masked Bandits","ascension_level":13}}