{"host":"byluu0wia6muw0p7","time":1613379797,"event":{"mods":["2.2 Compatiblity","AchievementEnabler","BaseMod","Colored Map","Colored Powertips","Minty Spire (QoL Compilation)","Quick Restart","Rare Cards Sparkle","StSLib","SuperFastMode"],"gold_per_floor":[112,35,110,124,124,159,175,175,175,28,28,46,71,71,71,145,145,161,101,101],"floor_reached":19,"language":"KOR","playtime":435,"items_purged":[],"score":350,"play_id":"86742e77-028c-4748-915f-7a97b4cae849","local_time":"20210215180317","is_ascension_mode":true,"campfire_choices":[{"data":"White Noise","floor":8.0,"key":"SMITH"},{"data":"Consume","floor":11.0,"key":"SMITH"},{"floor":15.0,"key":"REST"}],"circlet_count":0,"master_deck":["AscendersBane","Strike_B","Strike_B","Strike_B","Strike_B","Defend_B","Defend_B","Defend_B","Defend_B","Zap+1","Dualcast","White Noise+1","Static Discharge+1","Consume+1","Reinforced Body","Undo","BootSequence","Capacitor","Echo Form","Heatsinks"],"relics":["Cracked Core","NeowsBlessing","Emotion Chip","Question Card","DataDisk","Smiling Mask","Cursed Key"],"acts_visited":["Exordium","TheCity"],"potions_floor_usage":[],"damage_taken":[{"damage":0.0,"enemies":"Small Slimes","floor":1.0,"turns":1.0},{"damage":0.0,"enemies":"2 Louse","floor":4.0,"turns":1.0},{"damage":0.0,"enemies":"Lagavulin","floor":6.0,"turns":1.0},{"damage":1.0,"enemies":"Cultist","floor":7.0,"turns":3.0},{"damage":0.0,"enemies":"Large Slime","floor":12.0,"turns":4.0},{"damage":20.0,"enemies":"3 Sentries","floor":13.0,"turns":5.0},{"damage":29.0,"enemies":"Slime Boss","floor":16.0,"turns":9.0},{"damage":4,"enemies":"3 Byrds","floor":18,"turns":5},{"damage":24,"enemies":"2 Thieves","floor":19,"turns":3}],"seed_played":"413065361488143821","potions_obtained":[{"floor":1.0,"key":"Weak Potion"},{"floor":6.0,"key":"Swift Potion"},{"floor":12.0,"key":"FocusPotion"},{"floor":14.0,"key":"DuplicationPotion"}],"is_trial":false,"path_per_floor":["M","$","?","M","?","E","M","R","T","$","R","M","E","?","R","B",null,"M","M"],"character_chosen":"DEFECT","items_purchased":["Static Discharge","DataDisk"],"campfire_rested":1,"item_purchase_floors":[2,10],"current_hp_per_floor":[64,64,53,53,32,32,31,31,31,31,31,31,11,11,32,3,54,50,26,26],"gold":101,"neow_bonus":"THREE_ENEMY_KILL","is_daily":false,"chose_seed":false,"campfire_upgraded":2,"win_rate":0.0,"timestamp":1613379797,"path_taken":["M","$","?","M","?","E","M","R","T","$","R","M","E","?","R","BOSS","M","?"],"items_purchased_type":["Card","Relic"],"build_version":"2020-12-22","purchased_purges":0,"victory":false,"max_hp_per_floor":[71,71,71,71,71,71,71,71,71,71,71,71,71,71,71,71,71,71,71,71],"card_choices":[{"not_picked":["Reinforced Body","Rebound"],"picked":"White Noise","floor":1.0},{"not_picked":["Compile Driver","Redo"],"picked":"Consume","floor":4.0},{"not_picked":["Hologram","Ball Lightning"],"picked":"Reinforced Body","floor":6.0},{"not_picked":["Turbo","Reprogram"],"picked":"Undo","floor":7.0},{"not_picked":["Steam Power","Beam Cell","Chaos"],"picked":"BootSequence","floor":12.0},{"not_picked":["Coolheaded","All For One","Compile Driver"],"picked":"Capacitor","floor":13.0},{"not_picked":["All For One","Core Surge","Meteor Strike"],"picked":"Echo Form","floor":16.0},{"not_picked":["Reinforced Body","Cold Snap","Rebound"],"picked":"Heatsinks","floor":18}],"player_experience":376743,"relics_obtained":[{"floor":6.0,"key":"Emotion Chip"},{"floor":9.0,"key":"Question Card"},{"floor":13.0,"key":"Smiling Mask"}],"event_choices":[{"damage_healed":0.0,"max_hp_gain":0.0,"max_hp_loss":0.0,"gold_gain":75.0,"event_name":"World of Goop","player_choice":"Gather Gold","floor":3.0,"gold_loss":0.0,"damage_taken":11.0},{"damage_healed":0.0,"max_hp_gain":0.0,"max_hp_loss":0.0,"gold_gain":0.0,"event_name":"Shining Light","player_choice":"Entered Light","floor":5.0,"gold_loss":0.0,"damage_taken":21.0,"cards_upgraded":["Static Discharge","Zap"]},{"damage_healed":0.0,"max_hp_gain":0.0,"max_hp_loss":0.0,"gold_gain":0.0,"event_name":"Lab","player_choice":"Got Potions","floor":14.0,"gold_loss":0.0,"damage_taken":0.0}],"is_beta":false,"boss_relics":[{"not_picked":["Runic Dome","Philosopher\u0027s Stone"],"picked":"Cursed Key"}],"items_purged_floors":[],"is_endless":false,"potions_floor_spawned":[1,6,12,18],"killed_by":"2 Thieves","ascension_level":15}}