{"host":"b7dyfc527bmrkvbm","time":1613427360,"event":{"mods":["2.2 Compatiblity","Act Like it!","BaseMod","Better Altar","Better Match","Better Note","Better Sensory Stone","Better Skull","Better Third Choice","BetterRewards","Conspire","Downfall","Duelist Mod","Ekko","Elementarium","Hubris","Infinite Spire","Mimic Mod","Minty Spire (QoL Compilation)","Rare Cards Sparkle","Reliquary","Replay The Spire","Shop Mod","Smile Girya","Spire Arcade","StSLib","The Accelerator","The Animator","The Blackbeard","The Construct","The Cursed","The Disciple","The Jungle","The Runesmith","The Vixen"],"gold_per_floor":[119,119,137,137,155,155,190,190,213,138,157,190,204,204,204,301,301,321,331,18,18,18,18,68,129,129,139,139,64,99,111,111,111,111],"floor_reached":33,"language":"ENG","playtime":1993,"items_purged":["Runesmith:Defend_RS"],"score":275,"play_id":"d7be8790-96b4-4d81-8a0a-ee2cdf00c499","local_time":"20210215171600","is_ascension_mode":false,"campfire_choices":[{"data":"Runesmith:Attraction","floor":6,"key":"SMITH"},{"floor":8,"key":"REST"},{"data":"Specialist","floor":15,"key":"SMITH"},{"floor":23,"key":"RECALL"},{"floor":32,"key":"REST"}],"circlet_count":0,"master_deck":["Runesmith:Strike_RS+1","Runesmith:Strike_RS","Runesmith:Strike_RS+1","Runesmith:Strike_RS","Runesmith:Defend_RS","Runesmith:Defend_RS","Runesmith:Defend_RS","Runesmith:CraftFirestone+1","Runesmith:Fortify","Runesmith:CraftIncendium","infinitespire:FutureSight","Runesmith:CraftMagma","Runesmith:Attraction+1","Runesmith:BackupBattery","Specialist+1","Runesmith:ReplicatingBarrier","Madness","Runesmith:CraftProtectio","Runesmith:Retool","Runesmith:CraftMagma","Runesmith:CraftPrismatica","Runesmith:Permafrost","Runesmith:CraftSpiculum","Specialist","Runesmith:Firestorm","Runesmith:Discharge","Voices","Runesmith:Augment","Runesmith:StaticCage+1","Elementarium:IceblessedBlade","conspire:Banana+1","TheCursedMod:Dregs","Runesmith:CraftObretio","Runesmith:LithiumIon"],"relics":["Runesmith:BrokenRuby","CultistMask","Whetstone","Blood Vial","reliquary:HotPoker","hubris:TinFlute","Replay:Fungal Core","ReplayTheSpireMod:Ring of Exchange","Ring of Greed","Blue Doll","hubris:MobiusCoin","reliquary:PurpleTingedLeaf","Letter Opener"],"acts_visited":["Exordium","Exordium"],"potions_floor_usage":[25,30,30,33,33],"damage_taken":[{"damage":0,"enemies":"Small Slimes","floor":1,"turns":3},{"damage":0,"enemies":"Cultist","floor":3,"turns":4},{"damage":6,"enemies":"Jaw Worm","floor":5,"turns":3},{"damage":15,"enemies":"Lagavulin","floor":7,"turns":8},{"damage":10,"enemies":"Lots of Slimes","floor":11,"turns":4},{"damage":10,"enemies":"3 Sentries","floor":12,"turns":5},{"damage":9,"enemies":"Large Slime","floor":13,"turns":3},{"damage":13,"enemies":"Hexaghost","floor":16,"turns":9},{"damage":14,"enemies":"Elementarium:2_ELEMENTALS","floor":18,"turns":5},{"damage":8,"enemies":"Elementarium:VoidCorruption","floor":19,"turns":5},{"damage":30,"enemies":"Elementarium:Hydrostalker","floor":25,"turns":6},{"damage":21,"enemies":"Elementarium:VOID_CORRUPTION_AND_ORB_OF_FIRE","floor":27,"turns":6},{"damage":6,"enemies":"Elementarium:ElementalPortal","floor":30,"turns":6},{"damage":5,"enemies":"Elementarium:STONE_GOLEMS","floor":31,"turns":5},{"damage":30,"enemies":"Elementarium:PHOENIXES","floor":33,"turns":7}],"seed_played":"561923080497398828","potions_obtained":[{"floor":7,"key":"sneckomod:MuddlingPotion"},{"floor":12,"key":"PowerPotion"},{"floor":16,"key":"BlessingOfTheForge"},{"floor":19,"key":"AttackPotion"},{"floor":27,"key":"SkillPotion"},{"floor":31,"key":"Languid Potion"}],"is_trial":false,"path_per_floor":["M","?","M","?","M","R","E","R","T","?","M","E","M","T","R","B",null,"M","M","$","$","T","R","?","M","T","M","?","?","E","M","R","B"],"character_chosen":"RUNESMITH_CLASS","items_purchased":["Specialist","Runesmith:Firestorm","Runesmith:Discharge"],"campfire_rested":2,"item_purchase_floors":[20,20,20],"current_hp_per_floor":[70,53,53,53,47,47,32,53,53,53,45,37,30,30,30,19,70,56,50,50,50,50,50,50,22,22,4,4,4,3,1,22,0,0],"gold":111,"neow_bonus":"UPGRADE_CARD","is_daily":false,"chose_seed":false,"campfire_upgraded":2,"win_rate":0.0,"timestamp":1613427360,"path_taken":["M","?","M","?","?","R","E","R","T","?","M","E","M","?","R","BOSS","M","M","?","$","?","R","?","M","T","?","?","?","E","M","R","BOSS"],"items_purchased_type":["Card","Card","Card"],"build_version":"2020-12-22","purchased_purges":1,"victory":false,"max_hp_per_floor":[70,70,70,70,70,70,70,70,70,70,70,70,70,70,70,70,70,70,70,70,70,70,70,70,70,70,70,70,70,72,72,72,74,74],"card_choices":[{"not_picked":["Runesmith:FrozenChisel","Runesmith:ShiftingStrike"],"picked":"Runesmith:CraftIncendium","floor":1},{"not_picked":["infinitespire:SevenWalls","infinitespire:Execution"],"picked":"infinitespire:FutureSight","floor":2},{"not_picked":["Runesmith:HeatExchange","Runesmith:PerfectChisel"],"picked":"Runesmith:CraftMagma","floor":3},{"not_picked":["Runesmith:DoubleUp","Runesmith:BackupBattery"],"picked":"Runesmith:Attraction","floor":5},{"not_picked":["Runesmith:ShiftingStrike","Runesmith:MakeshiftArmor"],"picked":"Runesmith:BackupBattery","floor":7},{"not_picked":["Purity","Flash of Steel"],"picked":"Specialist","floor":10},{"not_picked":["Runesmith:MetallurgicalResearch","Runesmith:Supernova"],"picked":"Runesmith:ReplicatingBarrier","floor":10},{"not_picked":["PanicButton","Survey Options"],"picked":"Madness","floor":10},{"not_picked":["Runesmith:Overpower","Runesmith:HeatExchange"],"picked":"Runesmith:CraftProtectio","floor":11},{"not_picked":["Runesmith:MakeshiftArmor","Runesmith:Refine"],"picked":"Runesmith:Retool","floor":12},{"not_picked":["Runesmith:StaticCage","Runesmith:HammerAndChisel"],"picked":"Runesmith:CraftMagma","floor":13},{"not_picked":["Runesmith:GrandSlam","Runesmith:Duplicate"],"picked":"Runesmith:CraftPrismatica","floor":16},{"not_picked":["Runesmith:RuneHurl","Runesmith:StaticCage"],"picked":"Runesmith:Permafrost","floor":18},{"not_picked":["Runesmith:WhiteBalance","Runesmith:CraftIncendium"],"picked":"Runesmith:CraftSpiculum","floor":19},{"not_picked":["Runesmith:BackupBattery","Runesmith:UnstableHammer"],"picked":"Runesmith:Augment","floor":25},{"not_picked":["Runesmith:Overpower","Runesmith:HeatExchange"],"picked":"Runesmith:StaticCage+1","floor":27},{"not_picked":["ReplayTheSpireMod:Uncanny Aura+1","Deep Breath+1"],"picked":"conspire:Banana+1","floor":29},{"not_picked":["Runesmith:HeatedChisel+1","Runesmith:Attraction"],"picked":"Runesmith:CraftObretio","floor":30},{"not_picked":["Runesmith:HeatExchange","Runesmith:CraftMagma+1"],"picked":"Runesmith:LithiumIon","floor":31}],"player_experience":623494,"relics_obtained":[{"floor":7,"key":"Whetstone"},{"floor":9,"key":"Blood Vial"},{"floor":12,"key":"reliquary:HotPoker"},{"floor":14,"key":"hubris:TinFlute"},{"floor":24,"key":"ReplayTheSpireMod:Ring of Exchange"},{"floor":24,"key":"Ring of Greed"},{"floor":24,"key":"Blue Doll"},{"floor":24,"key":"hubris:MobiusCoin"},{"floor":26,"key":"reliquary:PurpleTingedLeaf"},{"floor":30,"key":"Letter Opener"}],"event_choices":[{"damage_healed":0,"gold_gain":0,"player_choice":"Trade","damage_taken":0,"relics_obtained":["CultistMask"],"max_hp_gain":0,"max_hp_loss":0,"event_name":"FaceTrader","floor":4,"gold_loss":0},{"damage_healed":0,"gold_gain":0,"player_choice":"1","damage_taken":0,"max_hp_gain":0,"max_hp_loss":0,"event_name":"betterMatch:BetterMatch","floor":10,"gold_loss":0,"cards_obtained":["betterMatch:ColorlessUncommonCard","betterMatch:RareCard","betterMatch:ColorlessUncommonCard"]},{"damage_healed":0,"gold_gain":0,"player_choice":"Take","damage_taken":0,"max_hp_gain":0,"max_hp_loss":0,"event_name":"Elementarium:BladeSeller","floor":28,"gold_loss":0,"cards_obtained":["Elementarium:IceblessedBlade"]},{"damage_healed":0,"gold_gain":0,"player_choice":"2","damage_taken":0,"max_hp_gain":0,"max_hp_loss":0,"event_name":"betterMatch:BetterMatch","floor":29,"gold_loss":0,"cards_obtained":["betterMatch:ColorlessUncommonCard"]}],"is_beta":false,"boss_relics":[{"not_picked":["hubris:BlackHole","reliquary:Craggleroot"],"picked":"Replay:Fungal Core"}],"items_purged_floors":[20],"is_endless":false,"potions_floor_spawned":[7,12,16,19,27,31],"killed_by":"Elementarium:PHOENIXES","ascension_level":0}}