{"host":"syfsfjmzue8y1a6l","time":1613405492,"event":{"mods":["AchievementEnabler","BaseMod","Colored Map","DeckTracker","Minty Spire (QoL Compilation)","SuperFastMode"],"gold_per_floor":[109,119,80,80,98,98,124,142,173,185,215,243,275,138,151,151,251,251,267,277,290,310,325,325,338,181,181,32,52,52,84,97,97,196,196,206,206,226,238,253,288,305,101,101,119,139,139,139,158,158,158],"floor_reached":52,"language":"KOR","playtime":3516,"items_purged":["Strike_B","Defend_B"],"score":728,"play_id":"0c39dc04-810e-46a2-9fcd-b3cd898bf8f9","local_time":"20210216011132","is_ascension_mode":false,"campfire_choices":[{"data":"Go for the Eyes","floor":16,"key":"SMITH"},{"data":"Darkness","floor":24,"key":"SMITH"},{"data":"Rainbow","floor":33,"key":"SMITH"},{"floor":48,"key":"REST"},{"data":"Capacitor","floor":50,"key":"SMITH"}],"circlet_count":0,"master_deck":["Strike_B","Strike_B","Strike_B","Defend_B+1","Defend_B","Defend_B","Zap+1","Dualcast","FTL","Chill","Darkness+1","Go for the Eyes+1","Glacier","Compile Driver","FTL","Rainbow+1","CurseOfTheBell","Redo","Conserve Battery+1","Storm+1","Ball Lightning+1","Loop","Capacitor+1","Hello World+1","Rainbow","Coolheaded","Force Field","White Noise+1","Redo+1"],"relics":["Cracked Core","Bottled Flame","MawBank","Cables","War Paint","Calling Bell","Mummified Hand","Bronze Scales","Peace Pipe","Sundial","Toolbox","MutagenicStrength","Pocketwatch","Busted Crown","Mercury Hourglass","InkBottle"],"acts_visited":["Exordium","TheCity","TheBeyond"],"potions_floor_usage":[22,25,34,34,43,51,51],"damage_taken":[{"damage":1,"enemies":"Cultist","floor":1,"turns":3},{"damage":1,"enemies":"Jaw Worm","floor":2,"turns":3},{"damage":1,"enemies":"2 Louse","floor":5,"turns":3},{"damage":9,"enemies":"3 Sentries","floor":7,"turns":7},{"damage":0,"enemies":"2 Fungi Beasts","floor":8,"turns":3},{"damage":33,"enemies":"Gremlin Nob","floor":9,"turns":5},{"damage":0,"enemies":"Looter","floor":11,"turns":3},{"damage":0,"enemies":"Large Slime","floor":12,"turns":4},{"damage":0,"enemies":"Red Slaver","floor":13,"turns":2},{"damage":0,"enemies":"Exordium Wildlife","floor":15,"turns":4},{"damage":1,"enemies":"Hexaghost","floor":17,"turns":9},{"damage":1,"enemies":"Chosen","floor":19,"turns":4},{"damage":1,"enemies":"Shell Parasite","floor":20,"turns":5},{"damage":0,"enemies":"Centurion and Healer","floor":21,"turns":6},{"damage":0,"enemies":"3 Cultists","floor":22,"turns":7},{"damage":5,"enemies":"Sentry and Sphere","floor":23,"turns":6},{"damage":2,"enemies":"Snecko","floor":25,"turns":6},{"damage":15,"enemies":"Chosen and Byrds","floor":29,"turns":3},{"damage":5,"enemies":"Book of Stabbing","floor":31,"turns":5},{"damage":6,"enemies":"Centurion and Healer","floor":32,"turns":4},{"damage":8,"enemies":"Champ","floor":34,"turns":8},{"damage":0,"enemies":"Orb Walker","floor":36,"turns":3},{"damage":3,"enemies":"3 Darklings","floor":38,"turns":4},{"damage":17,"enemies":"Spire Growth","floor":39,"turns":4},{"damage":0,"enemies":"Transient","floor":40,"turns":5},{"damage":38,"enemies":"Reptomancer","floor":41,"turns":5},{"damage":6,"enemies":"4 Shapes","floor":42,"turns":3},{"damage":0,"enemies":"Sphere and 2 Shapes","floor":45,"turns":3},{"damage":0,"enemies":"Transient","floor":46,"turns":5},{"damage":2,"enemies":"Jaw Worm Horde","floor":49,"turns":3},{"damage":52,"enemies":"Awakened One","floor":51,"turns":11}],"seed_played":"8964690944399778041","potions_obtained":[{"floor":1,"key":"AttackPotion"},{"floor":5,"key":"SpeedPotion"},{"floor":8,"key":"FearPotion"},{"floor":11,"key":"LiquidMemories"},{"floor":17,"key":"LiquidMemories"},{"floor":22,"key":"Explosive Potion"},{"floor":25,"key":"SneckoOil"},{"floor":38,"key":"FocusPotion"},{"floor":40,"key":"Fruit Juice"}],"is_trial":false,"path_per_floor":["M","M","$","$","M","?","E","M","E","T","M","M","M","$","M","R","B",null,"M","M","M","M","M","R","M","$","T","$","M","?","E","M","R","B",null,"M","?","M","M","M","E","M","$","T","M","M","?","R","M","R","B",null],"character_chosen":"DEFECT","items_purchased":["Chill","War Paint","Loop","Toolbox","FairyPotion"],"campfire_rested":1,"item_purchase_floors":[3,14,26,28,43],"current_hp_per_floor":[81,80,80,80,79,84,75,75,42,42,42,42,42,42,42,42,41,87,86,85,85,85,80,80,78,78,78,78,63,63,58,52,52,44,87,87,83,80,63,63,25,19,24,24,24,24,24,50,48,48,26],"gold":158,"neow_bonus":"TEN_PERCENT_HP_BONUS","is_daily":false,"chose_seed":false,"campfire_upgraded":4,"win_rate":0.0,"timestamp":1613405492,"path_taken":["M","M","$","$","?","?","E","M","E","T","M","M","M","$","M","R","BOSS","M","M","M","M","M","R","M","$","T","$","M","?","E","M","R","BOSS","M","?","M","M","M","E","M","$","T","M","M","?","R","M","R","BOSS"],"items_purchased_type":["Card","Relic","Card","Relic","Potion"],"build_version":"2020-12-22","purchased_purges":2,"victory":true,"max_hp_per_floor":[82,82,82,82,82,87,87,87,87,87,87,87,87,87,87,87,87,87,87,87,87,87,87,87,87,87,87,87,87,87,87,87,87,87,87,87,83,83,83,83,83,83,88,88,88,88,88,88,88,88,88],"card_choices":[{"not_picked":["Go for the Eyes","Steam"],"picked":"FTL","floor":1},{"not_picked":["Leap","Scrape","Streamline"],"picked":"SKIP","floor":2},{"not_picked":["Rip and Tear","Thunder Strike"],"picked":"Darkness","floor":5},{"not_picked":["Storm","Self Repair"],"picked":"Go for the Eyes","floor":7},{"not_picked":["Go for the Eyes","Scrape"],"picked":"Glacier","floor":8},{"not_picked":["Stack","Gash"],"picked":"Compile Driver","floor":9},{"not_picked":["Auto Shields","Sweeping Beam","Steam"],"picked":"SKIP","floor":11},{"not_picked":["Leap","Redo"],"picked":"FTL","floor":12},{"not_picked":["Stack","Melter","Go for the Eyes"],"picked":"SKIP","floor":13},{"not_picked":["Sweeping Beam","Go for the Eyes","Stack"],"picked":"SKIP","floor":15},{"not_picked":["Meteor Strike","Creative AI"],"picked":"Rainbow","floor":17},{"not_picked":["Rip and Tear","Streamline","Go for the Eyes+1"],"picked":"SKIP","floor":19},{"not_picked":["Steam+1","Static Discharge"],"picked":"Redo","floor":20},{"not_picked":["Cold Snap","All For One"],"picked":"Conserve Battery+1","floor":21},{"not_picked":["Auto Shields","Turbo","Force Field"],"picked":"SKIP","floor":22},{"not_picked":["Capacitor","Reinforced Body"],"picked":"Storm+1","floor":23},{"not_picked":["Leap","Static Discharge"],"picked":"Ball Lightning+1","floor":25},{"not_picked":["Rebound","Conserve Battery","Beam Cell"],"picked":"SKIP","floor":29},{"not_picked":["Redo","Cold Snap"],"picked":"Capacitor","floor":31},{"not_picked":["Reinforced Body","Gash"],"picked":"Hello World+1","floor":32},{"not_picked":["Seek","Amplify"],"picked":"Rainbow","floor":34},{"not_picked":["Rip and Tear"],"picked":"SKIP","floor":36},{"not_picked":["Turbo+1"],"picked":"SKIP","floor":38},{"not_picked":["BootSequence+1"],"picked":"SKIP","floor":39},{"not_picked":["Beam Cell+1"],"picked":"SKIP","floor":40},{"not_picked":[],"picked":"Coolheaded","floor":41},{"not_picked":["Go for the Eyes"],"picked":"SKIP","floor":42},{"not_picked":[],"picked":"Force Field","floor":45},{"not_picked":[],"picked":"White Noise+1","floor":46},{"not_picked":[],"picked":"Redo+1","floor":49}],"player_experience":71458,"relics_obtained":[{"floor":7,"key":"Bottled Flame"},{"floor":9,"key":"MawBank"},{"floor":10,"key":"Cables"},{"floor":18,"key":"Mummified Hand"},{"floor":18,"key":"Bronze Scales"},{"floor":18,"key":"Peace Pipe"},{"floor":27,"key":"Sundial"},{"floor":31,"key":"Pocketwatch"},{"floor":41,"key":"Mercury Hourglass"},{"floor":44,"key":"InkBottle"}],"event_choices":[{"damage_healed":0,"gold_gain":0,"player_choice":"Donut","damage_taken":0,"max_hp_gain":5,"max_hp_loss":0,"event_name":"Big Fish","floor":6,"gold_loss":0},{"damage_healed":0,"gold_gain":0,"player_choice":"Inject Mutagens","damage_taken":0,"relics_obtained":["MutagenicStrength"],"max_hp_gain":0,"max_hp_loss":0,"event_name":"Drug Dealer","floor":30,"gold_loss":0},{"damage_healed":0,"gold_gain":0,"player_choice":"Max HP","damage_taken":0,"max_hp_gain":0,"max_hp_loss":4,"event_name":"Winding Halls","floor":37,"gold_loss":0},{"damage_healed":0,"gold_gain":0,"player_choice":"Ignored","damage_taken":0,"max_hp_gain":0,"max_hp_loss":0,"event_name":"Mysterious Sphere","floor":47,"gold_loss":0}],"is_beta":false,"boss_relics":[{"not_picked":["Empty Cage","SacredBark"],"picked":"Calling Bell"},{"not_picked":["Astrolabe","Cursed Key"],"picked":"Busted Crown"}],"items_purged_floors":[26,43],"is_endless":false,"potions_floor_spawned":[1,5,8,11,17,22,23,25,31,38,40,49],"ascension_level":0}}