{"host":"Keegz","time":1613432256,"event":{"mods":["BaseMod","Bestiary","Colored Powertips","Highlight Path","Minty Spire (QoL Compilation)","Relic Stats","Slay the Relics Exporter"],"gold_per_floor":[118,43,43,55,73,73,100,23,47,60,60,60,75,86,86,86,86],"floor_reached":16,"language":"ENG","playtime":470,"items_purged":[],"score":204,"play_id":"3b26dc4a-5613-47cb-8961-50016fa2bf37","local_time":"20210216123736","is_ascension_mode":true,"campfire_choices":[{"data":"Havoc","floor":6,"key":"SMITH"},{"data":"Feel No Pain","floor":12,"key":"SMITH"},{"floor":15,"key":"REST"}],"circlet_count":0,"master_deck":["AscendersBane","Strike_R","Strike_R","Strike_R","Strike_R","Strike_R","Defend_R","Defend_R","Defend_R","Defend_R","Bash","Limit Break","Havoc+1","Twin Strike","Heavy Blade","Flex","Metallicize","Feel No Pain+1","Heavy Blade"],"relics":["Burning Blood","Potion Belt","Regal Pillow","GremlinMask"],"acts_visited":["Exordium"],"potions_floor_usage":[7,14,16],"damage_taken":[{"damage":9,"enemies":"2 Louse","floor":1,"turns":3},{"damage":5,"enemies":"Small Slimes","floor":4,"turns":7},{"damage":6,"enemies":"Cultist","floor":5,"turns":3},{"damage":27,"enemies":"Gremlin Nob","floor":7,"turns":4},{"damage":21,"enemies":"Gremlin Gang","floor":10,"turns":6},{"damage":5,"enemies":"2 Fungi Beasts","floor":13,"turns":4},{"damage":18,"enemies":"Large Slime","floor":14,"turns":3},{"damage":78,"enemies":"Slime Boss","floor":16,"turns":9}],"seed_played":"-9147669292987184048","potions_obtained":[{"floor":4,"key":"Weak Potion"},{"floor":10,"key":"Swift Potion"},{"floor":13,"key":"BloodPotion"}],"is_trial":false,"path_per_floor":["M","?","$","M","M","R","E","$","T","M","?","R","M","M","R","B"],"character_chosen":"IRONCLAD","items_purchased":["Metallicize"],"campfire_rested":1,"item_purchase_floors":[8],"current_hp_per_floor":[65,65,65,66,66,66,45,45,45,30,30,30,31,19,56,0,0],"gold":86,"neow_bonus":"THREE_RARE_CARDS","is_daily":false,"chose_seed":false,"campfire_upgraded":2,"win_rate":0.0,"timestamp":1613432256,"path_taken":["M","?","$","M","M","R","E","$","T","M","?","R","M","M","R","BOSS"],"items_purchased_type":["Card"],"build_version":"2020-12-18","purchased_purges":0,"victory":false,"max_hp_per_floor":[75,75,75,75,75,75,75,75,75,75,75,75,75,75,75,75,75],"relic_stats":{"Regal Pillow":15,"counters":[8,39],"obtain_stats":[{"Potion Belt":7,"Regal Pillow":9,"GremlinMask":11,"Burning Blood":0},{"Potion Belt":4,"Regal Pillow":4,"GremlinMask":5,"Burning Blood":0},{"Potion Belt":17,"Regal Pillow":17,"GremlinMask":23,"Burning Blood":0}],"Burning Blood":42},"card_choices":[{"not_picked":["Offering","Bludgeon"],"picked":"Limit Break","floor":0},{"not_picked":["Shrug It Off","Entrench"],"picked":"Havoc","floor":1},{"not_picked":["Dropkick","Seeing Red"],"picked":"Twin Strike","floor":4},{"not_picked":["Bloodletting","Thunderclap"],"picked":"Heavy Blade","floor":5},{"not_picked":["Armaments","Perfected Strike"],"picked":"Flex","floor":7},{"not_picked":["Entrench","Havoc"],"picked":"Feel No Pain","floor":10},{"not_picked":["Ghostly Armor","Brutality","Warcry"],"picked":"SKIP","floor":13},{"not_picked":["Dropkick","Entrench"],"picked":"Heavy Blade","floor":14}],"player_experience":1512542,"relics_obtained":[{"floor":7,"key":"Potion Belt"},{"floor":9,"key":"Regal Pillow"}],"event_choices":[{"cards_removed":["Normality"],"damage_healed":0,"gold_gain":0,"player_choice":"Card Removal","damage_taken":0,"max_hp_gain":0,"max_hp_loss":0,"event_name":"The Cleric","floor":2,"gold_loss":75},{"damage_healed":0,"gold_gain":0,"player_choice":"Trade","damage_taken":0,"relics_obtained":["GremlinMask"],"max_hp_gain":0,"max_hp_loss":0,"event_name":"FaceTrader","floor":11,"gold_loss":0}],"is_beta":true,"boss_relics":[],"items_purged_floors":[],"is_endless":false,"potions_floor_spawned":[4,10,13],"killed_by":"Slime Boss","ascension_level":20}}