{"host":"fogez99mhgto9ydu","time":1613431730,"event":{"mods":["AchievementEnabler","BaseMod","Colored Map","Colored Powertips","Minty Spire (QoL Compilation)","SuperFastMode"],"gold_per_floor":[361,361,42,56,70,70,90,109,109,109,109],"floor_reached":10,"language":"ENG","playtime":322,"items_purged":["Strike_P"],"score":60,"play_id":"b3fba0e8-dd98-400f-8be1-fce3bce138f8","local_time":"20210216002850","is_ascension_mode":false,"campfire_choices":[{"floor":6,"key":"RECALL"}],"circlet_count":0,"master_deck":["Strike_P","Strike_P","Strike_P","Defend_P","Defend_P","Defend_P","Eruption","Vigilance","Vengeance","PathToVictory","Prostrate","Brilliance","Protect"],"relics":["PureWater"],"acts_visited":["Exordium"],"potions_floor_usage":[7],"damage_taken":[{"damage":2,"enemies":"Jaw Worm","floor":1,"turns":5},{"damage":0,"enemies":"Cultist","floor":4,"turns":3},{"damage":7,"enemies":"Small Slimes","floor":5,"turns":2},{"damage":9,"enemies":"Exordium Thugs","floor":7,"turns":6},{"damage":14,"enemies":"Gremlin Gang","floor":8,"turns":5},{"damage":24,"enemies":"Gremlin Nob","floor":10,"turns":2}],"seed_played":"-635832397079967489","potions_obtained":[{"floor":4,"key":"SteroidPotion"},{"floor":5,"key":"Energy Potion"},{"floor":8,"key":"Fire Potion"}],"is_trial":false,"path_per_floor":["M","?","$","M","M","R","M","M","T","E"],"character_chosen":"WATCHER","items_purchased":["PathToVictory","Prostrate","Brilliance"],"campfire_rested":0,"item_purchase_floors":[3,3,3],"current_hp_per_floor":[49,49,49,49,42,42,33,19,19,0,0],"gold":109,"neow_bonus":"TWO_FIFTY_GOLD","is_daily":false,"chose_seed":false,"campfire_upgraded":0,"win_rate":0.0,"timestamp":1613431730,"path_taken":["M","?","$","?","M","R","M","M","T","E"],"items_purchased_type":["Card","Card","Card"],"build_version":"2020-12-22","purchased_purges":1,"victory":false,"max_hp_per_floor":[72,72,72,72,72,72,72,72,72,72,72],"card_choices":[{"not_picked":["CrushJoints","Consecrate"],"picked":"Vengeance","floor":1},{"not_picked":["Crescendo","JustLucky"],"picked":"Protect","floor":4},{"not_picked":["BattleHymn","FlyingSleeves","CrushJoints"],"picked":"SKIP","floor":5},{"not_picked":["Study","Protect","WreathOfFlame"],"picked":"SKIP","floor":7},{"not_picked":["CrushJoints","JustLucky","MentalFortress"],"picked":"SKIP","floor":8}],"player_experience":433399,"relics_obtained":[],"event_choices":[{"cards_removed":["Defend_P"],"damage_healed":0,"gold_gain":0,"player_choice":"Purged","damage_taken":0,"max_hp_gain":0,"max_hp_loss":0,"event_name":"Purifier","floor":2,"gold_loss":0}],"is_beta":false,"boss_relics":[],"items_purged_floors":[3],"is_endless":false,"potions_floor_spawned":[4,5,8],"killed_by":"Gremlin Nob","ascension_level":0}}