{"host":"t9zjxed0utvsfjwc","time":1613432151,"event":{"mods":["2.2 Compatiblity","Act Like it!","Aspiration","BaseMod","Better Altar","Better Match","Better Note","Better Sensory Stone","Better Skull","Better Third Choice","Block Reminder","Colored Map","Colored Powertips","Conspire","Custom Start","Downfall","Energized Spire","Hermit","Highlight Path","Hubris","Infinite Spire","Marisa????????","Minty Spire (QoL Compilation)","Quick Restart","Rare Cards Sparkle","Relic Sorter","Reliquary","Replay The Spire","Ruina","StSLib","The Cursed","The Marked","The Runesmith","Unceasing Turn Reminder","everything is the same but u backflip on backflip"],"gold_per_floor":[111,111,111,172,192,227,227,257,257,59,93,20,20,35,35,136,136,153,164,164,182,194,226,226,253,322,322,31,63,79,4,4,100,100,114,114,164,179,196,225,225,525,551,586,639,639,639,657,722,847,847,872,883,883,912,1012,1027,1044,1044,1067,1087,1087,1087,1105,1108,1108,1193,1193,1208,1208,1224,1224,1224,1224,1242,1265,1265,1261,1273,1273,1277,1279,1279,1324,1374,1393,1393,1461,1489,1489,1481,1470,1470,1539,1553,1549,1549,1549,1549,1549,1650,1650,1660,1660,1660,1664,1664,1664,1664,1676,1676,1702,1719,1776,1776,1773,1773,1885,1885,1896,1896,1921,1921,1921,1932,1932,1944,1968,1951,1960,1960,1959,1970,1970,2041,2041,2047,2047,2070,2083,2358,2358,2383,2389,2443,2446,2446,2467,2467,2483,2483,2582,2582,2582,2582,2583,2653],"floor_reached":158,"language":"ENG","playtime":8902,"items_purged":["Armaments","Cleave","Parasite","Metallicize","Clash","Demon Form"],"score":4845,"play_id":"6a1dd0d5-fa4b-4616-a1fe-d01ea3b17750","local_time":"20210215233551","is_ascension_mode":true,"campfire_choices":[{"data":"Dark Embrace","floor":13,"key":"SMITH"},{"data":"Anger","floor":15,"key":"SMITH"},{"data":"hubris:SharpeningStone","floor":24,"key":"SMITH"},{"floor":32,"key":"REST"},{"floor":41,"key":"REST"},{"floor":47,"key":"REST"},{"floor":66,"key":"REST"},{"data":"infinitespire:UltimateForm","floor":74,"key":"SMITH"},{"floor":83,"key":"DIG"},{"floor":100,"key":"DIG"},{"data":"Dark Embrace+1","floor":108,"key":"PURGE"},{"data":"Iron Wave","floor":115,"key":"PURGE"},{"data":"Bash","floor":117,"key":"PURGE"},{"data":"ruina:CobaltScar","floor":126,"key":"PURGE"},{"data":"Armaments+1","floor":131,"key":"PURGE"},{"data":"ruina:CrimsonScar","floor":134,"key":"PURGE"},{"data":"Regret","floor":142,"key":"PURGE"},{"data":"conspire:GhostlyStrike","floor":151,"key":"PURGE"},{"data":"ReplayReversal","floor":154,"key":"SMITH"}],"circlet_count":0,"master_deck":["conspire:GhostlyStrike","conspire:GhostlyStrike","conspire:GhostlyStrike","conspire:GhostlyDefend","conspire:GhostlyDefend","conspire:GhostlyDefend+1","conspire:GhostlyDefend+1","Thunderclap","infinitespire:OneForAll+1","hubris:SharpeningStone+1","Rampage","Iron Wave+1","Anger+1","Offering","Shrug It Off+1","Offering+1","HandOfGreed","infinitespire:UltimateForm+1","infinitespire:Fortify+1","infinitespire:FutureSight","infinitespire:Gouge","infinitespire:NeuralNetwork+1","ReplayTheSpireMod:Black Plague","AbeCurse","Whirlwind","ReplayReversal+1"],"relics":["Black Blood","hubris:Reverence","hubris:NiceRug","Replay:Grab Bag","Busted Crown","energizedSpire:DeadBattery","conspire:RunicOctahedron","NeowsBlessing","Bag of Marbles","Lantern","reliquary:BallBearing","conspire:DeflatedDodgeball","Letter Opener","BargainBundle","reliquary:SilkGlove","SlaversCollar","Anchor","ReplayTheSpireMod:Shallot","reliquary:RosewoodLute","infinitespire:Bottled Soul","Gremlin Horn","hubris:Towel","CatCart","Kunai","reliquary:JackalopeAntler","Gremlin Food","Lee\u0027s Waffle","infinitespire:Satchel","reliquary:RoseTintedGlasses","conspire:RoyalGoblet","Replay:Wanted Poster","Tiny Chest","WingedGreaves","Tiny Chest","reliquary:PrincelyHelmet","energizedSpire:StickyHand","Bird Faced Urn","Question Card","Blood Vial","Boot","Oddly Smooth Stone","Replay:Rubber Ducky","aspiration:ArtOfWarUpgrade","reliquary:Buckler","aspiration:TomeofQuesting","infinitespire:ShieldingShard","Tiny House","hubris:Metronome","Eternal Feather","aspiration:HatOfInfinitePower","hubris:PeanutButter","hubris:Potato","Nunchaku","Peace Pipe","Golden Idol","Happy Flower","Mummified Hand","reliquary:Stiletto","Vajra","Abe\u0027s Treasure","Replay:Baseball","hubris:TenFootPole","hubris:BottledRain","hubris:FruitBowl","ReplayFunnel","hubris:SlimyHat","conspire:TopHat","ReplayTheSpireMod:Lightbulb","Garlic","conspire:Dentures","Bag of Preparation","Bottled Lightning","Replay:Kaleidoscope","White Beast Statue","infinitespire:Burning Sword","Runesmith:AutoHammer"],"acts_visited":["Exordium","Exordium","TheBeyond","Exordium","Exordium","TheBeyond","Exordium","Exordium","TheBeyond","TheEnding"],"potions_floor_usage":[8,8,11,11,16,21,22,35,37,40,42,44,44,57,65,65,76,130,133,133,143,143,156],"damage_taken":[{"damage":0,"enemies":"Jaw Worm","floor":1,"turns":1},{"damage":0,"enemies":"Small Slimes","floor":5,"turns":1},{"damage":0,"enemies":"Gremlin Nob","floor":6,"turns":1},{"damage":28,"enemies":"3 Sentries","floor":8,"turns":13},{"damage":16,"enemies":"Gremlin Nob","floor":11,"turns":4},{"damage":0,"enemies":"2 Louse","floor":14,"turns":2},{"damage":47,"enemies":"The Guardian","floor":16,"turns":7},{"damage":15,"enemies":"ruina:BadWolf","floor":18,"turns":3},{"damage":6,"enemies":"ruina:2_Scarecrows","floor":19,"turns":3},{"damage":9,"enemies":"ruina:Woodsman","floor":21,"turns":3},{"damage":13,"enemies":"ruina:QueenOfHate","floor":22,"turns":4},{"damage":12,"enemies":"ruina:ServantOfWrath","floor":23,"turns":3},{"damage":21,"enemies":"Nightmare","floor":25,"turns":5},{"damage":6,"enemies":"ruina:ServantOfWrath","floor":29,"turns":3},{"damage":6,"enemies":"ruina:3_Scarecrows","floor":30,"turns":2},{"damage":7,"enemies":"ruina:Red_and_Wolf","floor":33,"turns":4},{"damage":12,"enemies":"3 Darklings","floor":35,"turns":1},{"damage":12,"enemies":"Orin","floor":37,"turns":4},{"damage":12,"enemies":"Orb Walker","floor":38,"turns":2},{"damage":12,"enemies":"Jaw Worm Horde","floor":39,"turns":2},{"damage":37,"enemies":"Nightmare","floor":40,"turns":6},{"damage":12,"enemies":"hubris:Merchant","floor":42,"turns":5},{"damage":12,"enemies":"Maw","floor":44,"turns":4},{"damage":30,"enemies":"Nemesis","floor":45,"turns":8},{"damage":12,"enemies":"Writhing Mass","floor":48,"turns":2},{"damage":12,"enemies":"conspire:OrnateMirror","floor":50,"turns":4},{"damage":12,"enemies":"Cultist","floor":52,"turns":2},{"damage":0,"enemies":"Jaw Worm","floor":53,"turns":1},{"damage":6,"enemies":"Small Slimes","floor":55,"turns":1},{"damage":6,"enemies":"Gremlin Nob","floor":57,"turns":1},{"damage":0,"enemies":"Red Slaver","floor":58,"turns":1},{"damage":12,"enemies":"Lots of Slimes","floor":61,"turns":2},{"damage":6,"enemies":"3 Louse","floor":64,"turns":2},{"damage":32,"enemies":"Nightmare","floor":65,"turns":4},{"damage":21,"enemies":"The Guardian","floor":67,"turns":3},{"damage":0,"enemies":"ruina:Nosferatu","floor":69,"turns":1},{"damage":0,"enemies":"ruina:3_Bats","floor":71,"turns":1},{"damage":0,"enemies":"ruina:QueenOfHate","floor":75,"turns":1},{"damage":6,"enemies":"ruina:RoadHome","floor":76,"turns":2},{"damage":12,"enemies":"ruina:KnightOfDespair","floor":78,"turns":4},{"damage":0,"enemies":"ruina:ServantOfWrath","floor":79,"turns":3},{"damage":6,"enemies":"ruina:KingOfGreed","floor":81,"turns":1},{"damage":0,"enemies":"ruina:QueenOfHate","floor":82,"turns":3},{"damage":9,"enemies":"ruina:Ozma","floor":84,"turns":5},{"damage":0,"enemies":"Orb Walker","floor":86,"turns":1},{"damage":0,"enemies":"3 Darklings","floor":89,"turns":2},{"damage":6,"enemies":"R_Hoarder","floor":91,"turns":4},{"damage":35,"enemies":"Nightmare_Alpha","floor":92,"turns":7},{"damage":0,"enemies":"Maw","floor":95,"turns":3},{"damage":0,"enemies":"R_Hoarder","floor":96,"turns":4},{"damage":0,"enemies":"Donu and Deca","floor":101,"turns":3},{"damage":0,"enemies":"2 Louse","floor":103,"turns":2},{"damage":0,"enemies":"Small Slimes","floor":106,"turns":2},{"damage":0,"enemies":"Cultist","floor":110,"turns":1},{"damage":0,"enemies":"Lagavulin","floor":112,"turns":3},{"damage":0,"enemies":"Lots of Slimes","floor":113,"turns":3},{"damage":0,"enemies":"Gremlin Nob","floor":114,"turns":2},{"damage":0,"enemies":"Red Slaver","floor":116,"turns":4},{"damage":0,"enemies":"Slime Boss","floor":118,"turns":3},{"damage":0,"enemies":"ruina:BadWolf","floor":120,"turns":2},{"damage":0,"enemies":"ruina:ServantOfWrath","floor":125,"turns":2},{"damage":0,"enemies":"ruina:3_Bats","floor":127,"turns":1},{"damage":0,"enemies":"ruina:KnightOfDespair","floor":129,"turns":3},{"damage":0,"enemies":"ruina:Mountain","floor":130,"turns":3},{"damage":0,"enemies":"ruina:Nos_and_Bat","floor":132,"turns":2},{"damage":0,"enemies":"ruina:RoadHome","floor":133,"turns":3},{"damage":0,"enemies":"ruina:JesterOfNihil","floor":135,"turns":4},{"damage":0,"enemies":"3 Darklings","floor":137,"turns":3},{"damage":0,"enemies":"3 Shapes","floor":140,"turns":1},{"damage":0,"enemies":"Nightmare","floor":143,"turns":3},{"damage":0,"enemies":"Maw","floor":144,"turns":3},{"damage":0,"enemies":"Nemesis","floor":146,"turns":3},{"damage":0,"enemies":"R_Hoarder","floor":148,"turns":3},{"damage":0,"enemies":"Writhing Mass","floor":150,"turns":1},{"damage":0,"enemies":"Donu and Deca","floor":152,"turns":4},{"damage":0,"enemies":"Shield and Spear","floor":156,"turns":3},{"damage":0,"enemies":"The Heart","floor":157,"turns":6}],"seed_played":"5850760621196290021","potions_obtained":[{"floor":1,"key":"PowerPotion"},{"floor":4,"key":"Doom Potion"},{"floor":4,"key":"SpeedPotion"},{"floor":5,"key":"BloodPotion"},{"floor":8,"key":"Explosive Potion"},{"floor":14,"key":"Doom Potion"},{"floor":21,"key":"Languid Potion"},{"floor":22,"key":"SmokeBomb"},{"floor":30,"key":"Reflective Coating"},{"floor":33,"key":"Adrenaline Potion"},{"floor":37,"key":"champ:CounterPotion"},{"floor":40,"key":"Energy Potion"},{"floor":42,"key":"infinitespire:BlackPotion"},{"floor":42,"key":"Energy Potion"},{"floor":44,"key":"DuplicationPotion"},{"floor":55,"key":"Slimebound:ThreeZeroPotion"},{"floor":58,"key":"SteroidPotion"},{"floor":65,"key":"BlessingOfTheForge"},{"floor":71,"key":"ColorlessPotion"},{"floor":81,"key":"Dexterity Potion"},{"floor":96,"key":"Fire Potion"},{"floor":127,"key":"Adrenaline Potion"},{"floor":132,"key":"Explosive Potion"},{"floor":137,"key":"Regen Potion"},{"floor":140,"key":"Languid Potion"},{"floor":146,"key":"SpeedPotion"},{"floor":150,"key":"Elixir"},{"floor":156,"key":"LifebloodPotion"}],"is_trial":false,"path_per_floor":["M","?","?","?","M","E","?","E","T","$","E","$","R","M","R","B",null,"M","M","AVR","M","M","E","R","NM","T","?","$","E","M","$","R","B",null,"M","?","?","M","M","NM","R","$","T","M","E","?","R","M","R_BF","B",null,"M","M","?","M","AVR","E","M","?","T","M","$","R","M","NM","R","B",null,"M","AVR","M","?","T","R","M","E","T","M","E","?","M","M","R_BF","B",null,"M","$","T","M","?","E","NM","R","T","M","E","R","$","?","R_BF","B",null,"M","T","?","M","AVR","R","?","M","T","E","M","E","R","M","R","B",null,"M","?","T","$","$","E","R","M","T","M","E","R","M","E","R","B",null,"M","?","T","M","?","R","NM","M","T","E","$","E","T","M","R","B",null,"R","$","E","B",null],"character_chosen":"IRONCLAD","items_purchased":["BargainBundle","Block Potion","Rampage","Dark Embrace","Iron Wave","Armaments","infinitespire:Bottled Soul","Metallicize","hubris:TenFootPole","hubris:BottledRain","hubris:FruitBowl","ReplayFunnel"],"campfire_rested":4,"item_purchase_floors":[10,10,10,10,12,12,28,28,123,123,123,123],"current_hp_per_floor":[80,73,73,53,59,65,65,59,59,59,49,49,49,55,55,14,80,71,71,71,68,61,55,55,40,40,48,48,48,48,48,72,71,80,80,80,80,80,80,55,79,87,87,87,69,52,78,78,78,78,87,87,87,87,87,84,84,84,84,84,84,84,84,84,64,84,75,84,84,84,84,62,62,62,74,82,82,84,84,11,21,39,39,50,89,89,89,89,89,89,89,72,89,89,89,89,89,89,89,89,89,89,89,89,67,85,85,89,89,89,89,89,89,89,89,89,89,89,89,89,82,82,25,25,43,61,75,75,82,82,82,82,82,82,82,82,82,82,82,82,82,82,82,82,82,82,82,82,82,82,82,82,82,82,82,82,82],"gold":2653,"neow_bonus":"THREE_ENEMY_KILL","is_daily":false,"chose_seed":false,"campfire_upgraded":5,"win_rate":0.0,"timestamp":1613432151,"path_taken":["M","?","?","?","M","E","?","E","T","$","E","$","R","M","R","BOSS","M","M","AVR","M","M","E","R","NM","T","?","?","E","M","$","R","BOSS","M","?","?","M","M","NM","R","?","T","?","E","?","R","M","R_BF","BOSS","M","M","?","M","AVR","E","M","?","T","M","$","R","M","NM","R","BOSS","M","AVR","?","?","?","R","?","E","T","?","E","?","M","M","R_BF","BOSS","M","$","?","M","?","E","NM","R","T","M","E","R","?","?","R_BF","BOSS","M","?","?","M","AVR","R","?","M","T","E","M","E","R","M","R","BOSS","M","?","?","?","$","E","R","M","T","?","E","R","M","E","R","BOSS","M","?","?","?","?","R","NM","?","T","E","$","E","?","M","R","BOSS","R","$","E","BOSS"],"items_purchased_type":["Relic","Potion","Card","Card","Card","Card","Relic","Card","Relic","Relic","Relic","Relic"],"build_version":"2020-12-22","purchased_purges":6,"victory":true,"max_hp_per_floor":[80,80,80,80,80,80,80,80,80,80,80,80,80,80,80,80,80,80,80,80,80,80,80,80,80,80,80,80,80,80,80,80,80,80,80,80,80,80,80,80,80,87,87,87,87,87,87,87,87,87,87,87,87,87,87,84,84,84,84,84,84,84,84,84,84,84,84,84,84,84,84,84,84,84,84,84,84,84,84,84,84,84,84,84,89,89,89,89,89,89,89,89,89,89,89,89,89,89,89,89,89,89,89,89,89,89,89,89,89,89,89,89,89,89,89,89,89,89,89,89,82,82,82,82,82,82,82,82,82,82,82,82,82,82,82,82,82,82,82,82,82,82,82,82,82,82,82,82,82,82,82,82,82,82,82,82,82],"card_choices":[{"not_picked":["Dark Embrace","Rampage"],"picked":"Thunderclap","floor":1},{"not_picked":["Twin Strike","Heavy Blade"],"picked":"infinitespire:OneForAll","floor":4},{"not_picked":["Clothesline","Corruption"],"picked":"hubris:SharpeningStone","floor":5},{"not_picked":["ReplayTheSpireMod:Strike From Hell","Rupture","Twin Strike"],"picked":"SKIP","floor":6},{"not_picked":["Sentinel","Warcry","Run Through"],"picked":"SKIP","floor":8},{"not_picked":["Pummel","Seeing Red","Sentinel"],"picked":"SKIP","floor":11},{"not_picked":["hubris:ReadiedAction","Replay:Undeath\u0027s Touch"],"picked":"Anger","floor":14},{"not_picked":["conspire:Purge","Hemogenesis"],"picked":"Offering","floor":16},{"not_picked":["Dark Embrace"],"picked":"SKIP","floor":18},{"not_picked":["Body Slam"],"picked":"SKIP","floor":19},{"not_picked":["Wild Strike"],"picked":"SKIP","floor":21},{"not_picked":["Body Slam+1"],"picked":"SKIP","floor":22},{"not_picked":[],"picked":"Cleave","floor":23},{"not_picked":[],"picked":"Shrug It Off+1","floor":25},{"not_picked":["Clash"],"picked":"SKIP","floor":29},{"not_picked":["Twin Strike"],"picked":"SKIP","floor":30},{"not_picked":[],"picked":"Offering","floor":33},{"not_picked":["Burning Pact"],"picked":"SKIP","floor":35},{"not_picked":["Fire Breathing"],"picked":"SKIP","floor":38},{"not_picked":["Body Slam"],"picked":"SKIP","floor":39},{"not_picked":[],"picked":"Armaments+1","floor":40},{"not_picked":[],"picked":"HandOfGreed","floor":42},{"not_picked":["Pummel"],"picked":"SKIP","floor":42},{"not_picked":["Twin Strike"],"picked":"SKIP","floor":42},{"not_picked":["Dual Wield+1"],"picked":"SKIP","floor":42},{"not_picked":["Bloodletting"],"picked":"SKIP","floor":42},{"not_picked":["Fire Breathing"],"picked":"SKIP","floor":42},{"not_picked":["Replay:Parry"],"picked":"SKIP","floor":42},{"not_picked":["Perfected Strike"],"picked":"SKIP","floor":44},{"not_picked":["Headbutt+1"],"picked":"SKIP","floor":45},{"not_picked":["conspire:ExplosiveBarrier+1"],"picked":"SKIP","floor":48},{"not_picked":["Battle Trance"],"picked":"SKIP","floor":52},{"not_picked":["Replay:Undeath\u0027s Touch"],"picked":"SKIP","floor":53},{"not_picked":[],"picked":"ReplayTheSpireMod:Limb From Limb","floor":55},{"not_picked":["Twin Strike"],"picked":"SKIP","floor":57},{"not_picked":["Infernal Blade"],"picked":"SKIP","floor":58},{"not_picked":["ReplayTheSpireMod:Strike From Hell"],"picked":"SKIP","floor":61},{"not_picked":["Carnage"],"picked":"SKIP","floor":64},{"not_picked":["Warcry"],"picked":"SKIP","floor":65},{"not_picked":["Feel No Pain"],"picked":"SKIP","floor":69},{"not_picked":["Thunderclap"],"picked":"SKIP","floor":71},{"not_picked":["infinitespire:SealOfDarkness+","infinitespire:Fortify"],"picked":"infinitespire:FutureSight","floor":72},{"not_picked":["Shrug It Off","Twin Strike+1"],"picked":"SKIP","floor":75},{"not_picked":["Impervious","Anger+1"],"picked":"SKIP","floor":76},{"not_picked":["Clash"],"picked":"Iron Wave","floor":78},{"not_picked":["infinitespire:OneForAll","Flex"],"picked":"SKIP","floor":79},{"not_picked":["Sword Boomerang+1","Fire Breathing"],"picked":"SKIP","floor":81},{"not_picked":["Evolve","Thunderclap"],"picked":"SKIP","floor":82},{"not_picked":["Sentinel+1","Clash"],"picked":"SKIP","floor":86},{"not_picked":["Shrug It Off+1","Second Wind"],"picked":"SKIP","floor":89},{"not_picked":["Twin Strike","Hemokinesis+1"],"picked":"SKIP","floor":91},{"not_picked":["infinitespire:Gouge","ReplayTheSpireMod:Black Plague"],"picked":"infinitespire:NeuralNetwork","floor":92},{"not_picked":["Sever Soul+1","Thunderclap+1"],"picked":"SKIP","floor":92},{"not_picked":["Pommel Strike","Headbutt+1"],"picked":"SKIP","floor":95},{"not_picked":["Shrug It Off+1","Armaments+1"],"picked":"SKIP","floor":96},{"not_picked":["True Grit","Twin Strike"],"picked":"SKIP","floor":103},{"not_picked":["Carnage","Flex"],"picked":"SKIP","floor":106},{"not_picked":["Power Through","Reaper"],"picked":"SKIP","floor":110},{"not_picked":["Flex","Entrench"],"picked":"SKIP","floor":112},{"not_picked":["Wild Strike","Feel No Pain"],"picked":"SKIP","floor":113},{"not_picked":["Thunderclap","Clash"],"picked":"SKIP","floor":114},{"not_picked":["Anger","Replay:Undeath\u0027s Touch"],"picked":"SKIP","floor":116},{"not_picked":["Headbutt","Battle Trance"],"picked":"SKIP","floor":120},{"not_picked":["ruina:CobaltScar"],"picked":"ruina:CrimsonScar","floor":121},{"not_picked":["Combust","Shrug It Off"],"picked":"SKIP","floor":125},{"not_picked":["Exhume","Carnage"],"picked":"SKIP","floor":127},{"not_picked":["Disarm+1","Clash"],"picked":"SKIP","floor":129},{"not_picked":["hubris:ReadiedAction","Warcry"],"picked":"SKIP","floor":130},{"not_picked":["Sword Boomerang+1","Ghostly Armor"],"picked":"SKIP","floor":132},{"not_picked":["Pommel Strike+1","Uppercut+1"],"picked":"SKIP","floor":133},{"not_picked":["Whirlwind"],"picked":"ReplayReversal","floor":137},{"not_picked":["Flame Barrier","Shrug It Off"],"picked":"SKIP","floor":140},{"not_picked":["Replay:Many Hands","Sever Soul"],"picked":"SKIP","floor":143},{"not_picked":["Iron Wave","Abandon"],"picked":"SKIP","floor":144},{"not_picked":["Shrug It Off","Bloodletting"],"picked":"SKIP","floor":146},{"not_picked":["Seeing Red+1","Twin Strike"],"picked":"SKIP","floor":148},{"not_picked":["Anger","Headbutt+1"],"picked":"SKIP","floor":150},{"not_picked":["Havoc","Pommel Strike"],"picked":"SKIP","floor":156}],"player_experience":562830,"relics_obtained":[{"floor":3,"key":"Bag of Marbles"},{"floor":4,"key":"Lantern"},{"floor":6,"key":"reliquary:BallBearing"},{"floor":8,"key":"conspire:DeflatedDodgeball"},{"floor":9,"key":"Letter Opener"},{"floor":11,"key":"reliquary:SilkGlove"},{"floor":23,"key":"ReplayTheSpireMod:Shallot"},{"floor":25,"key":"reliquary:RosewoodLute"},{"floor":26,"key":"hubris:Reverence"},{"floor":29,"key":"Gremlin Horn"},{"floor":37,"key":"CatCart"},{"floor":40,"key":"Kunai"},{"floor":42,"key":"reliquary:JackalopeAntler"},{"floor":42,"key":"Gremlin Food"},{"floor":42,"key":"Lee\u0027s Waffle"},{"floor":43,"key":"infinitespire:Satchel"},{"floor":45,"key":"reliquary:RoseTintedGlasses"},{"floor":57,"key":"WingedGreaves"},{"floor":60,"key":"Tiny Chest"},{"floor":65,"key":"reliquary:PrincelyHelmet"},{"floor":73,"key":"Question Card"},{"floor":76,"key":"Blood Vial"},{"floor":77,"key":"Boot"},{"floor":79,"key":"Oddly Smooth Stone"},{"floor":83,"key":"infinitespire:ShieldingShard"},{"floor":88,"key":"hubris:Metronome"},{"floor":91,"key":"Eternal Feather"},{"floor":92,"key":"aspiration:HatOfInfinitePower"},{"floor":94,"key":"hubris:PeanutButter"},{"floor":96,"key":"hubris:Potato"},{"floor":100,"key":"Nunchaku"},{"floor":104,"key":"Peace Pipe"},{"floor":111,"key":"Mummified Hand"},{"floor":112,"key":"reliquary:Stiletto"},{"floor":114,"key":"Vajra"},{"floor":122,"key":"Replay:Baseball"},{"floor":125,"key":"hubris:SlimyHat"},{"floor":128,"key":"conspire:TopHat"},{"floor":130,"key":"ReplayTheSpireMod:Lightbulb"},{"floor":133,"key":"Garlic"},{"floor":143,"key":"conspire:Dentures"},{"floor":145,"key":"Bag of Preparation"},{"floor":146,"key":"Bottled Lightning"},{"floor":148,"key":"Replay:Kaleidoscope"},{"floor":149,"key":"White Beast Statue"},{"floor":156,"key":"Runesmith:AutoHammer"}],"event_choices":[{"cards_removed":["Strike_R"],"damage_healed":0,"gold_gain":0,"player_choice":"Card Removal","damage_taken":7,"max_hp_gain":0,"max_hp_loss":0,"event_name":"Golden Wing","floor":2,"gold_loss":0},{"damage_healed":0,"gold_gain":0,"player_choice":"Agree","damage_taken":0,"max_hp_gain":0,"max_hp_loss":0,"event_name":"conspire:LoneGhost","floor":7,"gold_loss":0},{"damage_healed":0,"gold_gain":0,"player_choice":"Fight","damage_taken":0,"max_hp_gain":0,"max_hp_loss":0,"event_name":"OrinTheCat","floor":37,"gold_loss":0},{"damage_healed":0,"gold_gain":3,"player_choice":"2","damage_taken":0,"max_hp_gain":0,"max_hp_loss":17,"event_name":"betterStone:BetterStone","floor":46,"gold_loss":0},{"damage_healed":0,"gold_gain":0,"player_choice":"Ignored","damage_taken":883,"max_hp_gain":0,"max_hp_loss":0,"event_name":"betterThird:BetterSerpent","floor":54,"gold_loss":0},{"damage_healed":0,"gold_gain":0,"player_choice":"Upgraded","damage_taken":0,"max_hp_gain":0,"max_hp_loss":0,"event_name":"Upgrade Shrine","floor":59,"gold_loss":0,"cards_upgraded":["ReplayTheSpireMod:Limb From Limb"]},{"damage_healed":0,"gold_gain":0,"player_choice":"RE RE RE RE ","damage_taken":81,"relics_obtained":["Replay:Rubber Ducky","Art of War","reliquary:Buckler","aspiration:TomeofQuesting"],"max_hp_gain":0,"max_hp_loss":0,"event_name":"betterSkull:BetterSkull","floor":80,"gold_loss":0,"cards_upgraded":[]},{"damage_healed":0,"gold_gain":0,"player_choice":"Ignored","damage_taken":0,"max_hp_gain":0,"max_hp_loss":0,"event_name":"Tomb of Lord Red Mask","floor":90,"gold_loss":0},{"damage_healed":0,"gold_gain":0,"player_choice":"Upgraded","damage_taken":0,"max_hp_gain":0,"max_hp_loss":0,"event_name":"Upgrade Shrine","floor":99,"gold_loss":0,"cards_upgraded":["infinitespire:NeuralNetwork"]},{"damage_healed":0,"gold_gain":0,"player_choice":"Take Damage","damage_taken":22,"relics_obtained":["Golden Idol"],"max_hp_gain":0,"max_hp_loss":0,"event_name":"Golden Idol","floor":105,"gold_loss":0},{"cards_removed":["ReplayTheSpireMod:Limb From Limb"],"damage_healed":0,"gold_gain":0,"player_choice":"Purged","damage_taken":0,"max_hp_gain":0,"max_hp_loss":0,"event_name":"Purifier","floor":138,"gold_loss":0},{"damage_healed":0,"gold_gain":275,"player_choice":"Desecrate","damage_taken":0,"max_hp_gain":0,"max_hp_loss":0,"event_name":"Golden Shrine","floor":141,"gold_loss":0,"cards_obtained":["Regret"]}],"is_beta":false,"boss_relics":[{"not_picked":["ReplayTheSpireMod:DimensionalGlitch","reliquary:RedCape"],"picked":"Replay:Grab Bag"},{"not_picked":["energizedSpire:EnergizedDie","bronze:MakeshiftBattery"],"picked":"Busted Crown"},{"not_picked":["reliquary:Craggleroot","reliquary:BigHammer"],"picked":"energizedSpire:DeadBattery"},{"not_picked":["Runic Pyramid","Black Star"],"picked":"conspire:RunicOctahedron"},{"not_picked":["ReplayTheSpireMod:SealedPack","Fusion Hammer"],"picked":"Black Blood"},{"not_picked":["aspiration:FutureDiary","infinitespire:Cupcake"],"picked":"conspire:RoyalGoblet"},{"not_picked":["hubris:RunicObelisk","Velvet Choker"],"picked":"energizedSpire:StickyHand"},{"not_picked":["Astrolabe","Runesmith:UraniumAnvil"],"picked":"Tiny House"},{"not_picked":["reliquary:RedCape","reliquary:Craggleroot","ReplayTheSpireMod:SealedPack"]},{"not_picked":["aspiration:MarisaSkillbook","Coffee Dripper"],"picked":"Abe\u0027s Treasure"},{"not_picked":["hubris:CrackedHourglass","conspire:SlowCooker","aspiration:WatcherSkillbook"]},{"not_picked":["energizedSpire:OgreHead","Pandora\u0027s Box"],"picked":"infinitespire:Burning Sword"}],"items_purged_floors":[20,31,56,70,107,123],"is_endless":true,"potions_floor_spawned":[1,5,8,14,21,22,30,33,37,40,44,55,58,61,65,71,75,81,82,86,89,96,101,106,112,113,116,118,120,127,129,132,137,140,146,150,152,156,157],"ascension_level":1}}