{"host":"fff5e1uasnm04x18","time":1613423627,"event":{"mods":["BaseMod","Highlight Path","Minty Spire (QoL Compilation)","StSLib"],"gold_per_floor":[118,133,133,151,151,185,199,199,199],"floor_reached":8,"language":"ENG","playtime":344,"items_purged":[],"score":67,"play_id":"224aef13-4fd2-4a80-a8e1-a1266feb6a10","local_time":"20210215161347","is_ascension_mode":true,"campfire_choices":[],"circlet_count":0,"master_deck":["Strike_P","Strike_P","Strike_P","Strike_P","Defend_P","Defend_P","Defend_P","Defend_P","Eruption","Vigilance","PathToVictory"],"relics":["PureWater","Golden Idol","Calipers","Centennial Puzzle"],"acts_visited":["Exordium"],"potions_floor_usage":[],"damage_taken":[{"damage":0,"enemies":"2 Louse","floor":1,"turns":4},{"damage":7,"enemies":"Small Slimes","floor":2,"turns":4},{"damage":0,"enemies":"Cultist","floor":4,"turns":3},{"damage":32,"enemies":"Lagavulin","floor":6,"turns":6},{"damage":0,"enemies":"Large Slime","floor":7,"turns":5},{"damage":27,"enemies":"3 Sentries","floor":8,"turns":4}],"seed_played":"2891473118124484418","potions_obtained":[{"floor":4,"key":"FearPotion"},{"floor":6,"key":"Explosive Potion"}],"is_trial":false,"path_per_floor":["M","M","?","M","?","E","M","E"],"character_chosen":"WATCHER","items_purchased":[],"campfire_rested":0,"item_purchase_floors":[],"current_hp_per_floor":[79,72,53,53,53,21,21,0,0],"gold":199,"neow_bonus":"TEN_PERCENT_HP_BONUS","is_daily":false,"chose_seed":false,"campfire_upgraded":0,"win_rate":0.0,"timestamp":1613423627,"path_taken":["M","M","?","M","?","E","M","E"],"items_purchased_type":[],"build_version":"2020-12-22","purchased_purges":0,"victory":false,"max_hp_per_floor":[79,79,79,79,79,79,79,79,79],"card_choices":[{"not_picked":["ClearTheMind","EmptyFist"],"picked":"PathToVictory","floor":1},{"not_picked":["CrushJoints","FlyingSleeves","Protect"],"picked":"SKIP","floor":2},{"not_picked":["Evaluate","Adaptation","Consecrate"],"picked":"SKIP","floor":4},{"not_picked":["SpiritShield","FlurryOfBlows","SandsOfTime"],"picked":"SKIP","floor":6},{"not_picked":["FollowUp","Consecrate","ClearTheMind"],"picked":"SKIP","floor":7}],"player_experience":596891,"relics_obtained":[{"floor":6,"key":"Centennial Puzzle"}],"event_choices":[{"damage_healed":0,"gold_gain":0,"player_choice":"Take Damage","damage_taken":19,"relics_obtained":["Golden Idol"],"max_hp_gain":0,"max_hp_loss":0,"event_name":"Golden Idol","floor":3,"gold_loss":0},{"damage_healed":0,"gold_gain":0,"player_choice":"Gave Potion","damage_taken":0,"relics_obtained":["Calipers"],"max_hp_gain":0,"max_hp_loss":0,"event_name":"WeMeetAgain","floor":5,"gold_loss":0}],"is_beta":false,"boss_relics":[],"items_purged_floors":[],"is_endless":false,"potions_floor_spawned":[4,6],"killed_by":"3 Sentries","ascension_level":3}}