{"host":"pgm1p3lvdjflie30","time":1613354944,"event":{"mods":["AchievementEnabler","Act Like it!","Alarm Clock","Aspiration","BaseMod","Better-Laid Plans","Bossed Relics","Challenge The Spire","Colored Map","Colored Powertips","Conspire","Dark Map","Downfall","Energized Spire","Gensokyo","GungeonMod","Hallownest","Hermit","HornydragonMod","Jedi Mod","Minty Spire (QoL Compilation)","Pale of the Ancients","Quarter Circle Forward PUNCH!","Quick Restart","Reimu（博???）","Relic Stats","Reliquary","Replay The Spire","Robot Space Explorer","Spicy Shops","StSLib","The Blackbeard","The Bug Knight","The Cursed","The Hayseed","The IronCluck","The Jungle","The Marked","The Runesmith","Waifu the Spire","Yakumo Yukari mod","【功能Mod】混沌之?修复?丁","篝火指南"],"gold_per_floor":[115,115,129,142,40,40,50,50,123,123,138,138,151,151,151,246,246,265,299,47,47,47],"floor_reached":21,"language":"ZHS","playtime":1300,"items_purged":[],"score":169,"play_id":"93cb29ae-20a9-487f-9910-0b05109ff48a","local_time":"20210215100904","is_ascension_mode":false,"campfire_choices":[{"data":"theMarked:EmpowerWeapon","floor":6,"key":"SMITH"},{"data":"theMarked:SoldierOfQuellstein","floor":10,"key":"SMITH"},{"data":"theMarked:BanishingStrike","floor":12,"key":"SMITH"}],"circlet_count":0,"master_deck":["theMarked:Strike","theMarked:Strike","theMarked:Strike","theMarked:Strike","theMarked:Strike","theMarked:Defend","theMarked:Defend","theMarked:Defend","theMarked:Defend","theMarked:SoldierOfQuellstein+1","theMarked:ChainLightning","theMarked:BanishingStrike+1","theMarked:SelfDefenseTraining","theMarked:LightningStrikesTwice","theMarked:Memento","theMarked:EmpowerWeapon+1","theMarked:SwordAndMagic+1","theMarked:Frustration","theMarked:DispelDoubt","Replay:BasicMightCard","theMarked:Abjuration","theMarked:Indomitable","theMarked:AttractMetal","theMarked:BanishingWave","theMarked:Improvise"],"relics":["theMarked:ArtifactOfAir","DemoMod:GlassGuonStoneRelic"],"acts_visited":["Exordium","TheCity"],"potions_floor_usage":[18,19,19],"damage_taken":[{"damage":1,"enemies":"2 Louse","floor":1,"turns":2},{"damage":1,"enemies":"Cultist","floor":3,"turns":3},{"damage":0,"enemies":"Small Slimes","floor":4,"turns":2},{"damage":5,"enemies":"Looter","floor":7,"turns":3},{"damage":6,"enemies":"3 Louse","floor":11,"turns":3},{"damage":0,"enemies":"Large Slime","floor":13,"turns":3},{"damage":46,"enemies":"Hexaghost","floor":16,"turns":8},{"damage":19,"enemies":"Shell Parasite","floor":18,"turns":3},{"damage":27,"enemies":"Masked Bandits","floor":19,"turns":5}],"seed_played":"8434657275249373146","potions_obtained":[{"floor":3,"key":"theMarked:SummonPotion"},{"floor":13,"key":"champ:CounterPotion"},{"floor":16,"key":"champ:CounterPotion"}],"is_trial":false,"path_per_floor":["M","?","M","M","$","R","M","?","T","R","M","R","M","?","R_BF","B",null,"M","?","$","?"],"character_chosen":"THE_DEFAULT","items_purchased":["theMarked:Memento","theMarked:EmpowerWeapon","theMarked:BanishingWave","theMarked:Improvise","Slimebound:ThreeZeroPotion"],"campfire_rested":0,"item_purchase_floors":[5,5,20,20,20],"current_hp_per_floor":[69,69,68,68,68,68,63,63,63,63,57,57,57,57,57,11,70,51,24,24,0,0],"gold":47,"neow_bonus":"THREE_CARDS","is_daily":false,"chose_seed":false,"campfire_upgraded":3,"win_rate":0.0,"timestamp":1613354944,"path_taken":["M","?","M","M","$","R","?","?","T","R","M","R","M","?","R_BF","BOSS","M","?","$","?"],"items_purchased_type":["Card","Card","Card","Card","Potion"],"build_version":"2020-12-22","purchased_purges":0,"victory":false,"max_hp_per_floor":[70,70,70,70,70,70,70,70,70,70,70,70,70,70,70,70,70,70,70,70,70,70],"relic_stats":{"counters":[9,32],"obtain_stats":[{"theMarked:ArtifactOfAir":0,"DemoMod:GlassGuonStoneRelic":7},{"theMarked:ArtifactOfAir":0,"DemoMod:GlassGuonStoneRelic":4},{"theMarked:ArtifactOfAir":0,"DemoMod:GlassGuonStoneRelic":10}]},"card_choices":[{"not_picked":["theMarked:Parry","theMarked:PowerFlow"],"picked":"theMarked:ChainLightning","floor":0},{"not_picked":["theMarked:EmpowerWeapon","theMarked:ChainLightning"],"picked":"theMarked:BanishingStrike","floor":1},{"not_picked":["theMarked:Standoff","theMarked:ChainLightning"],"picked":"theMarked:SelfDefenseTraining","floor":3},{"not_picked":["theMarked:Aftermath","theMarked:TakeCover"],"picked":"theMarked:LightningStrikesTwice","floor":4},{"not_picked":["theMarked:Memento","theMarked:ElectricStrings"],"picked":"theMarked:SwordAndMagic","floor":7},{"not_picked":["theMarked:ChainLightning","theMarked:WastefulAttack"],"picked":"theMarked:Frustration","floor":11},{"not_picked":["theMarked:BanishingWave","theMarked:BanishingStrike"],"picked":"theMarked:DispelDoubt","floor":13},{"not_picked":["theMarked:FavorableWinds","theMarked:TurnInvisible"],"picked":"theMarked:Abjuration","floor":16},{"not_picked":["theMarked:TakeCover","theMarked:Parry"],"picked":"theMarked:Indomitable","floor":18},{"not_picked":["theMarked:ElectricStrings","theMarked:ComboAttacks"],"picked":"theMarked:AttractMetal","floor":19}],"player_experience":544651,"relics_obtained":[],"event_choices":[{"damage_healed":0,"gold_gain":0,"player_choice":"1 cards matched","damage_taken":0,"max_hp_gain":0,"max_hp_loss":0,"event_name":"Match and Keep!","floor":2,"gold_loss":0,"cards_obtained":["Survey Options"]},{"damage_healed":0,"gold_gain":0,"player_choice":"Ignored","damage_taken":0,"max_hp_gain":0,"max_hp_loss":0,"event_name":"Golden Idol","floor":14,"gold_loss":0},{"damage_healed":0,"gold_gain":0,"player_choice":"Fought Bandits","damage_taken":0,"max_hp_gain":0,"max_hp_loss":0,"event_name":"Masked Bandits","floor":19,"gold_loss":0}],"is_beta":false,"boss_relics":[{"not_picked":["jedi:battlestandard","reliquary:WritOfMandamus","bronze:MakeshiftBattery"]}],"items_purged_floors":[],"is_endless":false,"potions_floor_spawned":[3,13,16],"ascension_level":0}}