{"host":"sxnl403xm2xmiyj1","time":1613401014,"event":{"mods":["AchievementEnabler","BaseMod","Colored Map","Keyboard Shortcuts","Minty Spire (QoL Compilation)","Quick Restart","StSLib","SuperFastMode"],"gold_per_floor":[110,129,10,160,6,6,32,32,84,84,94,94,94,94,94,169,169,182,196,208,208,219,219,235,265,265,295,295,220,231,247,247,321,321,340,340,17,32,32,32],"floor_reached":39,"language":"KOR","playtime":928,"items_purged":["Strike_G","Doubt"],"score":979,"play_id":"c3b7be17-5b5d-4b62-b96f-f370316c245a","local_time":"20210215235654","is_ascension_mode":true,"campfire_choices":[{"data":"Noxious Fumes","floor":6.0,"key":"SMITH"},{"data":"Cloak And Dagger","floor":10.0,"key":"SMITH"},{"data":"Deadly Poison","floor":12.0,"key":"SMITH"},{"data":"Neutralize","floor":15.0,"key":"SMITH"},{"data":"Reflex","floor":23.0,"key":"SMITH"},{"data":"Burst","floor":32.0,"key":"SMITH"}],"circlet_count":0,"master_deck":["AscendersBane","Defend_G","Defend_G+1","Defend_G","Defend_G","Survivor","Neutralize+1","Tactician","Masterful Stab","Noxious Fumes+1","Quick Slash","Cloak And Dagger+1","Deadly Poison+1","Burst+1","Acrobatics+1","Sucker Punch+1","Adrenaline+1","Catalyst+1","PiercingWail+1","PiercingWail","Reflex+1","Blur+1","Bane","Footwork","Footwork","Backflip","PiercingWail","Envenom","Escape Plan","Finesse","Apotheosis","Escape Plan","Dagger Throw+1"],"relics":["Ring of the Snake","NeowsBlessing","Turnip","Snake Skull","Astrolabe","Centennial Puzzle","FossilizedHelix","Bottled Lightning","WristBlade"],"acts_visited":["Exordium","TheCity","TheBeyond"],"potions_floor_usage":[35],"damage_taken":[{"damage":0.0,"enemies":"Cultist","floor":1.0,"turns":1.0},{"damage":0.0,"enemies":"Jaw Worm","floor":2.0,"turns":1.0},{"damage":0.0,"enemies":"Gremlin Nob","floor":7.0,"turns":1.0},{"damage":0.0,"enemies":"2 Louse","floor":11.0,"turns":2.0},{"damage":0.0,"enemies":"The Guardian","floor":16.0,"turns":8.0},{"damage":3.0,"enemies":"3 Byrds","floor":18.0,"turns":5.0},{"damage":1.0,"enemies":"Chosen","floor":19.0,"turns":4.0},{"damage":13.0,"enemies":"Snecko","floor":20.0,"turns":4.0},{"damage":0.0,"enemies":"Chosen and Byrds","floor":22.0,"turns":4.0},{"damage":6.0,"enemies":"Shelled Parasite and Fungi","floor":24.0,"turns":3.0},{"damage":16.0,"enemies":"Book of Stabbing","floor":25.0,"turns":6.0},{"damage":11.0,"enemies":"Slavers","floor":27.0,"turns":5.0},{"damage":5.0,"enemies":"3 Cultists","floor":30.0,"turns":5.0},{"damage":0.0,"enemies":"Snake Plant","floor":31.0,"turns":4.0},{"damage":0.0,"enemies":"Champ","floor":33.0,"turns":13.0},{"damage":0,"enemies":"Orb Walker","floor":35,"turns":5},{"damage":24,"enemies":"3 Darklings","floor":38,"turns":6},{"damage":49,"enemies":"2 Orb Walkers","floor":39,"turns":5}],"seed_played":"7723543558080293257","potions_obtained":[{"floor":2.0,"key":"Block Potion"},{"floor":7.0,"key":"SneckoOil"},{"floor":11.0,"key":"Fire Potion"},{"floor":18.0,"key":"GamblersBrew"},{"floor":24.0,"key":"EntropicBrew"},{"floor":25.0,"key":"CultistPotion"},{"floor":30.0,"key":"SneckoOil"},{"floor":31.0,"key":"BlessingOfTheForge"},{"floor":35,"key":"Fruit Juice"}],"is_trial":false,"path_per_floor":["M","M","$","?","$","R","E","?","T","R","M","R","?","?","R","B",null,"M","M","M","?","M","R","M","E","T","E","?","?","M","M","R","B",null,"M","?","$","M","?"],"character_chosen":"THE_SILENT","items_purchased":["Noxious Fumes","Quick Slash","Finesse","Apotheosis","Escape Plan"],"campfire_rested":0,"item_purchase_floors":[3,5,37,37,37],"current_hp_per_floor":[59,59,59,59,59,59,59,39,39,39,39,39,39,39,39,39,59,56,55,42,42,42,42,36,35,35,24,24,24,19,19,19,19,54,59,59,59,35,0,0],"gold":32,"neow_bonus":"THREE_ENEMY_KILL","is_daily":false,"chose_seed":false,"campfire_upgraded":6,"win_rate":0.0,"timestamp":1613401014,"path_taken":["M","?","$","?","$","R","E","?","T","R","M","R","?","?","R","BOSS","M","M","M","?","M","R","M","E","T","E","?","?","M","M","R","BOSS","M","?","$","M","?"],"items_purchased_type":["Card","Card","Card","Card","Card"],"build_version":"2020-12-22","purchased_purges":2,"victory":false,"max_hp_per_floor":[66,66,66,66,66,66,66,66,66,66,66,66,66,66,66,66,66,66,66,66,66,66,66,66,66,66,66,66,66,66,66,66,66,66,71,71,71,71,71,71],"card_choices":[{"not_picked":["Backflip","Sucker Punch"],"picked":"Tactician","floor":1.0},{"not_picked":["Poisoned Stab","Deadly Poison"],"picked":"Masterful Stab","floor":2.0},{"not_picked":["Flying Knee","Outmaneuver"],"picked":"Cloak And Dagger","floor":7.0},{"not_picked":["Dagger Spray","Eviscerate"],"picked":"Deadly Poison","floor":11.0},{"not_picked":["Wraith Form v2","Unload"],"picked":"Burst","floor":16.0},{"not_picked":["Dagger Throw","Flying Knee"],"picked":"Catalyst+1","floor":18.0},{"not_picked":["Dash","Blur"],"picked":"PiercingWail+1","floor":19.0},{"not_picked":["Acrobatics","Distraction"],"picked":"PiercingWail","floor":20.0},{"not_picked":["Underhanded Strike","Riddle With Holes"],"picked":"Reflex","floor":22.0},{"not_picked":["Grand Finale","Heel Hook+1"],"picked":"Blur+1","floor":24.0},{"not_picked":["Outmaneuver","Blur"],"picked":"Bane","floor":25.0},{"not_picked":["Setup","Deflect"],"picked":"Footwork","floor":27.0},{"not_picked":["Dodge and Roll","Bane"],"picked":"Backflip","floor":30.0},{"not_picked":["Choke","Cloak And Dagger"],"picked":"PiercingWail","floor":31.0},{"not_picked":["Tools of the Trade","Wraith Form v2"],"picked":"Envenom","floor":33.0},{"not_picked":["Flying Knee","Outmaneuver"],"picked":"Escape Plan","floor":35},{"not_picked":["Flying Knee","Finisher+1"],"picked":"Dagger Throw+1","floor":38}],"player_experience":220847,"relics_obtained":[{"floor":7.0,"key":"Turnip"},{"floor":9.0,"key":"Snake Skull"},{"floor":25.0,"key":"Centennial Puzzle"},{"floor":26.0,"key":"FossilizedHelix"},{"floor":27.0,"key":"Bottled Lightning"}],"event_choices":[{"damage_healed":0.0,"max_hp_gain":0.0,"max_hp_loss":0.0,"gold_gain":150.0,"event_name":"Liars Game","player_choice":"AGREE","floor":4.0,"gold_loss":0.0,"damage_taken":0.0,"cards_obtained":["Doubt"]},{"damage_healed":0.0,"max_hp_gain":0.0,"max_hp_loss":0.0,"gold_gain":0.0,"event_name":"Shining Light","player_choice":"Entered Light","floor":8.0,"gold_loss":0.0,"damage_taken":20.0,"cards_upgraded":["Strike_G","Defend_G"]},{"damage_healed":0.0,"max_hp_gain":0.0,"max_hp_loss":0.0,"gold_gain":0.0,"event_name":"Golden Idol","player_choice":"Ignored","floor":13.0,"gold_loss":0.0,"damage_taken":0.0},{"cards_removed":["Strike_G"],"damage_healed":0.0,"max_hp_gain":0.0,"max_hp_loss":0.0,"gold_gain":0.0,"event_name":"Living Wall","player_choice":"Forget","floor":14.0,"gold_loss":0.0,"damage_taken":0.0},{"damage_healed":0.0,"max_hp_gain":0.0,"max_hp_loss":0.0,"gold_gain":0.0,"event_name":"Cursed Tome","player_choice":"Ignored","floor":21.0,"gold_loss":0.0,"damage_taken":0.0},{"damage_healed":0.0,"max_hp_gain":0.0,"max_hp_loss":0.0,"gold_gain":0.0,"event_name":"The Library","player_choice":"Read","floor":28.0,"gold_loss":0.0,"damage_taken":0.0,"cards_obtained":["Footwork"]},{"cards_removed":["Strike_G"],"damage_healed":0.0,"max_hp_gain":0.0,"max_hp_loss":0.0,"gold_gain":0.0,"event_name":"Beggar","player_choice":"Gave Gold","floor":29.0,"gold_loss":75.0,"damage_taken":0.0},{"damage_healed":0,"gold_gain":0,"player_choice":"Ignored","damage_taken":0,"max_hp_gain":0,"max_hp_loss":0,"event_name":"Tomb of Lord Red Mask","floor":36,"gold_loss":0},{"damage_healed":0,"gold_gain":0,"player_choice":"Fight","damage_taken":0,"max_hp_gain":0,"max_hp_loss":0,"event_name":"Mysterious Sphere","floor":39,"gold_loss":0}],"is_beta":false,"boss_relics":[{"not_picked":["Ectoplasm","Empty Cage"],"picked":"Astrolabe"},{"not_picked":["Velvet Choker","Calling Bell"],"picked":"WristBlade"}],"items_purged_floors":[3,5],"is_endless":false,"potions_floor_spawned":[2,7,11,18,24,25,30,31,35],"killed_by":"2 Orb Walkers","ascension_level":16}}