{"host":"pgm1p3lvdjflie30","time":1613416592,"event":{"mods":["ATMod(阿瑾Mod)","AchievementEnabler","Act Like it!","Alarm Clock","Aspiration","BaseMod","Better-Laid Plans","Bossed Relics","Challenge The Spire","Colored Map","Colored Powertips","Conspire","Dark Map","Downfall","Energized Spire","Gensokyo","GungeonMod","Hallownest","Hermit","HornydragonMod","Jedi Mod","Minty Spire (QoL Compilation)","MostiFishMod","Pale of the Ancients","Permanent Neow","Quarter Circle Forward PUNCH!","Quick Restart","Reimu（博???）","Relic Stats","Reliquary","Replay The Spire","Robot Space Explorer","Spicy Shops","StSLib","TestMod","The Blackbeard","The Bug Knight","The Cursed","The Hayseed","The IronCluck","The Jungle","The Marked","The Runesmith","Waifu the Spire","Yakumo Yukari mod","【功能Mod】混沌之?修复?丁","【?物卡牌】REMEMod","篝火指南"],"gold_per_floor":[110,130,90,106,119,153,163,182,182,80,422,422,422,422,251,251,251,251,161,99546,99556,99573,99606,99271,99296,99296,98937,98444,98469,98488,98500,98500,98601,98601,98611,98627,98165,96271,96289,96324,96334,96353,96353,96353,96353,96353,96382,96397,96397,96397,96417,96436,96436,96518,96518,96537,96537,96611,96611,96621],"floor_reached":61,"language":"ZHS","playtime":1830,"items_purged":["Defend_B","Strike_B","Defend_B","Strike_B","Strike_B","Defend_B","Strike_B","Zap","Tempest","Ball Lightning"],"score":2231,"play_id":"722882bb-90d0-4b95-8858-d3cca2b3913b","local_time":"20210216031632","is_ascension_mode":true,"campfire_choices":[{"floor":49,"key":"RECALL"},{"data":"MostiFishMod:ReadyAimFire","floor":55,"key":"SMITH"},{"floor":57,"key":"REST"}],"circlet_count":0,"master_deck":["Dualcast","Fusion","Twin","BasicCrystalCard","Coolheaded","Turbo+1","Coolheaded","Cold Snap","AT_ThreeBodyProblem","Cold Snap","Cold Snap","BasicCrystalCard","BasicCrystalCard","Echo Form","Fusion","Static Discharge+1","Time Bomb","Coolheaded+1","Capacitor","MostiFishMod:ReadyAimFire+1","Skim","Sweeping Beam+1","ReplayRNGCard","ReplayTheSpireMod:Dual Polarity+1","Finesse","Sweeping Beam","Hologram","BasicCrystalCard","Ball Lightning","Rip and Tear+1"],"relics":["Cracked Core","AT_ATBox","DaveBox","testmod-TestBox","REME_ComplimentaryCards","BionicSphere","SynthV:TestCard","testmod-RandomTest","Runesmith:Locket","jedi:ominousloannote","aspiration:ArtOfWarUpgrade","Replay:Bandana","aspiration:HiddenCompartment","Matryoshka","jedi:crownofsimplicity","Singing Bowl","Pondfish Scales","jedi:paperlyon","SynthV:MejaisSoulstealer","Membership Card","Akabeko","reliquary:Spinner","Blue Candle","HollowMod:PaleOreRelic","paleoftheancients:Timepiece","paleoftheancients:KeyRelic","CultistMask","paleoftheancients:SoulOfTheIroncluck","qcfpunch:Chain_With_Nametags","DemoMod:MeltedRock"],"acts_visited":["Exordium","TheCity","TheBeyond","paleoftheancients:PaleOfTheAncients"],"potions_floor_usage":[39],"damage_taken":[{"damage":0,"enemies":"Jaw Worm","floor":1,"turns":1},{"damage":0,"enemies":"Cultist","floor":2,"turns":1},{"damage":0,"enemies":"2 Louse","floor":4,"turns":1},{"damage":0,"enemies":"Exordium Wildlife","floor":5,"turns":1},{"damage":0,"enemies":"3 Sentries","floor":6,"turns":1},{"damage":0,"enemies":"Exordium Thugs","floor":7,"turns":1},{"damage":0,"enemies":"Blue Slaver","floor":8,"turns":1},{"damage":0,"enemies":"3 Louse","floor":12,"turns":1},{"damage":0,"enemies":"Lagavulin","floor":13,"turns":1},{"damage":0,"enemies":"Red Slaver","floor":14,"turns":1},{"damage":0,"enemies":"Fading Forest","floor":16,"turns":1},{"damage":0,"enemies":"Chosen","floor":18,"turns":1},{"damage":0,"enemies":"2 Thieves","floor":21,"turns":1},{"damage":0,"enemies":"Shelled Parasite and Fungi","floor":22,"turns":1},{"damage":0,"enemies":"HollowMod:Nosk","floor":23,"turns":1},{"damage":0,"enemies":"conspire:Head Lice","floor":25,"turns":1},{"damage":0,"enemies":"Gremlin Leader","floor":29,"turns":1},{"damage":0,"enemies":"Snake Plant","floor":30,"turns":1},{"damage":0,"enemies":"Centurion and Healer","floor":31,"turns":1},{"damage":0,"enemies":"Collector","floor":33,"turns":1},{"damage":21,"enemies":"3 Darklings","floor":35,"turns":3},{"damage":0,"enemies":"Orb Walker","floor":36,"turns":1},{"damage":102,"enemies":"Transient","floor":39,"turns":5},{"damage":0,"enemies":"R_Hoarder","floor":40,"turns":1},{"damage":0,"enemies":"Sphere and 2 Shapes","floor":41,"turns":1},{"damage":0,"enemies":"Maw","floor":42,"turns":1},{"damage":0,"enemies":"HollowMod:StalkingDevout","floor":45,"turns":1},{"damage":0,"enemies":"Giant Head","floor":47,"turns":1},{"damage":0,"enemies":"Spire Growth","floor":48,"turns":1},{"damage":0,"enemies":"Donu and Deca","floor":50,"turns":1},{"damage":0,"enemies":"Donu and Deca","floor":51,"turns":1},{"damage":0,"enemies":"Donu and Deca","floor":52,"turns":1},{"damage":0,"enemies":"Donu and Deca","floor":56,"turns":3},{"damage":119,"enemies":"paleoftheancients:N","floor":60,"turns":3}],"seed_played":"-5115888812534357284","potions_obtained":[{"floor":1,"key":"PotionOfCapacity"},{"floor":5,"key":"FocusPotion"},{"floor":6,"key":"Fire Potion"},{"floor":18,"key":"jedi:StrikingPotion"},{"floor":21,"key":"Elixir"},{"floor":23,"key":"Reflective Coating"},{"floor":29,"key":"Energy Potion"},{"floor":33,"key":"jedi:tentaclejuice"},{"floor":39,"key":"jedi:wingpotion"}],"is_trial":false,"path_per_floor":["M","M","?","M","M","E","M","M","T","$","R","M","E","M","R","B",null,"M","?","$","M","M","E","R","E","T","R","$","E","M","M","R_BF","B",null,"M","M","$","$","M","E","M","M","T","R","E","R","E","M","R","B","M","M","$","T","R","M","R","T","?","B",null],"character_chosen":"DEFECT","items_purchased":["AT_ThreeBodyProblem","Ball Lightning","Cold Snap","jedi:ominousloannote","BasicCrystalCard","Replay:Bandana","aspiration:HiddenCompartment","Static Discharge+1","Coolheaded+1","Capacitor","MostiFishMod:ReadyAimFire","Skim","Finesse","Sweeping Beam","Hologram","BasicCrystalCard","SynthV:MejaisSoulstealer","Membership Card"],"campfire_rested":1,"item_purchase_floors":[10,10,11,11,15,15,20,20,24,27,27,28,37,37,37,38,38,38],"current_hp_per_floor":[75,75,75,75,75,75,75,75,75,75,75,75,75,75,75,75,75,75,75,75,75,75,75,75,75,75,75,75,77,79,79,79,79,79,60,60,60,60,737,739,741,743,743,743,743,743,745,747,747,913,915,915,915,915,915,915,915,915,915,856],"gold":96621,"neow_bonus":"THREE_CARDS","is_daily":false,"chose_seed":false,"campfire_upgraded":1,"win_rate":0.0,"timestamp":1613416592,"path_taken":["M","M","?","M","M","E","M","M","T","$","R","?","E","M","R","BOSS","M","?","$","M","M","E","R","E","T","R","$","E","M","M","R_BF","BOSS","M","M","?","$","M","E","M","M","T","R","E","R","E","M","R","BOSS","M","M","?","T","R","M","R","T","?","BOSS"],"items_purchased_type":["Card","Card","Card","Relic","Card","Relic","Relic","Card","Card","Card","Card","Card","Card","Card","Card","Card","Relic","Relic"],"build_version":"2020-12-22","purchased_purges":10,"victory":true,"max_hp_per_floor":[75,75,75,75,75,75,75,75,75,75,75,75,75,75,75,75,75,75,75,75,75,75,75,75,75,75,75,75,77,79,79,79,79,79,81,81,81,81,860,862,864,866,866,866,866,866,868,870,870,913,915,915,915,915,915,915,915,915,915,915],"relic_stats":{"Singing Bowl":20,"counters":[34,42],"Blue Candle":[0],"obtain_stats":[{"AT_ATBox":0,"DaveBox":0,"Singing Bowl":26,"Runesmith:Locket":9,"DemoMod:GlassGuonStoneRelic":1,"testmod-RandomTest":6,"Replay:Bandana":15,"Matryoshka":23,"jedi:paperlyon":34,"aspiration:ArtOfWarUpgrade":46,"DemoMod:MeltedRock":58,"HollowMod:PaleOreRelic":47,"Cracked Core":0,"qcfpunch:Chain_With_Nametags":54,"paleoftheancients:KeyRelic":50,"testmod-TestBox":0,"SynthV:MejaisSoulstealer":38,"Blue Candle":43,"jedi:crownofsimplicity":25,"reliquary:Spinner":43,"aspiration:HiddenCompartment":20,"Akabeko":40,"paleoftheancients:Timepiece":50,"Pondfish Scales":29,"SynthV:TestCard":1,"jedi:ominousloannote":11,"BionicSphere":0,"CultistMask":50,"Art of War":13,"Membership Card":38,"REME_ComplimentaryCards":0,"paleoftheancients:SoulOfTheIroncluck":51},{"AT_ATBox":0,"DaveBox":0,"Singing Bowl":16,"Runesmith:Locket":7,"DemoMod:GlassGuonStoneRelic":1,"testmod-RandomTest":5,"Replay:Bandana":10,"Matryoshka":15,"jedi:paperlyon":20,"aspiration:ArtOfWarUpgrade":27,"DemoMod:MeltedRock":33,"HollowMod:PaleOreRelic":28,"Cracked Core":0,"qcfpunch:Chain_With_Nametags":32,"paleoftheancients:KeyRelic":30,"testmod-TestBox":0,"SynthV:MejaisSoulstealer":22,"Blue Candle":26,"jedi:crownofsimplicity":16,"reliquary:Spinner":26,"aspiration:HiddenCompartment":12,"Akabeko":24,"paleoftheancients:Timepiece":30,"Pondfish Scales":17,"SynthV:TestCard":1,"jedi:ominousloannote":7,"BionicSphere":0,"CultistMask":30,"Art of War":9,"Membership Card":22,"REME_ComplimentaryCards":0,"paleoftheancients:SoulOfTheIroncluck":31},{"AT_ATBox":0,"DaveBox":0,"Singing Bowl":15,"Runesmith:Locket":7,"DemoMod:GlassGuonStoneRelic":1,"testmod-RandomTest":5,"Replay:Bandana":10,"Matryoshka":15,"jedi:paperlyon":19,"aspiration:ArtOfWarUpgrade":31,"DemoMod:MeltedRock":39,"HollowMod:PaleOreRelic":32,"Cracked Core":0,"qcfpunch:Chain_With_Nametags":36,"paleoftheancients:KeyRelic":34,"testmod-TestBox":0,"SynthV:MejaisSoulstealer":23,"Blue Candle":31,"jedi:crownofsimplicity":15,"reliquary:Spinner":31,"aspiration:HiddenCompartment":12,"Akabeko":29,"paleoftheancients:Timepiece":34,"Pondfish Scales":16,"SynthV:TestCard":1,"jedi:ominousloannote":7,"BionicSphere":0,"CultistMask":34,"Art of War":9,"Membership Card":23,"REME_ComplimentaryCards":0,"paleoftheancients:SoulOfTheIroncluck":35}]},"card_choices":[{"not_picked":["Streamline","jedi:blockon"],"picked":"Fusion","floor":0},{"not_picked":["Go for the Eyes","MostiFishMod:PushDownKick"],"picked":"Tempest","floor":1},{"not_picked":["Hologram","jedi:blockon","Sweeping Beam","AT_HeatAcrobatics"],"picked":"BasicCrystalCard","floor":2},{"not_picked":["Leap","Sweeping Beam","Doom and Gloom","Cold Snap"],"picked":"Coolheaded","floor":4},{"not_picked":["Scrape","AT_DarkMatter","Steam","jedi:BurstLightning"],"picked":"Turbo","floor":5},{"not_picked":["Streamline","Reprogram","Rebound","jedi:reiji","ReplayGash"],"picked":"SKIP","floor":6},{"not_picked":["Beam Cell","Compile Driver","Redo","Recycle"],"picked":"Coolheaded","floor":7},{"not_picked":["jedi:spotbugs","Force Field","ReplayTheSpireMod:Fabricate Wheel","AT_HeatAcrobatics"],"picked":"Cold Snap","floor":8},{"not_picked":["AT_HeatAcrobatics","Hologram","Sweeping Beam","Melter"],"picked":"Cold Snap","floor":12},{"not_picked":["REME_Shoggoth","Leap","MostiFishMod:IceShield","Conserve Battery"],"picked":"BasicCrystalCard","floor":13},{"not_picked":["jedi:BurstLightning","ReplayTheSpireMod:Repulse","Auto Shields","Barrage","Leap"],"picked":"SKIP","floor":14},{"not_picked":["MostiFishMod:InterfaceCompatibility","Machine Learning","Electrodynamics","Buffer"],"picked":"Echo Form","floor":16},{"not_picked":["Hologram","Steam","Redo","Heatsinks"],"picked":"Fusion","floor":18},{"not_picked":["MostiFishMod:ActiveDefenseSystem","jedi:BurstFrost+1","Streamline","Genetic Algorithm"],"picked":"Time Bomb","floor":21},{"not_picked":["MostiFishMod:PushDownKick","Barrage","AT_StudyProgram","Conserve Battery","AT_HeatAcrobatics"],"picked":"SKIP","floor":22},{"not_picked":["Conserve Battery","Reinforced Body","Ball Lightning","Storm","aspiration:Polymerization+1"],"picked":"SKIP","floor":23},{"not_picked":["Streamline","Gash","AT_HeatAcrobatics","Stack","Turbo"],"picked":"SKIP","floor":25},{"not_picked":["Hologram","Hello World","Core Surge","Steam","Cold Snap+1"],"picked":"Singing Bowl","floor":29},{"not_picked":["Tempest","jedi:BurstFrost+1","Chill","Rebound","Steam"],"picked":"Singing Bowl","floor":30},{"not_picked":["Auto Shields","Panic Button","Lockon","Reprogram"],"picked":"Sweeping Beam+1","floor":31},{"not_picked":["Buffer","REME_ForAll","MostiFishMod:Prepare","MostiFishMod:ATRI"],"picked":"ReplayRNGCard","floor":33},{"not_picked":["Beam Cell","Compile Driver","Go for the Eyes+1","jedi:reiji","jedi:BurstLightning+1"],"picked":"Singing Bowl","floor":35},{"not_picked":["jedi:BurstFrost","AT_DarkMatter+1","MostiFishMod:ReadyAimFire","Reprogram+1"],"picked":"ReplayTheSpireMod:Dual Polarity+1","floor":36},{"not_picked":["jedi:blockon+1","MostiFishMod:PushDownKick","Gash","Steam","AT_WarpDrive"],"picked":"Singing Bowl","floor":39},{"not_picked":["jedi:BurstLightning","Undo+1","Gash+1","jedi:BurstFrost","Force Field"],"picked":"Singing Bowl","floor":40},{"not_picked":["Compile Driver","Sweeping Beam+1","Beam Cell","jedi:hex","Storm"],"picked":"Singing Bowl","floor":41},{"not_picked":["Coolheaded+1","jedi:reiji+1","Self Repair+1","Compile Driver","Steam Power+1"],"picked":"Singing Bowl","floor":42},{"not_picked":["jedi:BurstFrost","BootSequence","Panic Button+1","Conserve Battery","Rip and Tear+1"],"picked":"SKIP","floor":45},{"not_picked":["Beam Cell+1","Streamline","ReplayGash","Leap+1","REME_ForAll"],"picked":"Singing Bowl","floor":47},{"not_picked":["Ball Lightning","Skim","BasicCrystalCard+1","Sweeping Beam+1","Streamline+1"],"picked":"Singing Bowl","floor":48},{"not_picked":["Steam Power+1","AT_ThreeBodyProblem+1","Biased Cognition","Sunder","Conserve Battery"],"picked":"Singing Bowl","floor":51},{"not_picked":["Undo+1","jedi:BurstLightning","Self Repair","White Noise+1"],"picked":"Ball Lightning","floor":52},{"not_picked":["Streamline+1","jedi:blockon+1","jedi:BurstFrost","BootSequence"],"picked":"Rip and Tear+1","floor":56}],"player_experience":564333,"relics_obtained":[{"floor":1,"key":"SynthV:TestCard"},{"floor":6,"key":"testmod-RandomTest"},{"floor":9,"key":"Runesmith:Locket"},{"floor":13,"key":"Art of War"},{"floor":23,"key":"Matryoshka"},{"floor":25,"key":"jedi:crownofsimplicity"},{"floor":26,"key":"Singing Bowl"},{"floor":29,"key":"Pondfish Scales"},{"floor":40,"key":"Akabeko"},{"floor":43,"key":"reliquary:Spinner"},{"floor":43,"key":"Blue Candle"},{"floor":47,"key":"HollowMod:PaleOreRelic"},{"floor":51,"key":"paleoftheancients:SoulOfTheIroncluck"},{"floor":52,"key":"paleoftheancients:SoulOfTheShowman"},{"floor":54,"key":"qcfpunch:Chain_With_Nametags"},{"floor":58,"key":"DemoMod:MeltedRock"}],"event_choices":[{"damage_healed":0,"gold_gain":0,"player_choice":"Bought 3 Potions","damage_taken":0,"max_hp_gain":0,"max_hp_loss":0,"event_name":"The Woman in Blue","floor":3,"gold_loss":0},{"cards_removed":["Defend_B"],"damage_healed":0,"gold_gain":0,"player_choice":"Upgrade and Remove","damage_taken":0,"max_hp_gain":0,"max_hp_loss":0,"event_name":"Designer","floor":19,"gold_loss":90,"cards_upgraded":["Turbo"]}],"is_beta":false,"boss_relics":[{"not_picked":["conspire:SeveredTorchhead","Ring of Chaos","conspire:RunicOctahedron"]},{"not_picked":["conspire:RoyalGoblet","conspire:SlowCooker"],"picked":"jedi:paperlyon"}],"items_purged_floors":[20,20,24,24,27,28,28,37,38,38],"is_endless":false,"potions_floor_spawned":[1,5,6,13,14,16,18,21,23,29,33,39,42,47,48,52],"ascension_level":3}}