{"host":"btkbr53c3gip0r7d","time":1613368493,"event":{"mods":["BaseMod","Better Altar","Better Match","Better Note","Better Sensory Stone","Better Skull","Better Third Choice","Colored Map","Curses Come First","Downfall","Minty Spire (QoL Compilation)","StSLib","The Cursed","The Marked"],"gold_per_floor":[0,13,463,483,483,353,353,378,378,411,411,426,446,474,489,489,489,489],"floor_reached":16,"language":"ENG","playtime":1921,"items_purged":["downfall:Icky"],"score":132,"play_id":"b14c65b3-9db6-4955-abb7-92fe89a8ad5d","local_time":"20210214225453","is_ascension_mode":true,"campfire_choices":[{"data":"Master of Strategy","floor":1,"key":"SMITH"},{"floor":11,"key":"REST"}],"circlet_count":0,"master_deck":["Guardian:Strike_Guardian","Guardian:Strike_Guardian","Guardian:Strike_Guardian","Guardian:Strike_Guardian","Guardian:Defend_Guardian","Guardian:Defend_Guardian","Guardian:Defend_Guardian","Guardian:Defend_Guardian","Guardian:CurlUp","Guardian:TwinSlam","Master of Strategy+1","Guardian:ArmoredProtocol","downfall:Icky","Guardian:ArmoredProtocol","Guardian:Repulse","Guardian:MultiBeam","Guardian:ArmoredProtocol","Guardian:PrismaticBeam","Guardian:Emergency","Guardian:Gem_Crimson","Guardian:DonusPower","Guardian:TemporalShield"],"relics":["Guardian:ModeShifter","Blue Candle","Bronze Scales","Guardian:PickAxe","sneckomod:BlankCard","Juzu Bracelet"],"acts_visited":["Exordium"],"potions_floor_usage":[14,15,16,16],"damage_taken":[{"damage":3,"enemies":"Jaw Worm","floor":2,"turns":5},{"damage":1,"enemies":"Small Slimes","floor":4,"turns":6},{"damage":0,"enemies":"downfall:FleeingMerchant","floor":6,"turns":4},{"damage":39,"enemies":"Lagavulin","floor":8,"turns":13},{"damage":0,"enemies":"Lagavulin","floor":9,"turns":3},{"damage":21,"enemies":"3 Sentries","floor":10,"turns":10},{"damage":0,"enemies":"Cultist","floor":12,"turns":3},{"damage":1,"enemies":"downfall:LooterAlt","floor":13,"turns":3},{"damage":18,"enemies":"Gremlin Nob","floor":14,"turns":4},{"damage":7,"enemies":"3 Louse","floor":15,"turns":2},{"damage":16,"enemies":"IC_STATUS_ARCHETYPE","floor":16,"turns":4}],"seed_played":"841184574461719489","potions_obtained":[{"floor":8,"key":"Guardian:DefensiveModePotion"},{"floor":12,"key":"SneckoOil"},{"floor":14,"key":"SkillPotion"},{"floor":15,"key":"hexamod:SoulburnPotion"}],"is_trial":false,"path_per_floor":["R","M","?","M","?","$","T","E","?","E","R","M","M","E","M","B"],"character_chosen":"GUARDIAN","items_purchased":["Guardian:MultiBeam"],"campfire_rested":1,"item_purchase_floors":[6],"current_hp_per_floor":[80,77,77,76,76,76,76,37,25,4,28,28,27,9,2,0,0,0],"gold":489,"neow_bonus":"RANDOM_COLORLESS_2","is_daily":false,"chose_seed":false,"campfire_upgraded":1,"win_rate":0.0,"timestamp":1613368493,"path_taken":["R","M","?","M","?","$","T","E","?","E","R","M","M","E","M","BOSS"],"items_purchased_type":["Card"],"build_version":"2020-12-22","purchased_purges":1,"victory":false,"max_hp_per_floor":[80,80,80,80,80,80,80,80,80,80,80,80,80,80,80,80,80,80],"card_choices":[{"not_picked":["Violence","Sadistic Nature"],"picked":"Master of Strategy","floor":0},{"not_picked":["Guardian:CrystalBeam","Guardian:PrimingBeam"],"picked":"Guardian:ArmoredProtocol","floor":2},{"not_picked":["Guardian:WalkerClaw","Guardian:Gem_Crimson"],"picked":"Guardian:ArmoredProtocol","floor":4},{"not_picked":["Guardian:TimeCapacitor","Guardian:PolyBeam"],"picked":"Guardian:Repulse","floor":6},{"not_picked":["Guardian:Gem_Cyan","Guardian:Reroute"],"picked":"Guardian:ArmoredProtocol","floor":8},{"not_picked":["Guardian:ShieldSpikes","Guardian:Repulse"],"picked":"Guardian:PrismaticBeam","floor":10},{"not_picked":["Guardian:Gem_Green","Guardian:CrystalBeam"],"picked":"Guardian:Emergency","floor":12},{"not_picked":["Guardian:ShieldCharger","Guardian:WalkerClaw"],"picked":"Guardian:Gem_Crimson","floor":13},{"not_picked":["Guardian:TemporalShield","Guardian:Gem_Red"],"picked":"Guardian:DonusPower","floor":14},{"not_picked":["Guardian:Gem_Crimson","Guardian:Gem_Green"],"picked":"Guardian:TemporalShield","floor":15}],"player_experience":1454052,"relics_obtained":[{"floor":7,"key":"Blue Candle"},{"floor":8,"key":"Bronze Scales"},{"floor":10,"key":"sneckomod:BlankCard"},{"floor":14,"key":"Juzu Bracelet"}],"event_choices":[{"cards_removed":["downfall:Icky"],"damage_healed":0,"gold_gain":0,"player_choice":"Card Removal","damage_taken":0,"max_hp_gain":0,"max_hp_loss":0,"event_name":"The Cleric","floor":5,"gold_loss":0}],"is_beta":false,"boss_relics":[],"items_purged_floors":[6],"is_endless":false,"potions_floor_spawned":[8,12,14,15],"killed_by":"IC_STATUS_ARCHETYPE","ascension_level":2}}