{"host":"krw8blyxua7at9ak","time":1613413511,"event":{"mods":["BaseMod","Highlight Path","Minty Spire (QoL Compilation)","ojb\u0027s Info Mod"],"gold_per_floor":[211,230,38,38,52,85,95,126,149,163,190,190,23,35,35,112,112,124,143,155,169,0,14,29,29,29],"floor_reached":25,"language":"ENG","playtime":1203,"items_purged":["Strike_G"],"score":458,"play_id":"57d3e39a-e54a-4ab0-a2ef-a59e29670058","local_time":"20210215192511","is_ascension_mode":true,"campfire_choices":[{"data":"Dash","floor":12,"key":"SMITH"},{"data":"Doppelganger","floor":15,"key":"SMITH"}],"circlet_count":0,"master_deck":["AscendersBane","Strike_G","Strike_G","Strike_G","Strike_G+1","Defend_G","Defend_G","Defend_G","Defend_G","Defend_G","Survivor","Neutralize","Dagger Spray","Dagger Throw+1","Predator","Dash+1","Underhanded Strike","Doppelganger+1","After Image","Flying Knee+1","Adrenaline","Sucker Punch+1","Backflip+1"],"relics":["Ring of the Snake","Membership Card","Lizard Tail","Centennial Puzzle","Ancient Tea Set","Lee\u0027s Waffle","Whetstone","Coffee Dripper","Toxic Egg 2"],"acts_visited":["Exordium","TheCity"],"potions_floor_usage":[6,7,8,9,16,19,21,21,25,25],"damage_taken":[{"damage":11,"enemies":"Cultist","floor":1,"turns":6},{"damage":0,"enemies":"2 Louse","floor":2,"turns":4},{"damage":3,"enemies":"Jaw Worm","floor":5,"turns":9},{"damage":12,"enemies":"3 Sentries","floor":6,"turns":7},{"damage":7,"enemies":"Lots of Slimes","floor":7,"turns":3},{"damage":32,"enemies":"Gremlin Nob","floor":8,"turns":4},{"damage":3,"enemies":"Blue Slaver","floor":10,"turns":7},{"damage":26,"enemies":"Lagavulin","floor":11,"turns":9},{"damage":0,"enemies":"Red Slaver","floor":14,"turns":3},{"damage":45,"enemies":"Hexaghost","floor":16,"turns":9},{"damage":10,"enemies":"Chosen","floor":18,"turns":4},{"damage":1,"enemies":"2 Thieves","floor":19,"turns":4},{"damage":6,"enemies":"Centurion and Healer","floor":20,"turns":4},{"damage":12,"enemies":"3 Cultists","floor":21,"turns":5},{"damage":13,"enemies":"Snake Plant","floor":23,"turns":4},{"damage":3,"enemies":"Snecko","floor":24,"turns":4},{"damage":22,"enemies":"Slavers","floor":25,"turns":5}],"seed_played":"1315894014219759407","potions_obtained":[{"floor":6,"key":"SpeedPotion"},{"floor":7,"key":"Swift Potion"},{"floor":8,"key":"Fruit Juice"},{"floor":11,"key":"PowerPotion"},{"floor":14,"key":"EntropicBrew"},{"floor":18,"key":"DistilledChaos"},{"floor":23,"key":"SpeedPotion"}],"is_trial":false,"path_per_floor":["M","M","$","$","M","E","M","E","T","M","E","R","$","M","R","B",null,"M","M","M","M","$","M","M","E"],"character_chosen":"THE_SILENT","items_purchased":["Membership Card","Strength Potion","Lee\u0027s Waffle","Whetstone","Toxic Egg 2"],"campfire_rested":0,"item_purchase_floors":[3,3,13,13,22],"current_hp_per_floor":[48,48,48,48,45,33,26,33,38,35,9,9,78,78,78,33,67,57,56,50,38,38,25,22,0,0],"gold":29,"neow_bonus":"HUNDRED_GOLD","is_daily":false,"chose_seed":false,"campfire_upgraded":2,"win_rate":0.0,"timestamp":1613413511,"path_taken":["M","M","?","$","M","E","M","E","T","M","E","R","$","M","R","BOSS","M","M","M","?","$","M","M","E"],"items_purchased_type":["Relic","Potion","Relic","Relic","Relic"],"build_version":"2020-12-22","purchased_purges":1,"victory":false,"max_hp_per_floor":[66,66,66,66,66,66,66,66,71,71,71,71,78,78,78,78,78,78,78,78,78,78,78,78,78,78],"card_choices":[{"not_picked":["Quick Slash","Outmaneuver"],"picked":"Dagger Spray","floor":1},{"not_picked":["Escape Plan","Outmaneuver","Deflect"],"picked":"SKIP","floor":2},{"not_picked":["Bane","Sucker Punch"],"picked":"Dagger Throw","floor":5},{"not_picked":["Tactician","Bane","Dagger Spray"],"picked":"SKIP","floor":6},{"not_picked":["Malaise","Finisher"],"picked":"Predator","floor":7},{"not_picked":["Well Laid Plans","Dodge and Roll","Caltrops"],"picked":"SKIP","floor":8},{"not_picked":["Catalyst","Finisher"],"picked":"Dash","floor":10},{"not_picked":["Heel Hook","Prepared"],"picked":"Underhanded Strike","floor":11},{"not_picked":["Calculated Gamble","Dodge and Roll"],"picked":"Doppelganger","floor":14},{"not_picked":["Malaise","Grand Finale"],"picked":"After Image","floor":16},{"not_picked":["Well Laid Plans","Bouncing Flask","Flying Knee"],"picked":"SKIP","floor":18},{"not_picked":["Bane","Deflect"],"picked":"Flying Knee+1","floor":19},{"not_picked":["Expertise","Quick Slash","Caltrops"],"picked":"SKIP","floor":20},{"not_picked":["Underhanded Strike","Deflect"],"picked":"Adrenaline","floor":21},{"not_picked":["Dodge and Roll+1","Deflect+1"],"picked":"Sucker Punch+1","floor":23},{"not_picked":["Underhanded Strike+1","Distraction+1"],"picked":"Backflip+1","floor":24}],"player_experience":414727,"relics_obtained":[{"floor":6,"key":"Lizard Tail"},{"floor":8,"key":"Centennial Puzzle"},{"floor":11,"key":"Ancient Tea Set"}],"event_choices":[],"is_beta":false,"boss_relics":[{"not_picked":["Astrolabe","Velvet Choker"],"picked":"Coffee Dripper"}],"items_purged_floors":[22],"is_endless":false,"potions_floor_spawned":[6,7,8,11,14,18,23],"killed_by":"Slavers","ascension_level":20}}