{"host":"s41rn2jhghpwfrvz","time":1613431034,"event":{"mods":["BaseMod","Minty Spire (QoL Compilation)","Quick Restart","Relic Stats","SuperFastMode"],"gold_per_floor":[111,126,137,62,62,62,88,101,101,126,156,81,100,0,0,78,78,98,98,98,133,151,180,180,214,214,249,264,37,48,74,74,152,152,171,171,202,127,154,154,183,183,208,237,66,80,106,117,117,117,117,117,117,17,45,45],"floor_reached":57,"language":"ENG","playtime":1265,"items_purged":["Conclude","Tactician","Halt","Carnage","Beam Cell+1","Tactician+1"],"score":3943,"play_id":"fdda101a-8b0e-46b2-92d3-b5f8d203d2b8","local_time":"20210216011714","daily_mods":["SealedDeck","Diverse","DeadlyEvents"],"is_ascension_mode":true,"campfire_choices":[{"data":"Pommel Strike","floor":6.0,"key":"SMITH"},{"data":"Prostrate","floor":15.0,"key":"SMITH"},{"data":"Footwork","floor":32.0,"key":"SMITH"},{"floor":40,"key":"RECALL"},{"data":"Backflip","floor":42,"key":"SMITH"},{"data":"Malaise","floor":49,"key":"SMITH"},{"data":"Tactician","floor":53,"key":"SMITH"}],"circlet_count":0,"master_deck":["AscendersBane","Footwork+1","Prostrate+1","Dagger Throw","Pommel Strike+1","Grand Finale+1","Malaise+1","Backflip+1"],"relics":["Burning Blood","Anchor","Self Forming Clay","Gambling Chip","Thread and Needle","Runic Pyramid","Bag of Marbles","Regal Pillow","Kunai","Magic Flower","Oddly Smooth Stone","Sundial","Membership Card","HornCleat","Runic Cube","Toy Ornithopter","Bottled Lightning","Whetstone","CeramicFish","ClockworkSouvenir","Bag of Preparation","Nunchaku"],"acts_visited":["Exordium","TheCity","TheBeyond","TheEnding"],"potions_floor_usage":[56,56],"damage_taken":[{"damage":7.0,"enemies":"2 Louse","floor":1.0,"turns":2.0},{"damage":6.0,"enemies":"Jaw Worm","floor":2.0,"turns":2.0},{"damage":14.0,"enemies":"Small Slimes","floor":3.0,"turns":3.0},{"damage":14.0,"enemies":"3 Sentries","floor":7.0,"turns":6.0},{"damage":5.0,"enemies":"3 Louse","floor":8.0,"turns":2.0},{"damage":8.0,"enemies":"Gremlin Nob","floor":10.0,"turns":3.0},{"damage":16.0,"enemies":"Lagavulin","floor":11.0,"turns":5.0},{"damage":0.0,"enemies":"Red Slaver","floor":13.0,"turns":2.0},{"damage":11.0,"enemies":"Hexaghost","floor":16.0,"turns":5.0},{"damage":0.0,"enemies":"Spheric Guardian","floor":18.0,"turns":1.0},{"damage":5.0,"enemies":"Book of Stabbing","floor":21.0,"turns":4.0},{"damage":0.0,"enemies":"Shell Parasite","floor":22.0,"turns":1.0},{"damage":0.0,"enemies":"Gremlin Leader","floor":23.0,"turns":2.0},{"damage":0.0,"enemies":"Slavers","floor":25.0,"turns":1.0},{"damage":0.0,"enemies":"Book of Stabbing","floor":27.0,"turns":4.0},{"damage":0.0,"enemies":"3 Cultists","floor":28.0,"turns":2.0},{"damage":0.0,"enemies":"Shelled Parasite and Fungi","floor":30.0,"turns":2.0},{"damage":0.0,"enemies":"Slavers","floor":31.0,"turns":1.0},{"damage":0.0,"enemies":"Collector","floor":33.0,"turns":4.0},{"damage":0.0,"enemies":"3 Darklings","floor":35.0,"turns":1.0},{"damage":1,"enemies":"Nemesis","floor":37,"turns":3},{"damage":0,"enemies":"Reptomancer","floor":41,"turns":2},{"damage":0,"enemies":"Giant Head","floor":44,"turns":2},{"damage":0,"enemies":"3 Shapes","floor":46,"turns":1},{"damage":0,"enemies":"Nemesis","floor":47,"turns":1},{"damage":0,"enemies":"Spire Growth","floor":48,"turns":1},{"damage":0,"enemies":"Time Eater","floor":50,"turns":1},{"damage":0,"enemies":"Donu and Deca","floor":51,"turns":1},{"damage":0,"enemies":"Shield and Spear","floor":55,"turns":1},{"damage":0,"enemies":"The Heart","floor":56,"turns":5}],"seed_played":"6390815433616390029","potions_obtained":[{"floor":1.0,"key":"Block Potion"},{"floor":2.0,"key":"CultistPotion"},{"floor":3.0,"key":"Fruit Juice"},{"floor":13.0,"key":"Block Potion"},{"floor":16.0,"key":"Ancient Potion"},{"floor":18.0,"key":"Swift Potion"},{"floor":23.0,"key":"SpeedPotion"}],"is_trial":true,"path_per_floor":["M","M","M","?","?","R","E","M","T","E","E","$","M","$","R","B",null,"M","?","?","E","M","E","T","E","T","E","M","$","M","E","R","B",null,"M","?","E","$","T","R","E","R","T","E","$","M","E","M","R","B","B",null,"R","$","E","B",null],"character_chosen":"IRONCLAD","items_purchased":["Membership Card","ClockworkSouvenir"],"campfire_rested":0,"item_purchase_floors":[29,45],"current_hp_per_floor":[67,67,59,59,64,64,56,57,57,55,45,45,56,56,56,51,77,83,83,83,84,85,85,85,85,85,85,85,85,85,85,85,85,85,85,85,85,85,85,85,85,85,85,85,85,85,85,85,85,85,85,85,85,85,85,85],"gold":45,"neow_bonus":"","is_daily":false,"chose_seed":false,"campfire_upgraded":6,"win_rate":0.0,"timestamp":1613431034,"path_taken":["M","M","M","?","?","R","E","M","T","?","E","?","M","$","R","BOSS","M","?","?","?","M","E","?","E","T","E","?","$","M","?","R","BOSS","M","?","?","?","?","R","E","R","T","E","$","?","?","M","R","BOSS","BOSS","R","$","E","BOSS"],"items_purchased_type":["Relic","Relic"],"build_version":"2020-12-22","purchased_purges":6,"victory":true,"max_hp_per_floor":[75,75,75,75,80,80,80,80,80,80,80,80,85,85,85,85,85,85,85,85,85,85,85,85,85,85,85,85,85,85,85,85,85,85,85,85,85,85,85,85,85,85,85,85,85,85,85,85,85,85,85,85,85,85,85,85],"relic_stats":{"Regal Pillow":0,"counters":[30,71],"Self Forming Clay":[21],"CeramicFish":0,"Magic Flower":[0],"Bag of Preparation":[10],"Whetstone":["Beam Cell","Grand Finale"],"Burning Blood":68,"Nunchaku":[3],"Sundial":[84],"Gambling Chip":[58],"Kunai":[31],"obtain_stats":[{"Regal Pillow":23,"Self Forming Clay":9,"CeramicFish":44,"Magic Flower":25,"Oddly Smooth Stone":26,"Thread and Needle":11,"Bag of Preparation":47,"Whetstone":43,"Burning Blood":0,"ClockworkSouvenir":45,"Anchor":7,"Nunchaku":55,"HornCleat":31,"Sundial":27,"Gambling Chip":10,"Bag of Marbles":21,"Kunai":24,"Membership Card":29,"Bottled Lightning":41,"Toy Ornithopter":37,"Runic Pyramid":17,"Runic Cube":34},{"Regal Pillow":13,"Self Forming Clay":5,"CeramicFish":23,"Magic Flower":14,"Oddly Smooth Stone":14,"Thread and Needle":7,"Bag of Preparation":25,"Whetstone":22,"Burning Blood":0,"ClockworkSouvenir":23,"Anchor":4,"Nunchaku":29,"HornCleat":18,"Sundial":15,"Gambling Chip":6,"Bag of Marbles":11,"Kunai":13,"Membership Card":16,"Bottled Lightning":22,"Toy Ornithopter":21,"Runic Pyramid":9,"Runic Cube":19},{"Regal Pillow":38,"Self Forming Clay":15,"CeramicFish":60,"Magic Flower":39,"Oddly Smooth Stone":39,"Thread and Needle":23,"Bag of Preparation":62,"Whetstone":58,"Burning Blood":0,"ClockworkSouvenir":60,"Anchor":13,"Nunchaku":66,"HornCleat":48,"Sundial":43,"Gambling Chip":18,"Bag of Marbles":35,"Kunai":38,"Membership Card":45,"Bottled Lightning":58,"Toy Ornithopter":56,"Runic Pyramid":30,"Runic Cube":52}],"Toy Ornithopter":0,"Runic Cube":[1]},"card_choices":[{"not_picked":["Poisoned Stab","Rebound"],"picked":"Pommel Strike","floor":1.0},{"not_picked":["Entrench","Pray"],"picked":"Undo","floor":2.0},{"not_picked":["Study","Power Through","Blizzard"],"picked":"SKIP","floor":3.0},{"not_picked":["Bouncing Flask","PiercingWail","Blade Dance"],"picked":"SKIP","floor":7.0},{"not_picked":["Perfected Strike","PathToVictory","FlyingSleeves"],"picked":"SKIP","floor":8.0},{"not_picked":["Vengeance","Prostrate","Beam Cell"],"picked":"SKIP","floor":10.0},{"not_picked":["Crescendo","Poisoned Stab","WheelKick"],"picked":"SKIP","floor":11.0},{"not_picked":["Vengeance","EmptyFist","Sucker Punch"],"picked":"SKIP","floor":13.0},{"not_picked":["Judgement","Establishment"],"picked":"Grand Finale","floor":16.0},{"not_picked":["Outmaneuver","EmptyMind+1","Prostrate"],"picked":"SKIP","floor":18.0},{"not_picked":["Auto Shields","Choke","PiercingWail"],"picked":"SKIP","floor":21.0},{"not_picked":["Redo","Double Energy","Conserve Battery"],"picked":"SKIP","floor":22.0},{"not_picked":["Ball Lightning","Worship","Iron Wave"],"picked":"SKIP","floor":23.0},{"not_picked":["Sweeping Beam","Expertise","Barricade"],"picked":"SKIP","floor":25.0},{"not_picked":["Wild Strike","Armaments"],"picked":"Backflip","floor":27.0},{"not_picked":["Terror+1","EmptyFist","Stack"],"picked":"SKIP","floor":28.0},{"not_picked":["Compile Driver","Genetic Algorithm","FollowUp"],"picked":"SKIP","floor":30.0},{"not_picked":["Slice+1","Corpse Explosion","Steam+1"],"picked":"SKIP","floor":31.0},{"not_picked":["PathToVictory","Darkness","Scrape"],"picked":"SKIP","floor":35.0},{"not_picked":["Entrench","Aggregate+1","True Grit"],"picked":"SKIP","floor":37},{"not_picked":["Genetic Algorithm","Thunderclap","SignatureMove+1"],"picked":"SKIP","floor":41},{"not_picked":["Disarm","ClearTheMind","Fusion+1"],"picked":"SKIP","floor":44},{"not_picked":["Seeing Red","Body Slam","Conserve Battery"],"picked":"SKIP","floor":46},{"not_picked":["Bloodletting","Redo","Inflame"],"picked":"SKIP","floor":47},{"not_picked":["Dagger Throw","Dodge and Roll","Defragment"],"picked":"SKIP","floor":48},{"not_picked":["Stack","Brutality","Leg Sweep"],"picked":"SKIP","floor":55}],"player_experience":1922230,"relics_obtained":[{"floor":7.0,"key":"Anchor"},{"floor":9.0,"key":"Self Forming Clay"},{"floor":10.0,"key":"Gambling Chip"},{"floor":11.0,"key":"Thread and Needle"},{"floor":21.0,"key":"Bag of Marbles"},{"floor":23.0,"key":"Regal Pillow"},{"floor":24.0,"key":"Kunai"},{"floor":25.0,"key":"Magic Flower"},{"floor":26.0,"key":"Oddly Smooth Stone"},{"floor":27.0,"key":"Sundial"},{"floor":31.0,"key":"HornCleat"},{"floor":37,"key":"Toy Ornithopter"},{"floor":41,"key":"Bottled Lightning"},{"floor":43,"key":"Whetstone"},{"floor":44,"key":"CeramicFish"},{"floor":47,"key":"Bag of Preparation"},{"floor":55,"key":"Nunchaku"}],"event_choices":[{"cards_removed":["Concentrate"],"damage_healed":0.0,"max_hp_gain":0.0,"max_hp_loss":0.0,"gold_gain":0.0,"event_name":"The Cleric","player_choice":"Card Removal","floor":4.0,"gold_loss":75.0,"damage_taken":0.0},{"damage_healed":0.0,"max_hp_gain":5.0,"max_hp_loss":0.0,"gold_gain":0.0,"event_name":"Big Fish","player_choice":"Donut","floor":5.0,"gold_loss":0.0,"damage_taken":0.0},{"damage_healed":0.0,"max_hp_gain":0.0,"max_hp_loss":0.0,"gold_gain":0.0,"cards_transformed":["Skewer","Undo"],"event_name":"Drug Dealer","player_choice":"Became Test Subject","floor":19.0,"gold_loss":0.0,"damage_taken":0.0,"cards_obtained":["Halt","Malaise"]},{"damage_healed":0.0,"max_hp_gain":0.0,"max_hp_loss":0.0,"gold_gain":0.0,"event_name":"Match and Keep!","player_choice":"0 cards matched","floor":20.0,"gold_loss":0.0,"damage_taken":0.0,"cards_obtained":[]},{"damage_healed":0.0,"max_hp_gain":0.0,"max_hp_loss":0.0,"gold_gain":0.0,"event_name":"SecretPortal","player_choice":"Ignored","floor":36.0,"gold_loss":0.0,"damage_taken":0.0}],"is_beta":false,"boss_relics":[{"not_picked":["Empty Cage","Sozu"],"picked":"Runic Pyramid"},{"not_picked":["Astrolabe","Mark of Pain"],"picked":"Runic Cube"}],"items_purged_floors":[12,14,29,38,45,54],"is_endless":false,"potions_floor_spawned":[1,2,3,13,16,18,21,23,25,30,35,41,44,48,55],"ascension_level":20}}