{"host":"mq3ujo75gqb6jwby","time":1613408351,"event":{"mods":["BaseMod","BetterRewards","Colored Map","Downfall","Minty Spire (QoL Compilation)","Permanent Neow","Quick Restart","Relic Stats","StSLib","everything is the same but u backflip on backflip"],"gold_per_floor":[199,219,219,237,237,237,237,250,150,190,190,218,236,271,283,391,391,291,316,344,344,380,380,380,380,380,380],"floor_reached":25,"language":"ENG","playtime":1621,"items_purged":[],"score":211,"play_id":"d4d2f8d0-3030-442d-a5ea-1feaee131862","local_time":"20210215175911","is_ascension_mode":false,"campfire_choices":[{"floor":1,"key":"RECALL"},{"data":"hexamod:Float","floor":9,"key":"SMITH"},{"data":"hexamod:Incineration","floor":11,"key":"SMITH"},{"data":"hexamod:GhostLash","floor":18,"key":"SMITH"},{"data":"hexamod:GhostShield","floor":23,"key":"SMITH"}],"circlet_count":0,"master_deck":["hexamod:Strike+1","hexamod:Strike","hexamod:Strike","hexamod:Defend","hexamod:Defend","hexamod:Defend","hexamod:Defend","hexamod:Sear+1","hexamod:Float+1","hexamod:HauntingEcho+1","hexamod:GhostLash+1","hexamod:ThermalTransfer","hexamod:Incineration+1","hexamod:ForkedFlame","hexamod:FourthSeal","hexamod:FirstSeal","hexamod:DynamicBlow+1","hexamod:SixthSeal","hexamod:GhostShield+1","hexamod:SecondSeal","hexamod:AdvancingGuard"],"relics":["hexamod:SpiritBrand","hexamod:SoulConsumer","downfall:HeartBlessingRed","CeramicFish","Molten Egg 2","Coffee Dripper","downfall:HeartBlessingGreen","Shuriken"],"acts_visited":["Exordium","TheCity"],"potions_floor_usage":[16,25],"damage_taken":[{"damage":1,"enemies":"Jaw Worm","floor":2,"turns":3},{"damage":0,"enemies":"Cultist","floor":4,"turns":3},{"damage":1,"enemies":"2 Louse","floor":8,"turns":2},{"damage":8,"enemies":"3 Sentries","floor":10,"turns":8},{"damage":1,"enemies":"Large Slime","floor":12,"turns":3},{"damage":18,"enemies":"Gremlin Nob","floor":14,"turns":4},{"damage":0,"enemies":"Exordium Wildlife","floor":15,"turns":2},{"damage":46,"enemies":"DF_ARCHETYPE_STREAMLINE","floor":16,"turns":8},{"damage":22,"enemies":"3 Byrds","floor":19,"turns":5},{"damage":0,"enemies":"Spheric Guardian","floor":20,"turns":3},{"damage":33,"enemies":"Snake Plant","floor":22,"turns":4},{"damage":37,"enemies":"Book of Stabbing","floor":25,"turns":5}],"seed_played":"-8643472290382419830","potions_obtained":[{"floor":2,"key":"Dexterity Potion"},{"floor":3,"key":"CultistPotion"},{"floor":3,"key":"hexamod:InfernoChargePotion"},{"floor":14,"key":"Regen Potion"},{"floor":14,"key":"BlessingOfTheForge"},{"floor":16,"key":"Ancient Potion"}],"is_trial":false,"path_per_floor":["R","M","?","M","?","?","T","M","R","E","R","M","?","E","M","B",null,"R","M","M","?","M","R","T","E"],"character_chosen":"THE_SPIRIT","items_purchased":[],"campfire_rested":0,"item_purchase_floors":[],"current_hp_per_floor":[70,69,69,69,69,74,74,73,73,69,69,68,61,47,54,26,75,75,64,68,54,32,32,32,0,0,0],"gold":380,"neow_bonus":"HUNDRED_GOLD","is_daily":false,"chose_seed":false,"campfire_upgraded":4,"win_rate":0.0,"timestamp":1613408351,"path_taken":["R","M","?","?","?","?","T","M","R","E","R","M","?","E","M","BOSS","R","M","M","?","M","R","T","E"],"items_purchased_type":[],"build_version":"2020-12-22","purchased_purges":0,"victory":false,"max_hp_per_floor":[70,70,70,70,70,75,75,75,75,75,75,75,75,75,75,75,75,75,75,75,80,80,80,80,80,80,80],"relic_stats":{"counters":[12,50],"Shuriken":[0],"CeramicFish":81,"obtain_stats":[{"downfall:HeartBlessingRed":9,"Shuriken":24,"CeramicFish":10,"Molten Egg 2":14,"downfall:HeartBlessingGreen":18,"Coffee Dripper":17,"hexamod:SoulConsumer":7,"hexamod:SpiritBrand":0},{"downfall:HeartBlessingRed":3,"Shuriken":11,"CeramicFish":4,"Molten Egg 2":6,"downfall:HeartBlessingGreen":8,"Coffee Dripper":8,"hexamod:SoulConsumer":2,"hexamod:SpiritBrand":0},{"downfall:HeartBlessingRed":8,"Shuriken":45,"CeramicFish":16,"Molten Egg 2":23,"downfall:HeartBlessingGreen":33,"Coffee Dripper":33,"hexamod:SoulConsumer":6,"hexamod:SpiritBrand":0}]},"card_choices":[{"not_picked":["hexamod:Again","hexamod:HeatMetal"],"picked":"hexamod:HauntingEcho","floor":2},{"not_picked":["hexamod:SpectersWail","hexamod:Haunt"],"picked":"hexamod:GhostLash","floor":4},{"not_picked":["hexamod:SwordOfDarkness","hexamod:SpectersWail"],"picked":"hexamod:ThermalTransfer","floor":8},{"not_picked":["hexamod:RecurringNightmare","hexamod:Haunt"],"picked":"hexamod:Incineration","floor":10},{"not_picked":["hexamod:BacktrackSmack","hexamod:GhostLash"],"picked":"hexamod:ForkedFlame","floor":12},{"not_picked":["hexamod:Firestarter+1","hexamod:GhostOfSpirePast"],"picked":"hexamod:DynamicBlow+1","floor":14},{"not_picked":["hexamod:RadiantFlame","hexamod:RetreatToShadows","hexamod:HeatMetal+1"],"picked":"SKIP","floor":15},{"not_picked":["hexamod:VolcanoVisage","hexamod:HexaLevel"],"picked":"hexamod:SixthSeal","floor":16},{"not_picked":["hexamod:Haunt","hexamod:BurningTouch"],"picked":"hexamod:GhostShield","floor":19},{"not_picked":["hexamod:NecessarySacrifice","hexamod:HeatShield"],"picked":"hexamod:SecondSeal","floor":20},{"not_picked":["hexamod:BurningTouch+1","hexamod:ExtraCrispy"],"picked":"hexamod:AdvancingGuard","floor":22}],"player_experience":768598,"relics_obtained":[{"floor":7,"key":"hexamod:SoulConsumer"},{"floor":10,"key":"CeramicFish"},{"floor":14,"key":"Molten Egg 2"},{"floor":24,"key":"Shuriken"}],"event_choices":[{"damage_healed":0,"gold_gain":0,"player_choice":"Got Potions","damage_taken":0,"max_hp_gain":0,"max_hp_loss":0,"event_name":"Lab","floor":3,"gold_loss":0},{"damage_healed":0,"gold_gain":0,"player_choice":"Donut","damage_taken":0,"max_hp_gain":5,"max_hp_loss":0,"event_name":"Big Fish","floor":6,"gold_loss":0}],"is_beta":false,"boss_relics":[{"not_picked":["bronze:MakeshiftBattery","Pandora\u0027s Box"],"picked":"Coffee Dripper"}],"items_purged_floors":[],"is_endless":false,"potions_floor_spawned":[2,8,10,14,19,20],"killed_by":"Book of Stabbing","ascension_level":0}}