{"host":"19tvufa8xx4wr4o1","time":1613349716,"event":{"mods":["AchievementEnabler","BaseMod","Better Sensory Stone","Better Third Choice","Highlight Path","Minty Spire (QoL Compilation)","Relic Stats","StSLib"],"gold_per_floor":[11,11,25,43,58,58,85,103,403,403,428,442,470,416,416,490,490,506,506,421,35,35,35,66,66,93,109,109,9,29,29,29,103,103,117,137,137,149,66,66,98,98,98,115,115,9,39,51,51,51],"floor_reached":51,"language":"ENG","playtime":2499,"items_purged":["Strike_R","Doubt","Doubt"],"score":1382,"play_id":"74fa72a7-8801-4ce7-8f9f-7d8746ca158b","local_time":"20210214184156","is_ascension_mode":true,"campfire_choices":[{"data":"Hemokinesis","floor":6.0,"key":"SMITH"},{"floor":10.0,"key":"REST"},{"floor":15.0,"key":"REST"},{"data":"True Grit","floor":23.0,"key":"SMITH"},{"data":"Berserk","floor":25.0,"key":"SMITH"},{"data":"Disarm","floor":28.0,"key":"SMITH"},{"floor":32.0,"key":"REST"},{"floor":40.0,"key":"REST"},{"floor":42.0,"key":"REST"},{"floor":49,"key":"REST"}],"circlet_count":0,"master_deck":["AscendersBane","Strike_R","Defend_R","Defend_R","Defend_R","Defend_R","Bash","Spot Weakness","Hemokinesis+1","Rampage","Disarm+1","True Grit+1","Ghostly Armor","Pommel Strike","Berserk+1","Offering+1","Twin Strike+1","Apotheosis+1","Blind+1","Limit Break+1","Metallicize","True Grit+1","Immolate","Shockwave+1","Metallicize+1","Reaper","Disarm+1","Power Through+1","Rage+1","Disarm+1","Battle Trance+1","Shrug It Off+1","Shrug It Off+1","Disarm+1","Shrug It Off+1"],"relics":["Burning Blood","Regal Pillow","Prayer Wheel","Old Coin","Ice Cream","Toxic Egg 2","Cursed Key","Art of War","Lantern","Blood Vial","Smiling Mask","Mango","Gremlin Horn"],"acts_visited":["Exordium","TheCity","TheBeyond"],"potions_floor_usage":[50,50],"damage_taken":[{"damage":4.0,"enemies":"Small Slimes","floor":1.0,"turns":4.0},{"damage":7.0,"enemies":"2 Louse","floor":3.0,"turns":3.0},{"damage":5.0,"enemies":"Cultist","floor":4.0,"turns":3.0},{"damage":2.0,"enemies":"Large Slime","floor":5.0,"turns":3.0},{"damage":18.0,"enemies":"Gremlin Nob","floor":7.0,"turns":3.0},{"damage":2.0,"enemies":"Exordium Wildlife","floor":8.0,"turns":2.0},{"damage":26.0,"enemies":"Lagavulin","floor":11.0,"turns":5.0},{"damage":8.0,"enemies":"2 Fungi Beasts","floor":12.0,"turns":4.0},{"damage":39.0,"enemies":"3 Sentries","floor":13.0,"turns":9.0},{"damage":20.0,"enemies":"The Guardian","floor":16.0,"turns":9.0},{"damage":18.0,"enemies":"3 Byrds","floor":18.0,"turns":7.0},{"damage":21.0,"enemies":"Gremlin Leader","floor":24.0,"turns":12.0},{"damage":16.0,"enemies":"2 Thieves","floor":27.0,"turns":3.0},{"damage":10.0,"enemies":"Cultist and Chosen","floor":30.0,"turns":7.0},{"damage":49.0,"enemies":"Collector","floor":33.0,"turns":13.0},{"damage":9.0,"enemies":"3 Shapes","floor":35.0,"turns":10.0},{"damage":51.0,"enemies":"3 Darklings","floor":36.0,"turns":5.0},{"damage":13.0,"enemies":"Maw","floor":38.0,"turns":7.0},{"damage":35.0,"enemies":"Giant Head","floor":41.0,"turns":11.0},{"damage":16.0,"enemies":"Jaw Worm Horde","floor":44.0,"turns":6.0},{"damage":16,"enemies":"Nemesis","floor":47,"turns":7},{"damage":30,"enemies":"Sphere and 2 Shapes","floor":48,"turns":10},{"damage":32,"enemies":"Time Eater","floor":50,"turns":15}],"seed_played":"3791561228547599758","potions_obtained":[{"floor":1.0,"key":"DuplicationPotion"},{"floor":3.0,"key":"EntropicBrew"},{"floor":7.0,"key":"Ancient Potion"},{"floor":11.0,"key":"EssenceOfSteel"},{"floor":13.0,"key":"DuplicationPotion"},{"floor":16.0,"key":"SkillPotion"},{"floor":18.0,"key":"SpeedPotion"},{"floor":33.0,"key":"FearPotion"},{"floor":47,"key":"LiquidBronze"}],"is_trial":false,"path_per_floor":["M","?","M","M","M","R","E","M","T","R","E","M","E","?","R","B",null,"M","?","?","$","?","R","E","R","T","M","R","$","M","?","R","B",null,"M","M","$","M","$","R","E","R","T","M","?","$","E","M","R","B",null],"character_chosen":"IRONCLAD","items_purchased":["Limit Break+1","Metallicize","True Grit+1","Disarm+1","SkillPotion"],"campfire_rested":6,"item_purchase_floors":[21,21,21,39,46],"current_hp_per_floor":[70,52,51,52,56,56,44,48,48,75,55,53,20,20,57,43,67,55,55,55,55,55,55,40,40,40,32,32,32,30,30,67,26,63,67,24,24,33,33,70,53,75,89,89,85,85,75,53,85,66],"gold":51,"neow_bonus":"REMOVE_TWO","is_daily":false,"chose_seed":false,"campfire_upgraded":4,"win_rate":0.0,"timestamp":1613349716,"path_taken":["M","?","M","M","M","R","E","M","T","R","E","M","E","?","R","BOSS","M","?","?","$","?","R","E","R","T","M","R","$","M","?","R","BOSS","M","M","$","?","$","R","E","R","T","M","?","?","E","M","R","BOSS"],"items_purchased_type":["Card","Card","Card","Card","Potion"],"build_version":"2020-12-22","purchased_purges":3,"victory":true,"max_hp_per_floor":[75,75,75,75,75,75,75,75,75,75,75,75,75,75,75,75,75,75,75,75,75,75,75,75,75,75,75,75,75,75,75,75,75,75,75,75,75,75,75,75,75,75,89,89,85,85,85,85,85,85],"relic_stats":{"Blood Vial":16,"Regal Pillow":57,"Gremlin Horn":[1,1],"counters":[23,158],"Prayer Wheel":11,"Art of War":[16],"Cursed Key":2,"Smiling Mask":75,"obtain_stats":[{"Ice Cream":11,"Regal Pillow":2,"Lantern":24,"Gremlin Horn":47,"Mango":43,"Cursed Key":17,"Smiling Mask":41,"Burning Blood":0,"Old Coin":9,"Blood Vial":26,"Prayer Wheel":7,"Art of War":20,"Toxic Egg 2":13},{"Ice Cream":7,"Regal Pillow":1,"Lantern":12,"Gremlin Horn":21,"Mango":19,"Cursed Key":10,"Smiling Mask":19,"Burning Blood":0,"Old Coin":6,"Blood Vial":12,"Prayer Wheel":5,"Art of War":11,"Toxic Egg 2":9},{"Ice Cream":23,"Regal Pillow":4,"Lantern":64,"Gremlin Horn":133,"Mango":120,"Cursed Key":45,"Smiling Mask":120,"Burning Blood":0,"Old Coin":18,"Blood Vial":64,"Prayer Wheel":16,"Art of War":52,"Toxic Egg 2":36}],"Burning Blood":134},"card_choices":[{"not_picked":["Body Slam","Shrug It Off"],"picked":"Spot Weakness","floor":1.0},{"not_picked":["Heavy Blade","Carnage"],"picked":"Hemokinesis","floor":3.0},{"not_picked":["Battle Trance","Sword Boomerang"],"picked":"Rampage","floor":4.0},{"not_picked":["Havoc","Carnage"],"picked":"Disarm","floor":5.0},{"not_picked":["Warcry","Demon Form","Headbutt"],"picked":"SKIP","floor":7.0},{"not_picked":["Rampage","Dark Embrace"],"picked":"True Grit","floor":8.0},{"not_picked":["Warcry","True Grit","Headbutt"],"picked":"SKIP","floor":8.0},{"not_picked":["Anger","Wild Strike"],"picked":"Ghostly Armor","floor":11.0},{"not_picked":["Reckless Charge","Iron Wave"],"picked":"Pommel Strike","floor":12.0},{"not_picked":["Bloodletting","Combust","Seeing Red"],"picked":"SKIP","floor":12.0},{"not_picked":["Perfected Strike","Iron Wave"],"picked":"Berserk","floor":13.0},{"not_picked":["Exhume+1","Berserk"],"picked":"Offering+1","floor":16.0},{"not_picked":["Perfected Strike+1","Searing Blow+1"],"picked":"Twin Strike+1","floor":18.0},{"not_picked":["Flex+1","Pommel Strike","Demon Form"],"picked":"SKIP","floor":18.0},{"not_picked":["Discovery+1","Metamorphosis+1"],"picked":"Apotheosis+1","floor":19.0},{"not_picked":["Mind Blast","Secret Technique+1"],"picked":"Blind+1","floor":19.0},{"not_picked":["Brutality","Body Slam"],"picked":"Immolate","floor":24.0},{"not_picked":["Pommel Strike","Heavy Blade"],"picked":"Shockwave+1","floor":27.0},{"not_picked":["Intimidate+1","Blood for Blood","Fire Breathing+1"],"picked":"SKIP","floor":27.0},{"not_picked":["Perfected Strike","Havoc+1"],"picked":"Metallicize+1","floor":30.0},{"not_picked":["Sever Soul","Fire Breathing","Anger"],"picked":"SKIP","floor":30.0},{"not_picked":["Juggernaut","Exhume+1"],"picked":"Reaper","floor":33.0},{"not_picked":["Anger+1","Thunderclap+1"],"picked":"Disarm+1","floor":35.0},{"not_picked":["Dual Wield+1","Thunderclap","Perfected Strike"],"picked":"SKIP","floor":35.0},{"not_picked":["Pommel Strike","Metallicize","Havoc+1"],"picked":"SKIP","floor":36.0},{"not_picked":["Anger+1","Clash+1","Body Slam"],"picked":"SKIP","floor":36.0},{"not_picked":["Flex+1","Carnage"],"picked":"Power Through+1","floor":38.0},{"not_picked":["Bloodletting+1","Cleave"],"picked":"Rage+1","floor":38.0},{"not_picked":["Corruption","Exhume+1"],"picked":"Battle Trance+1","floor":41.0},{"not_picked":["Thunderclap+1","Headbutt"],"picked":"Shrug It Off+1","floor":44.0},{"not_picked":["Havoc+1","Whirlwind"],"picked":"Shrug It Off+1","floor":44.0},{"not_picked":["Iron Wave","Armaments+1"],"picked":"Disarm+1","floor":47},{"not_picked":["Thunderclap","Twin Strike"],"picked":"Shrug It Off+1","floor":48},{"not_picked":["Sever Soul","Pommel Strike","Wild Strike"],"picked":"SKIP","floor":48}],"player_experience":638991,"relics_obtained":[{"floor":7.0,"key":"Prayer Wheel"},{"floor":9.0,"key":"Old Coin"},{"floor":11.0,"key":"Ice Cream"},{"floor":13.0,"key":"Toxic Egg 2"},{"floor":24.0,"key":"Lantern"},{"floor":26.0,"key":"Blood Vial"},{"floor":41.0,"key":"Smiling Mask"},{"floor":43.0,"key":"Mango"},{"floor":47,"key":"Gremlin Horn"}],"event_choices":[{"damage_healed":0.0,"max_hp_gain":0.0,"max_hp_loss":0.0,"gold_gain":0.0,"event_name":"betterThird:BetterScrap","player_choice":"Relic ","floor":2.0,"gold_loss":0.0,"damage_taken":18.0,"cards_obtained":["Calculated Gamble"]},{"damage_healed":0.0,"max_hp_gain":0.0,"max_hp_loss":0.0,"gold_gain":0.0,"event_name":"betterThird:BetterGoop","player_choice":"Left","floor":14.0,"gold_loss":54.0,"damage_taken":0.0},{"damage_healed":0.0,"max_hp_gain":0.0,"max_hp_loss":0.0,"gold_gain":2.0,"event_name":"betterStone:BetterStone","player_choice":"1","floor":19.0,"gold_loss":0.0,"damage_taken":0.0},{"damage_healed":0.0,"max_hp_gain":0.0,"max_hp_loss":0.0,"gold_gain":0.0,"event_name":"Addict","player_choice":"Obtained Relic","floor":20.0,"gold_loss":85.0,"damage_taken":0.0,"relics_obtained":["Art of War"]},{"damage_healed":0.0,"max_hp_gain":0.0,"max_hp_loss":0.0,"gold_gain":0.0,"event_name":"Vampires","player_choice":"Ignored","floor":22.0,"gold_loss":0.0,"damage_taken":0.0},{"cards_removed":["Strike_R"],"damage_healed":0.0,"max_hp_gain":0.0,"max_hp_loss":0.0,"gold_gain":0.0,"event_name":"Purifier","player_choice":"Purged","floor":31.0,"gold_loss":0.0,"damage_taken":0.0},{"damage_healed":0.0,"max_hp_gain":0.0,"max_hp_loss":4.0,"gold_gain":0.0,"event_name":"Winding Halls","player_choice":"Max HP","floor":45.0,"gold_loss":0.0,"damage_taken":0.0}],"is_beta":false,"boss_relics":[{"not_picked":["SlaversCollar","Sozu"],"picked":"Cursed Key"},{"not_picked":["Pandora\u0027s Box","Velvet Choker","Runic Dome"]}],"items_purged_floors":[21,29,46],"is_endless":false,"potions_floor_spawned":[1,3,7,11,13,16,18,33,41,47],"ascension_level":17}}