{"host":"s41rn2jhghpwfrvz","time":1613376540,"event":{"mods":["BaseMod","Minty Spire (QoL Compilation)","Quick Restart","Relic Stats","SuperFastMode"],"gold_per_floor":[118,118,43,63,74,93,120,120,120,137,162,162,162,194,194,268,268,285,200,61,61,80,106,106,140,163,178,212,87,118,147,147,221,221,241,241,152,152,183,211,222,256,256,588,620,634,634,665,665,665,665,665,665,178,212,212],"floor_reached":57,"language":"ENG","playtime":1542,"items_purged":["Deflect","Armaments","Pummel+1","Self Repair"],"score":4134,"play_id":"af963cfd-23b2-4050-bcbe-08e3fbb54ea5","local_time":"20210215100900","daily_mods":["SealedDeck","Diverse","DeadlyEvents"],"is_ascension_mode":true,"campfire_choices":[{"data":"Body Slam","floor":8,"key":"SMITH"},{"data":"TalkToTheHand","floor":15,"key":"SMITH"},{"data":"Feel No Pain","floor":32,"key":"SMITH"},{"data":"Prostrate","floor":47,"key":"SMITH"},{"floor":49,"key":"RECALL"},{"data":"Blade Dance","floor":53,"key":"SMITH"}],"circlet_count":0,"master_deck":["AscendersBane","Prostrate+1","Acrobatics+1","Backflip","Body Slam+1","Blade Dance+1","TalkToTheHand+1","Grand Finale","Feel No Pain+1","Panacea+1"],"relics":["Burning Blood","Pantograph","Letter Opener","White Beast Statue","Pen Nib","StrikeDummy","Black Star","Paper Frog","Sundial","Meat on the Bone","Mercury Hourglass","Mummified Hand","Potion Belt","Omamori","Blood Vial","Blue Candle","Lantern","Toxic Egg 2","Strawberry","SacredBark","Dream Catcher","Toy Ornithopter","Happy Flower","Darkstone Periapt","Eternal Feather","Ornamental Fan","Thread and Needle","Old Coin","Regal Pillow","Akabeko","Lizard Tail","Pear","ClockworkSouvenir","Centennial Puzzle","Orichalcum","InkBottle"],"acts_visited":["Exordium","TheCity","TheBeyond","TheEnding"],"potions_floor_usage":[39,46,56,56,56,56],"damage_taken":[{"damage":3,"enemies":"2 Louse","floor":1,"turns":4},{"damage":0,"enemies":"Small Slimes","floor":4,"turns":5},{"damage":0,"enemies":"Jaw Worm","floor":5,"turns":3},{"damage":8,"enemies":"Large Slime","floor":6,"turns":5},{"damage":0,"enemies":"Lagavulin","floor":7,"turns":4},{"damage":0,"enemies":"Blue Slaver","floor":10,"turns":3},{"damage":1,"enemies":"Gremlin Nob","floor":11,"turns":3},{"damage":4,"enemies":"Lagavulin","floor":14,"turns":4},{"damage":24,"enemies":"Hexaghost","floor":16,"turns":4},{"damage":0,"enemies":"2 Thieves","floor":18,"turns":1},{"damage":0,"enemies":"Spheric Guardian","floor":22,"turns":2},{"damage":0,"enemies":"Book of Stabbing","floor":23,"turns":3},{"damage":13,"enemies":"Gremlin Leader","floor":25,"turns":3},{"damage":0,"enemies":"Snecko","floor":27,"turns":3},{"damage":14,"enemies":"Book of Stabbing","floor":28,"turns":3},{"damage":0,"enemies":"Gremlin Leader","floor":30,"turns":2},{"damage":5,"enemies":"Slavers","floor":31,"turns":2},{"damage":0,"enemies":"Collector","floor":33,"turns":3},{"damage":4,"enemies":"Orb Walker","floor":35,"turns":2},{"damage":1,"enemies":"Nemesis","floor":39,"turns":3},{"damage":0,"enemies":"Reptomancer","floor":40,"turns":2},{"damage":19,"enemies":"3 Shapes","floor":41,"turns":3},{"damage":0,"enemies":"Giant Head","floor":42,"turns":3},{"damage":0,"enemies":"Reptomancer","floor":44,"turns":3},{"damage":9,"enemies":"Nemesis","floor":45,"turns":4},{"damage":0,"enemies":"Transient","floor":46,"turns":4},{"damage":1,"enemies":"Reptomancer","floor":48,"turns":3},{"damage":2,"enemies":"Donu and Deca","floor":50,"turns":3},{"damage":0,"enemies":"Awakened One","floor":51,"turns":4},{"damage":0,"enemies":"Shield and Spear","floor":55,"turns":2},{"damage":0,"enemies":"The Heart","floor":56,"turns":5}],"seed_played":"3772316373680128682","potions_obtained":[{"floor":5,"key":"SteroidPotion"},{"floor":7,"key":"PowerPotion"},{"floor":23,"key":"SpeedPotion"},{"floor":27,"key":"FearPotion"},{"floor":28,"key":"Energy Potion"},{"floor":31,"key":"GamblersBrew"},{"floor":33,"key":"DuplicationPotion"},{"floor":39,"key":"Fruit Juice"},{"floor":40,"key":"Swift Potion"},{"floor":46,"key":"LiquidMemories"}],"is_trial":true,"path_per_floor":["M","?","$","M","M","M","E","R","T","M","E","?","?","E","R","B",null,"M","?","$","?","M","E","$","E","T","M","E","$","E","E","R","B",null,"M","?","$","?","E","E","M","E","T","E","E","M","R","E","R","B","B",null,"R","$","E","B",null],"character_chosen":"IRONCLAD","items_purchased":["Feel No Pain","Panacea+1","ClockworkSouvenir","Centennial Puzzle"],"campfire_rested":0,"item_purchase_floors":[20,37,54,54],"current_hp_per_floor":[75,19,19,35,48,56,69,69,69,75,75,52,52,61,61,64,72,75,75,75,54,60,73,73,73,73,80,79,79,80,87,87,87,87,87,87,87,83,93,93,87,93,93,93,93,93,93,103,103,103,103,103,103,103,103,103],"gold":212,"neow_bonus":"","is_daily":false,"chose_seed":false,"campfire_upgraded":5,"win_rate":0.0,"timestamp":1613376540,"path_taken":["M","?","$","M","M","M","E","R","T","M","E","?","?","E","R","BOSS","M","?","$","?","M","E","?","E","T","M","E","$","?","E","R","BOSS","M","?","$","?","?","E","M","E","T","E","?","M","R","?","R","BOSS","BOSS","R","$","E","BOSS"],"items_purchased_type":["Card","Card","Relic","Relic"],"build_version":"2020-12-22","purchased_purges":4,"victory":true,"max_hp_per_floor":[75,75,75,75,75,75,75,75,75,75,75,75,75,75,75,75,75,75,75,75,80,80,80,80,80,80,80,80,80,80,87,87,87,87,87,87,87,83,93,93,93,93,93,93,93,93,93,103,103,103,103,103,103,103,103,103],"relic_stats":{"Darkstone Periapt":0,"Regal Pillow":0,"Happy Flower":[11],"counters":[31,98],"Blue Candle":[1],"Eternal Feather":0,"Pen Nib":[31],"Letter Opener":[378],"Orichalcum":[0],"Burning Blood":111,"Mercury Hourglass":[273],"Blood Vial":3,"Dream Catcher":0,"Lizard Tail":0,"Centennial Puzzle":[0],"Sundial":[72],"Mummified Hand":[33],"Ornamental Fan":[172],"Pantograph":14,"Black Star":12,"obtain_stats":[{"Darkstone Periapt":40,"Lantern":30,"Regal Pillow":45,"SacredBark":34,"Burning Blood":0,"Old Coin":44,"ClockworkSouvenir":54,"Blood Vial":28,"Dream Catcher":39,"Lizard Tail":48,"Centennial Puzzle":54,"Sundial":23,"Mummified Hand":25,"Pantograph":2,"Strawberry":31,"Toxic Egg 2":31,"InkBottle":55,"Paper Frog":19,"Potion Belt":26,"Pear":48,"Happy Flower":40,"Blue Candle":30,"Eternal Feather":42,"Thread and Needle":44,"Pen Nib":11,"Omamori":28,"Letter Opener":7,"Orichalcum":55,"White Beast Statue":9,"Akabeko":45,"Mercury Hourglass":25,"Ornamental Fan":42,"Black Star":17,"StrikeDummy":14,"Toy Ornithopter":39,"Meat on the Bone":23},{"Darkstone Periapt":21,"Lantern":16,"Regal Pillow":25,"SacredBark":18,"Burning Blood":0,"Old Coin":24,"ClockworkSouvenir":29,"Blood Vial":15,"Dream Catcher":20,"Lizard Tail":27,"Centennial Puzzle":29,"Sundial":12,"Mummified Hand":13,"Pantograph":1,"Strawberry":17,"Toxic Egg 2":17,"InkBottle":30,"Paper Frog":10,"Potion Belt":13,"Pear":27,"Happy Flower":21,"Blue Candle":16,"Eternal Feather":23,"Thread and Needle":24,"Pen Nib":7,"Omamori":15,"Letter Opener":5,"Orichalcum":30,"White Beast Statue":5,"Akabeko":25,"Mercury Hourglass":13,"Ornamental Fan":23,"Black Star":9,"StrikeDummy":8,"Toy Ornithopter":20,"Meat on the Bone":12},{"Darkstone Periapt":64,"Lantern":52,"Regal Pillow":77,"SacredBark":57,"Burning Blood":0,"Old Coin":73,"ClockworkSouvenir":91,"Blood Vial":50,"Dream Catcher":62,"Lizard Tail":84,"Centennial Puzzle":91,"Sundial":41,"Mummified Hand":44,"Pantograph":4,"Strawberry":54,"Toxic Egg 2":54,"InkBottle":93,"Paper Frog":36,"Potion Belt":44,"Pear":84,"Happy Flower":64,"Blue Candle":52,"Eternal Feather":70,"Thread and Needle":73,"Pen Nib":27,"Omamori":50,"Letter Opener":21,"Orichalcum":93,"White Beast Statue":21,"Akabeko":77,"Mercury Hourglass":44,"Ornamental Fan":70,"Black Star":35,"StrikeDummy":31,"Toy Ornithopter":62,"Meat on the Bone":41}],"Toy Ornithopter":0,"InkBottle":[8],"Meat on the Bone":0},"card_choices":[{"not_picked":["Sucker Punch","Nirvana","Accuracy"],"picked":"SKIP","floor":1},{"not_picked":["Tempest","WindmillStrike","Sunder"],"picked":"SKIP","floor":4},{"not_picked":["Anger","Heavy Blade","Bane"],"picked":"SKIP","floor":5},{"not_picked":["PathToVictory","Redo","Crescendo"],"picked":"SKIP","floor":6},{"not_picked":["JustLucky","Doom and Gloom","Beam Cell"],"picked":"SKIP","floor":7},{"not_picked":["Accuracy","Rebound","Glass Knife"],"picked":"SKIP","floor":10},{"not_picked":["Heavy Blade","Havoc","EmptyFist"],"picked":"SKIP","floor":11},{"not_picked":["Rage","Rip and Tear","CutThroughFate"],"picked":"SKIP","floor":14},{"not_picked":["Omniscience","Brutality"],"picked":"Grand Finale","floor":16},{"not_picked":["Bane","Turbo","Cloak And Dagger"],"picked":"SKIP","floor":18},{"not_picked":["SashWhip","Well Laid Plans+1","EmptyFist"],"picked":"SKIP","floor":22},{"not_picked":["Compile Driver","Setup","Rainbow"],"picked":"SKIP","floor":23},{"not_picked":["Weave","Hologram","All Out Attack"],"picked":"SKIP","floor":25},{"not_picked":["ClearTheMind","Bane+1","Pommel Strike"],"picked":"SKIP","floor":27},{"not_picked":["Warcry","Havoc","Ball Lightning"],"picked":"SKIP","floor":28},{"not_picked":["ClearTheMind","Flex+1","Tempest"],"picked":"SKIP","floor":30},{"not_picked":["Cold Snap","Distraction+1","Malaise+1"],"picked":"SKIP","floor":31},{"not_picked":["Coolheaded+1","Consecrate","Pommel Strike"],"picked":"SKIP","floor":35},{"not_picked":["Go for the Eyes","FollowUp","Eviscerate"],"picked":"SKIP","floor":39},{"not_picked":["Burst+1","Hologram+1","Loop"],"picked":"SKIP","floor":40},{"not_picked":["Shrug It Off+1","Prepared+1","Hologram+1"],"picked":"SKIP","floor":41},{"not_picked":["Armaments+1","Fiend Fire","Power Through+1"],"picked":"SKIP","floor":42},{"not_picked":["Battle Trance+1","CrushJoints","Blade Dance+1"],"picked":"SKIP","floor":44},{"not_picked":["Wallop","Shockwave+1","FlurryOfBlows+1"],"picked":"SKIP","floor":45},{"not_picked":["Wild Strike+1","ClearTheMind+1","Twin Strike"],"picked":"SKIP","floor":46},{"not_picked":["Dagger Spray+1","Immolate","EmptyBody+1"],"picked":"SKIP","floor":48},{"not_picked":["Blade Dance+1","Prepared+1","PathToVictory+1"],"picked":"SKIP","floor":55}],"player_experience":1917599,"relics_obtained":[{"floor":7,"key":"Letter Opener"},{"floor":9,"key":"White Beast Statue"},{"floor":11,"key":"Pen Nib"},{"floor":14,"key":"StrikeDummy"},{"floor":23,"key":"Sundial"},{"floor":23,"key":"Meat on the Bone"},{"floor":25,"key":"Mercury Hourglass"},{"floor":25,"key":"Mummified Hand"},{"floor":26,"key":"Potion Belt"},{"floor":28,"key":"Omamori"},{"floor":28,"key":"Blood Vial"},{"floor":30,"key":"Blue Candle"},{"floor":30,"key":"Lantern"},{"floor":31,"key":"Toxic Egg 2"},{"floor":31,"key":"Strawberry"},{"floor":39,"key":"Dream Catcher"},{"floor":39,"key":"Toy Ornithopter"},{"floor":40,"key":"Happy Flower"},{"floor":40,"key":"Darkstone Periapt"},{"floor":42,"key":"Eternal Feather"},{"floor":42,"key":"Ornamental Fan"},{"floor":44,"key":"Thread and Needle"},{"floor":44,"key":"Old Coin"},{"floor":45,"key":"Regal Pillow"},{"floor":45,"key":"Akabeko"},{"floor":48,"key":"Lizard Tail"},{"floor":48,"key":"Pear"},{"floor":55,"key":"Orichalcum"},{"floor":55,"key":"InkBottle"}],"event_choices":[{"damage_healed":0,"gold_gain":0,"player_choice":"Success","damage_taken":56,"relics_obtained":["Pantograph"],"max_hp_gain":0,"max_hp_loss":0,"event_name":"Scrap Ooze","floor":2,"gold_loss":0},{"damage_healed":0,"gold_gain":0,"player_choice":"Entered Light","damage_taken":23,"max_hp_gain":0,"max_hp_loss":0,"event_name":"Shining Light","floor":12,"gold_loss":0,"cards_upgraded":["Pummel","Acrobatics"]},{"damage_healed":0,"gold_gain":0,"player_choice":"Ignored","damage_taken":0,"max_hp_gain":0,"max_hp_loss":0,"event_name":"Liars Game","floor":13,"gold_loss":0},{"damage_healed":0,"gold_gain":0,"player_choice":"Obtained Relic","damage_taken":0,"relics_obtained":["Paper Frog"],"max_hp_gain":0,"max_hp_loss":0,"event_name":"Addict","floor":19,"gold_loss":85},{"damage_healed":0,"gold_gain":0,"player_choice":"Shed Blood","damage_taken":26,"max_hp_gain":5,"max_hp_loss":0,"event_name":"Forgotten Altar","floor":21,"gold_loss":0},{"damage_healed":0,"gold_gain":0,"player_choice":"Ignored","damage_taken":0,"max_hp_gain":0,"max_hp_loss":0,"event_name":"Tomb of Lord Red Mask","floor":36,"gold_loss":0},{"damage_healed":0,"gold_gain":0,"player_choice":"Max HP","damage_taken":0,"max_hp_gain":0,"max_hp_loss":4,"event_name":"Winding Halls","floor":38,"gold_loss":0}],"is_beta":false,"boss_relics":[{"not_picked":["Philosopher\u0027s Stone","Coffee Dripper"],"picked":"Black Star"},{"not_picked":["Tiny House","Mark of Pain"],"picked":"SacredBark"}],"items_purged_floors":[3,20,29,54],"is_endless":false,"potions_floor_spawned":[5,7,10,11,14,16,18,22,23,25,27,28,30,31,33,35,39,40,41,42,44,45,46,48,55],"ascension_level":20}}