{"host":"rylkjufw9dlhr07b","time":1613386042,"event":{"mods":["AchievementEnabler","BaseMod","Better Note","BetterRewards","Hubris","Minty Spire (QoL Compilation)","Quick Restart","StSLib"],"gold_per_floor":[110,110,128,147,157,157,157,184,184,203,5,16,34,52,52,129,129,139,155,155,155,116,116,129,129,152,152,202,232,232,244,244,320,320,332,351,351,144,163,163,178,178,202,202,2,19,19,39,39,39],"floor_reached":51,"language":"FRA","playtime":1841,"items_purged":[],"score":1471,"play_id":"ca167a0e-1142-415b-8d9f-b9dad796e9f4","local_time":"20210215114722","is_ascension_mode":true,"campfire_choices":[{"floor":6,"key":"REST"},{"floor":15,"key":"REST"},{"floor":23,"key":"REST"},{"floor":25,"key":"REST"},{"floor":32,"key":"REST"},{"floor":40,"key":"REST"},{"data":"Echo Form","floor":42,"key":"SMITH"},{"data":"Creative AI","floor":44,"key":"SMITH"},{"data":"White Noise","floor":49,"key":"SMITH"}],"circlet_count":0,"master_deck":["AscendersBane","Strike_B","Strike_B","Strike_B","Defend_B","Defend_B","Zap","Dualcast","Storm","Stack","Auto Shields","BootSequence","Barrage","Ball Lightning","Mind Blast","Static Discharge","Streamline","Ball Lightning","Creative AI+1","CurseOfTheBell","Static Discharge+1","Redo","Auto Shields+1","White Noise+1","Static Discharge","Self Repair+1","Streamline","Redo+1","Echo Form+1","Coolheaded+1","Redo+1","Self Repair","Stack","Conserve Battery+1","Stack","Amplify","Barrage"],"relics":["Cracked Core","White Beast Statue","Vajra","Cables","Centennial Puzzle","Membership Card","Calling Bell","hubris:BallOfYels","Question Card","StoneCalendar","hubris:GlazedTorus","Bronze Scales","Omamori","Orichalcum","Bag of Marbles","hubris:Backtick","Bird Faced Urn","Juzu Bracelet","Chemical X","War Paint","Oddly Smooth Stone","HornCleat"],"acts_visited":["Exordium","TheCity","TheBeyond"],"potions_floor_usage":[5,8,8,12,13,14,16,18,19,24,24,31,33,33,36,39,39,41,50],"damage_taken":[{"damage":1,"enemies":"Cultist","floor":1,"turns":3},{"damage":7,"enemies":"Jaw Worm","floor":3,"turns":2},{"damage":7,"enemies":"Small Slimes","floor":4,"turns":3},{"damage":1,"enemies":"2 Fungi Beasts","floor":5,"turns":6},{"damage":26,"enemies":"Lagavulin","floor":8,"turns":6},{"damage":1,"enemies":"Exordium Wildlife","floor":10,"turns":5},{"damage":0,"enemies":"3 Louse","floor":12,"turns":3},{"damage":11,"enemies":"Exordium Thugs","floor":13,"turns":5},{"damage":0,"enemies":"Blue Slaver","floor":14,"turns":2},{"damage":13,"enemies":"The Guardian","floor":16,"turns":9},{"damage":0,"enemies":"3 Byrds","floor":18,"turns":4},{"damage":45,"enemies":"Shell Parasite","floor":19,"turns":5},{"damage":4,"enemies":"Snake Plant","floor":24,"turns":3},{"damage":55,"enemies":"Slavers","floor":29,"turns":6},{"damage":7,"enemies":"Centurion and Healer","floor":31,"turns":6},{"damage":28,"enemies":"hubris:MusketHawk","floor":33,"turns":6},{"damage":13,"enemies":"3 Shapes","floor":35,"turns":5},{"damage":41,"enemies":"3 Darklings","floor":36,"turns":3},{"damage":40,"enemies":"Jaw Worm Horde","floor":39,"turns":5},{"damage":16,"enemies":"4 Shapes","floor":41,"turns":5},{"damage":23,"enemies":"Maw","floor":46,"turns":7},{"damage":0,"enemies":"Jaw Worm Horde","floor":48,"turns":4},{"damage":96,"enemies":"Time Eater","floor":50,"turns":6}],"seed_played":"-1099932482729123143","potions_obtained":[{"floor":1,"key":"FocusPotion"},{"floor":5,"key":"FearPotion"},{"floor":8,"key":"SkillPotion"},{"floor":10,"key":"PotionOfCapacity"},{"floor":12,"key":"SpeedPotion"},{"floor":13,"key":"Fire Potion"},{"floor":14,"key":"FearPotion"},{"floor":16,"key":"Fire Potion"},{"floor":18,"key":"Explosive Potion"},{"floor":19,"key":"Block Potion"},{"floor":24,"key":"PotionOfCapacity"},{"floor":29,"key":"ColorlessPotion"},{"floor":31,"key":"FocusPotion"},{"floor":33,"key":"SpeedPotion"},{"floor":35,"key":"EssenceOfSteel"},{"floor":36,"key":"Swift Potion"},{"floor":39,"key":"SteroidPotion"},{"floor":41,"key":"FairyPotion"},{"floor":46,"key":"EssenceOfSteel"}],"is_trial":false,"path_per_floor":["M","?","M","M","M","R","?","E","T","M","$","M","M","M","R","B",null,"M","M","T","?","$","R","M","R","T","?","T","E","?","M","R","B",null,"M","M","?","$","M","R","M","R","T","R","$","M","?","M","R","B",null],"character_chosen":"DEFECT","items_purchased":["White Beast Statue","Vajra","Regen Potion","Membership Card","Mind Blast","White Noise","Juzu Bracelet","Self Repair","Stack","Chemical X","Oddly Smooth Stone","HornCleat"],"campfire_rested":6,"item_purchase_floors":[0,0,0,11,11,22,38,38,38,38,45,45],"current_hp_per_floor":[48,48,41,34,48,69,69,43,43,42,42,42,31,31,52,39,63,63,18,18,18,18,39,35,56,56,56,56,11,11,14,35,17,58,69,44,44,44,31,52,60,60,60,60,60,71,71,71,71,15],"gold":39,"neow_bonus":"","is_daily":false,"chose_seed":false,"campfire_upgraded":3,"win_rate":0.0,"timestamp":1613386042,"path_taken":["M","?","M","?","M","R","?","E","T","M","$","M","M","M","R","BOSS","M","M","?","?","?","R","?","R","T","?","?","E","?","?","R","BOSS","M","M","?","$","M","R","M","R","T","R","?","M","?","M","R","BOSS"],"items_purchased_type":["Relic","Relic","Potion","Relic","Card","Card","Relic","Card","Card","Relic","Relic","Relic"],"build_version":"2020-12-22","purchased_purges":0,"victory":true,"max_hp_per_floor":[71,71,71,71,71,71,71,71,71,71,71,71,71,71,71,71,71,71,71,71,71,71,71,71,71,71,71,71,71,71,71,71,71,71,71,71,71,71,71,71,71,71,71,71,71,71,71,71,71,71],"card_choices":[{"not_picked":["Conserve Battery","Rebound"],"picked":"Storm","floor":1},{"not_picked":["Beam Cell","Rebound"],"picked":"Stack","floor":3},{"not_picked":["Streamline","Sweeping Beam"],"picked":"Auto Shields","floor":4},{"not_picked":["Rebound","Hologram"],"picked":"BootSequence","floor":5},{"not_picked":["Beam Cell","Heatsinks"],"picked":"Barrage","floor":8},{"not_picked":["Fission","Steam"],"picked":"Ball Lightning","floor":10},{"not_picked":["Coolheaded","Darkness"],"picked":"Static Discharge","floor":12},{"not_picked":["Compile Driver","Darkness"],"picked":"Streamline","floor":13},{"not_picked":["Heatsinks","Consume"],"picked":"Ball Lightning","floor":14},{"not_picked":["Fission","Electrodynamics"],"picked":"Creative AI","floor":16},{"not_picked":["Steam","Reprogram","Skim"],"picked":"Static Discharge+1","floor":18},{"not_picked":["Beam Cell","Gash","Compile Driver"],"picked":"Redo","floor":19},{"not_picked":["Beam Cell","Fusion","Streamline"],"picked":"Static Discharge","floor":24},{"not_picked":["Creative AI","Beam Cell","Multi-Cast"],"picked":"Streamline","floor":29},{"not_picked":["hubris:PowerSurge","Storm","Streamline+1"],"picked":"Redo+1","floor":31},{"not_picked":["hubris:SpecializedCircuitry","Hyperbeam","All For One"],"picked":"Echo Form","floor":33},{"not_picked":["Heatsinks","Streamline","Cold Snap"],"picked":"Coolheaded","floor":35},{"not_picked":["hubris:PowerSurge+1","Rebound","Streamline"],"picked":"Redo+1","floor":36},{"not_picked":["Streamline","Loop+1","Rebound"],"picked":"Conserve Battery+1","floor":39},{"not_picked":["Gash","Beam Cell+1","Rebound"],"picked":"Stack","floor":41},{"not_picked":["Steam+1","Coolheaded","Ball Lightning"],"picked":"Amplify","floor":46},{"not_picked":["Chill","Skim+1","Redo"],"picked":"Barrage","floor":48}],"player_experience":594584,"relics_obtained":[{"floor":8,"key":"Cables"},{"floor":9,"key":"Centennial Puzzle"},{"floor":17,"key":"hubris:BallOfYels"},{"floor":17,"key":"Question Card"},{"floor":17,"key":"StoneCalendar"},{"floor":20,"key":"hubris:GlazedTorus"},{"floor":26,"key":"Bronze Scales"},{"floor":28,"key":"Omamori"},{"floor":29,"key":"Orichalcum"},{"floor":43,"key":"War Paint"}],"event_choices":[{"cards_removed":["Defend_B"],"damage_healed":0,"gold_gain":0,"player_choice":"Purged","damage_taken":0,"max_hp_gain":0,"max_hp_loss":0,"event_name":"Purifier","floor":2,"gold_loss":0},{"damage_healed":0,"gold_gain":0,"player_choice":"Bought 0 Potions","damage_taken":0,"max_hp_gain":0,"max_hp_loss":0,"event_name":"The Woman in Blue","floor":7,"gold_loss":0},{"damage_healed":0,"gold_gain":0,"player_choice":"Copied","damage_taken":0,"max_hp_gain":0,"max_hp_loss":0,"event_name":"Duplicator","floor":21,"gold_loss":0,"cards_obtained":["Auto Shields"]},{"cards_removed":["White Noise"],"damage_healed":0,"gold_gain":0,"player_choice":"Take \u0026 Give","damage_taken":0,"max_hp_gain":0,"max_hp_loss":0,"event_name":"betterNote:BetterNote","floor":27,"gold_loss":0,"cards_obtained":["Self Repair"]},{"damage_healed":0,"gold_gain":0,"player_choice":"Opened","damage_taken":0,"relics_obtained":["Bag of Marbles"],"max_hp_gain":0,"max_hp_loss":0,"event_name":"The Mausoleum","floor":30,"gold_loss":0,"cards_obtained":["Writhe"]},{"cards_removed":["Defend_B"],"damage_healed":0,"gold_gain":0,"player_choice":"Removed Skill","damage_taken":0,"max_hp_gain":0,"max_hp_loss":0,"event_name":"Falling","floor":37,"gold_loss":0},{"cards_removed":["Strike_B"],"damage_healed":0,"gold_gain":0,"player_choice":"Card Removal","damage_taken":0,"max_hp_gain":0,"max_hp_loss":0,"event_name":"Wheel of Change","floor":47,"gold_loss":0}],"is_beta":false,"boss_relics":[{"not_picked":["hubris:BlackHole","Runic Pyramid"],"picked":"Calling Bell"},{"not_picked":["Pandora\u0027s Box","Snecko Eye"],"picked":"hubris:Backtick"}],"items_purged_floors":[],"is_endless":false,"potions_floor_spawned":[1,3,4,5,8,10,12,13,14,16,18,19,24,29,31,33,35,36,39,41,46,48],"ascension_level":14}}