{"host":"tr12w2fixbnujl15","time":1613432425,"event":{"mods":["100% Spire Juice","2.2 Compatiblity","A Penny For Your Troubles","BaseMod","Better Skull","Better Vampires","BetterRewards","Bossed Relics","CapriCore","Clockwork Mod","Colored Powertips","Evolution","Gremlin Skip","Hermit","Hubris","Infinite Spire","JesterMod","Jorbs\u0027s Wanderer Trilogy","Kalas","KinomotoSakuraMod(????)","Koishi","Mad Scientist","Magitek Elite","Mathematician","Minty Spire (QoL Compilation)","Permanent Neow","Quick Restart","Reimu??????","Relic Filter","Reliquary","Remilia_Scarlet Moed?????·?????3.3.5","Replay The Spire","SOS???????","Shade Mod","Shop Mod","StSLib","SuperFastMode","The Accelerator","The Bug Knight","The Construct","The Cursed","The Hayseed","The Hierophant","The Immortal","The Mystic","The Necromancer","The Runesmith","The Sage","The Senshi","The Servant 0.9.4","The Spell Scribe","The Valiant","The Vixen","The Wild Card","TheFirefly","TheSwordswoman","TheVelvet","Transform Curses","WarShipGirlsR/????R mod","Yakumo Yukari mod","[IsaacMod]????"],"gold_per_floor":[65,65,65,81,81,81,118,118,118,218,241,241,241,264,264,394,394,416,416,441,1022,1022,1066,1082,1082,1082,1082,1119,1119,1119,1146,1146,1268,1268,1294,1315,1358,1358,1368,1417,1441,1461,1507,1517,1517],"floor_reached":44,"language":"ENG","playtime":2258,"items_purged":["Strike_Valiant"],"score":878,"play_id":"15d7f1e3-66f6-40b0-be9d-eda11d06159e","local_time":"20210215184024","is_ascension_mode":false,"campfire_choices":[{"data":"1","floor":6,"key":"LIFT"},{"data":"2","floor":12,"key":"LIFT"},{"data":"3","floor":15,"key":"LIFT"},{"floor":30,"key":"RECALL"},{"floor":32,"key":"DIG"}],"circlet_count":0,"master_deck":["Strike_Valiant","Strike_Valiant","Strike_Valiant","Defend_Valiant","Defend_Valiant","Defend_Valiant","Defend_Valiant","MinorHealing+1","MinorHealing","DoctorFetus","Apotheosis+1","PiercingStab+1","TurnTables","DivineFavor","MightForm","Master of Strategy+1","Magnetism","Replay:Dark Deal","Radiance+1","Replay:Dark Deal+1","hubris:DuctTapeCard","Magnetism+1","DoctorFetus+1","Discovery+1","ReplayTheSpireMod:Brewmster+1","Apotheosis+1","Transmutation+1","Swift Strike+1","WideSmite","GracefulSiphon","WeakForm+1","Bombastic+1","WideSmite","TearSoul","GracefulSiphon","HolyStorm+1","Decimate+1","TurnTables+1","hubris:EnhanceAbility+1","GracefulSiphon","AbandonReason","hubris:DuctTapeCard","MightForm+1","SeekAnswers","AlmightySmite+1","Guardian","Radiance+1","Ensoul+1","TurnTables+1","CombatStance+1","Quickstep+1","GracefulSiphon+1","CombatDance+1","The Bomb+1","Swift Strike+1","MightForm+1","AuraDischarge+1","EmpoweringForce+1","DangerousSmash+1"],"relics":["Cross Pendant","EVO:Axolotl","HushsDoor","SteamSale","MerchantsRug","Strange Spoon","SteamSale","FossilizedHelix","HandDrill","Replay:Baseball","reliquary:WeakTea","Lee\u0027s Waffle","Orb Of Light","theSenshi:SailorFukuRelic","Calipers","Oddly Smooth Stone","Gambling Chip","hubris:MedicalManual","Replay:Multitool","CaptainsWheel","Chemical X","Ribbon","MoneyPower","Torii","Simple Rune","Unceasing Top","TungstenRod","theSenshi:FeatherClipsRelic","Guide Book","reliquary:PurpleTingedLeaf","Golden Egg","Potion Belt","hubris:PeanutButter","Replay:Bandana","ReplayTheSpireMod:ShopPack","Chaos","Astrolabe","Girya","MyShadow","Empty Cage","Runic Pyramid","infinitespire:EmpoweringShard","Lantern","Chameleon Ring","reliquary:TridentHead","hubris:DuctTape","infinitespire:ShieldingShard","infinitespire:FocusingShard","Frozen Egg 2","infinitespire:Broken Mirror","Bird Faced Urn","hubris:BlackHole","infinitespire:WardingShard","Onion Ring","reliquary:FingerTrap","MagicMushroom","hubris:MysteriousPyramids","sagemod:Blowpipe","Mercury Hourglass","hubris:SlimyHat","Juzu Bracelet","RuthlessExorcism:ReiMu","hubris:Zylophone","Mango","ReplayTheSpireMod:TigerMarble","Mummified Hand","Golden_Hairpin","InkBottle","Replay:Bottled Eggs","MaYiHuaBei","hubris:Metronome","ReplayTheSpireMod:Lightbulb","ReplayFunnel","Membership Card","Turnip","Runesmith:AutoHammer","reliquary:PartyBalloon"],"acts_visited":["Exordium","TheCity","TheBeyond"],"potions_floor_usage":[16,16,16,16,16],"damage_taken":[{"damage":0,"enemies":"Small Slimes","floor":1,"turns":1},{"damage":0,"enemies":"Jaw Worm","floor":4,"turns":1},{"damage":0,"enemies":"Lagavulin","floor":7,"turns":2},{"damage":0,"enemies":"Cultist","floor":11,"turns":1},{"damage":0,"enemies":"Exordium Wildlife","floor":14,"turns":1},{"damage":0,"enemies":"Fading Forest","floor":16,"turns":3},{"damage":0,"enemies":"Spheric Guardian","floor":18,"turns":1},{"damage":0,"enemies":"Chosen","floor":20,"turns":1},{"damage":0,"enemies":"Gremlin Leader","floor":23,"turns":3},{"damage":0,"enemies":"Sentry and Sphere","floor":24,"turns":1},{"damage":0,"enemies":"Slavers","floor":28,"turns":1},{"damage":0,"enemies":"Snecko","floor":31,"turns":1},{"damage":0,"enemies":"hubris:MusketHawk","floor":33,"turns":1},{"damage":0,"enemies":"3 Shapes","floor":35,"turns":1},{"damage":0,"enemies":"Orb Walker","floor":36,"turns":1},{"damage":0,"enemies":"Writhing Mass","floor":37,"turns":1},{"damage":0,"enemies":"Transient","floor":39,"turns":1},{"damage":0,"enemies":"Nightmare","floor":40,"turns":1},{"damage":0,"enemies":"Sphere and 2 Shapes","floor":41,"turns":1},{"damage":0,"enemies":"3 Darklings","floor":42,"turns":1},{"damage":141,"enemies":"Remilia_Byz","floor":44,"turns":6}],"seed_played":"-330985512263949656","potions_obtained":[{"floor":4,"key":"Block Potion"},{"floor":7,"key":"Explosive Potion"},{"floor":14,"key":"SpeedPotion"},{"floor":20,"key":"Ancient Potion"},{"floor":24,"key":"Block Potion"},{"floor":31,"key":"CultistPotion"},{"floor":33,"key":"Doom Potion"},{"floor":35,"key":"Explosive Potion"},{"floor":37,"key":"Ancient Potion"},{"floor":39,"key":"Reflective Coating"},{"floor":40,"key":"Adrenaline Potion"}],"is_trial":false,"path_per_floor":["M","?","?","M","?","R","E","$","T","?","M","R","?","M","R","B",null,"M","?","M","$","?","E","M","?","T","$","E","T","R","M","R","B",null,"M","M","M","$","M","NM","M","M","T","?"],"character_chosen":"TheValiant","items_purchased":["MerchantsRug","Strange Spoon","HandDrill","Replay:Baseball","reliquary:WeakTea","Lee\u0027s Waffle","Orb Of Light","theSenshi:SailorFukuRelic","Oddly Smooth Stone","Bomb","Apotheosis","PiercingStab","TurnTables","Replay:Multitool","DivineFavor","MightForm","Chemical X","Master of Strategy","MoneyPower","Torii","Magnetism","Simple Rune","Replay:Dark Deal","Unceasing Top","TungstenRod","theSenshi:FeatherClipsRelic","Guide Book","reliquary:PurpleTingedLeaf","Pear","Golden Egg","Potion Belt","hubris:PeanutButter","Replay:Bandana","Radiance","ReplayTheSpireMod:ShopPack","Transmutation","Chaos","Astrolabe","Girya","reliquary:Craggleroot","MyShadow","Empty Cage","Runic Pyramid","Transmutation","AttackPotion","AttackPotion","infinitespire:EmpoweringShard","hubris:AstralHammer","Lantern","HollowMod:PaleOreRelic","Doom Potion","CultistPotion","EntropicBrew","Replay:Dark Deal","Chameleon Ring","reliquary:TridentHead","infinitespire:ShieldingShard","Magnetism","infinitespire:FocusingShard","Frozen Egg 2","infinitespire:Broken Mirror","Bird Faced Urn","hubris:BlackHole","infinitespire:WardingShard","Onion Ring","DoctorFetus+1","Discovery","reliquary:FingerTrap","infinitespire:Lychee Nut","Honey Jar","MagicMushroom","hubris:MysteriousPyramids","sagemod:Blowpipe","Mercury Hourglass","hubris:SlimyHat","Juzu Bracelet","AttackPotion","RuthlessExorcism:ReiMu","hubris:Zylophone","ReplayTheSpireMod:Brewmster+1","Mango","Whetstone","hubris:EnhanceAbility+1","InkBottle","Replay:Bottled Eggs","Membership Card","Turnip","TurnTables+1","CombatStance","Quickstep","GracefulSiphon","CombatDance","The Bomb","Swift Strike"],"campfire_rested":0,"item_purchase_floors":[0,0,0,0,0,0,0,0,0,0,0,0,0,0,0,0,0,0,0,0,0,0,0,0,0,0,0,0,0,0,0,0,0,0,0,0,0,0,0,0,0,0,0,0,0,0,0,0,0,0,0,0,0,0,0,0,0,0,0,0,0,0,0,0,0,0,0,0,0,0,0,0,0,0,0,0,0,0,0,0,0,0,21,27,27,38,38,38,38,38,38,38,38,38],"current_hp_per_floor":[108,108,108,108,108,108,108,108,108,108,108,108,108,108,108,108,108,108,113,113,113,113,113,113,113,113,113,113,113,113,113,113,113,113,113,113,113,113,113,113,113,113,113,0,0],"gold":1517,"neow_bonus":"","is_daily":false,"chose_seed":false,"campfire_upgraded":0,"win_rate":0.0,"timestamp":1613432424,"path_taken":["M","?","?","M","?","R","E","?","T","?","M","R","?","M","R","BOSS","M","?","M","$","?","E","M","?","T","$","E","?","R","M","R","BOSS","M","M","M","$","M","NM","M","M","T","?"],"items_purchased_type":["Relic","Relic","Relic","Relic","Relic","Relic","Relic","Relic","Relic","Card","Card","Card","Card","Relic","Card","Card","Relic","Card","Relic","Relic","Card","Relic","Card","Relic","Relic","Relic","Relic","Relic","Relic","Relic","Relic","Relic","Relic","Card","Relic","Card","Card","Relic","Relic","Relic","Relic","Relic","Relic","Card","Potion","Potion","Relic","Relic","Relic","Relic","Potion","Potion","Potion","Card","Relic","Relic","Relic","Card","Relic","Relic","Relic","Relic","Relic","Relic","Relic","Card","Card","Relic","Relic","Relic","Relic","Relic","Relic","Relic","Relic","Relic","Potion","Relic","Relic","Card","Relic","Relic","Card","Relic","Relic","Relic","Relic","Card","Card","Card","Card","Card","Card","Card"],"build_version":"2020-12-22","purchased_purges":1,"victory":false,"max_hp_per_floor":[108,108,108,108,108,108,108,108,108,108,108,108,108,108,108,108,108,108,113,113,113,113,113,113,113,113,113,113,113,113,113,113,113,113,113,113,113,113,113,113,113,113,113,113,113],"card_choices":[{"not_picked":[],"picked":"DoctorFetus","floor":0},{"not_picked":["Secret Weapon","Violence","Battery"],"picked":"Apotheosis","floor":0},{"not_picked":["Bomb","Blind","Dramatic Entrance"],"picked":"Transmutation","floor":0},{"not_picked":["Mayhem","hubris:Ssssneak","Replay:Parry"],"picked":"Swift Strike","floor":0},{"not_picked":["SeekAnswers","CombatDance","ZealousPersecution"],"picked":"WideSmite","floor":1},{"not_picked":["ItsSmitingTime","HolyFury","Desperation"],"picked":"GracefulSiphon","floor":4},{"not_picked":[],"picked":"WeakForm","floor":5},{"not_picked":["TakeAim","ToweringCharge","PeacefulStance+1"],"picked":"Bombastic","floor":7},{"not_picked":["RecklessSmite","TakeAim","ArchangelsBoon"],"picked":"WideSmite","floor":10},{"not_picked":["ItsSmitingTime","ZealousPersecution","Decimate"],"picked":"TearSoul","floor":11},{"not_picked":["Uprising","UnyieldingZeal","CombatDance"],"picked":"GracefulSiphon","floor":14},{"not_picked":["DangerousSmash","AtAllCosts","TempoMaster+1"],"picked":"HolyStorm","floor":16},{"not_picked":["Cleanse+1","UnyieldingZeal","EmpoweringForce"],"picked":"Decimate+1","floor":18},{"not_picked":["ItsSmitingTime+1","ArchangelsBoon+1","ArcaneHealing+1"],"picked":"TurnTables+1","floor":20},{"not_picked":["AtAllCosts","Quickstep"],"picked":"GracefulSiphon","floor":23},{"not_picked":["FlashOfAnger","QuickSiphon"],"picked":"AbandonReason","floor":24},{"not_picked":["HolyFury","Vindication"],"picked":"MightForm+1","floor":28},{"not_picked":["ReduceToNothing","RecklessSmite+1"],"picked":"SeekAnswers","floor":31},{"not_picked":["Bombastic","AtAllCosts"],"picked":"AlmightySmite","floor":33},{"not_picked":["MightBracer","Retaliate+1"],"picked":"Guardian","floor":35},{"not_picked":["UnyieldingZeal+1","Guardian+1"],"picked":"Radiance+1","floor":36},{"not_picked":["Meaballize","Radiance+1"],"picked":"Ensoul+1","floor":37},{"not_picked":["UnyieldingZeal+1","StrainingSmite"],"picked":"MightForm+1","floor":39},{"not_picked":["Charge","WideSmite+1"],"picked":"AuraDischarge+1","floor":40},{"not_picked":["MaddeningRevelation","ToweringCharge+1"],"picked":"EmpoweringForce+1","floor":41},{"not_picked":["MercilessSmite","Cleanse+1"],"picked":"DangerousSmash","floor":42}],"player_experience":120593,"relics_obtained":[{"floor":7,"key":"Mythril_Glove"},{"floor":23,"key":"Mummified Hand"},{"floor":26,"key":"Golden_Hairpin"},{"floor":28,"key":"MaYiHuaBei"},{"floor":29,"key":"hubris:Metronome"},{"floor":32,"key":"ReplayTheSpireMod:Lightbulb"},{"floor":40,"key":"Runesmith:AutoHammer"},{"floor":43,"key":"reliquary:PartyBalloon"}],"event_choices":[{"damage_healed":0,"gold_gain":0,"player_choice":"Entered Light","damage_taken":22,"max_hp_gain":0,"max_hp_loss":0,"event_name":"Shining Light","floor":2,"gold_loss":0,"cards_upgraded":["MinorHealing","Strike_Valiant"]},{"damage_healed":0,"gold_gain":0,"player_choice":"Leave","damage_taken":0,"max_hp_gain":0,"max_hp_loss":0,"event_name":"The Cleric","floor":13,"gold_loss":0},{"damage_healed":0,"gold_gain":0,"player_choice":"Shed Blood","damage_taken":27,"max_hp_gain":5,"max_hp_loss":0,"event_name":"Forgotten Altar","floor":19,"gold_loss":0},{"damage_healed":0,"gold_gain":0,"player_choice":"Ignored","damage_taken":0,"max_hp_gain":0,"max_hp_loss":0,"event_name":"Beggar","floor":22,"gold_loss":0},{"damage_healed":0,"gold_gain":0,"player_choice":"Copied","damage_taken":0,"max_hp_gain":0,"max_hp_loss":0,"event_name":"Duplicator","floor":25,"gold_loss":0,"cards_obtained":["hubris:DuctTapeCard"]}],"is_beta":false,"boss_relics":[{"not_picked":["jesterMod:MachoBrace","reliquary:BallBearing"],"picked":"ReplayTheSpireMod:TigerMarble"},{"not_picked":[]},{"not_picked":["reliquary:PorcupineQuills","sagemod:Singing_Vial"],"picked":"ReplayFunnel"},{"not_picked":[]}],"items_purged_floors":[21],"is_endless":false,"potions_floor_spawned":[4,7,14,20,24,31,33,35,37,39,40],"killed_by":"Remilia_Byz","ascension_level":0}}