{"host":"ee5exjejqz6r5zx9","time":1613416334,"event":{"mods":["ATMod(阿瑾Mod)","Act Like it!","BaseMod","Card Forge","Colored Powertips","Custom Start","Gensokyo","HololiveMod","Minty Spire (QoL Compilation)","MostiFishMod","Quick Restart","Rare Cards Sparkle","Relic Filter Mod","Remove Card Discount Mod","Replay The Spire","RumiaBox-露米娅的神秘盒子","Shop Mod","StSLib","TestMod","【功能Mod】混沌之环修复补丁","【遗物卡牌】REMEMod"],"gold_per_floor":[3333,3333,2985,3002,3020,3020,3045,3063,3063,3063,1566,1594,1614,1628,1628,1702,1702,1716,1502,1512,1512,1530,1564,1564,1581,1606,1624,1459,1459,1488,1508,1508,1582,1582,1596,1608,1608,1522,1541,1571,1571,1571,1571,1603,1622,1622,1637,1668,1668,1668,1668,1668,1668,1451,1482,1482],"floor_reached":57,"language":"ZHS","playtime":1515,"items_purged":["Defend_G","Strike_G","Strike_G","Strike_G","Defend_G","Strike_G"],"score":3558,"play_id":"99fbf5ce-2a5e-4bde-9e07-ca6ad6a0ffad","local_time":"20210216031214","is_ascension_mode":true,"campfire_choices":[{"data":"Flechettes","floor":6.0,"key":"SMITH"},{"data":"Searing Blow+1","floor":10.0,"key":"SMITH"},{"data":"Searing Blow+2","floor":15.0,"key":"SMITH"},{"data":"Searing Blow+4","floor":24.0,"key":"SMITH"},{"data":"Searing Blow+5","floor":29.0,"key":"SMITH"},{"data":"Searing Blow+6","floor":32.0,"key":"SMITH"},{"data":"Searing Blow+7","floor":42,"key":"SMITH"},{"floor":49,"key":"RECALL"},{"data":"Searing Blow+8","floor":53,"key":"SMITH"}],"circlet_count":0,"master_deck":["AscendersBane","Survivor","Neutralize+1","Searing Blow+9","Flechettes+1","Acrobatics+1","MostiFishMod:Dislodge+1","Gensokyo:ManorOfTheDishes+1","Backflip+1","MostiFishMod:Dislodge+1","Calculated Gamble+1","Calculated Gamble+1"],"relics":["Ring of the Snake","Hammer of Thor","Seething Fire","Anvil of the Gods","testmod-TestBox","REME_ComplimentaryCards","AT_ATBox","testmod-Laevatain","ShadowXiaoBlade","SynthV:TestCard","Membership Card","Replay:Bottled Flurry","Mercury Hourglass","SynthV:MejaisSoulstealer","Incense Burner","Sozu","Ornamental Fan","Mirror","Ice Cream","Centennial Puzzle","ChiXiaoBlade","DaveBox","TimeFreeze","testmod-BouquetWithThorns","Eternal Feather","Replay:WaspNest","AT_BellowingDragoncrestRing","AT_EbonyIvory","Kunai","testmod-TurbochargingSystem"],"acts_visited":["Exordium","Gensokyo:Gensokyoer","Gensokyo:Gensokyoest","TheEnding"],"potions_floor_usage":[56],"damage_taken":[{"damage":0.0,"enemies":"Small Slimes","floor":1.0,"turns":1.0},{"damage":0.0,"enemies":"Cultist","floor":4.0,"turns":1.0},{"damage":0.0,"enemies":"Jaw Worm","floor":5.0,"turns":1.0},{"damage":0.0,"enemies":"Lagavulin","floor":7.0,"turns":2.0},{"damage":4.0,"enemies":"Exordium Wildlife","floor":8.0,"turns":2.0},{"damage":0.0,"enemies":"Gremlin Nob","floor":12.0,"turns":1.0},{"damage":0.0,"enemies":"Lots of Slimes","floor":13.0,"turns":1.0},{"damage":0.0,"enemies":"3 Louse","floor":14.0,"turns":1.0},{"damage":0.0,"enemies":"The Guardian","floor":16.0,"turns":1.0},{"damage":0.0,"enemies":"Gensokyo:CosmicMonolith","floor":18.0,"turns":1.0},{"damage":0.0,"enemies":"Gensokyo:2_Gloops","floor":20.0,"turns":1.0},{"damage":0.0,"enemies":"Gensokyo:Monolith_and_Dog","floor":22.0,"turns":1.0},{"damage":0.0,"enemies":"Gensokyo:Koishi","floor":23.0,"turns":2.0},{"damage":0.0,"enemies":"Gensokyo:3_Gloops","floor":25.0,"turns":2.0},{"damage":0.0,"enemies":"Gensokyo:Mirror_and_Dog","floor":27.0,"turns":1.0},{"damage":0.0,"enemies":"Gensokyo:Tenshi","floor":30.0,"turns":1.0},{"damage":0.0,"enemies":"Gensokyo:Wraith","floor":31.0,"turns":1.0},{"damage":0.0,"enemies":"Gensokyo:Kaguya","floor":33.0,"turns":2.0},{"damage":0.0,"enemies":"Gensokyo:3_Bats","floor":35.0,"turns":1.0},{"damage":0.0,"enemies":"Gensokyo:AncientGuardian","floor":36.0,"turns":1.0},{"damage":0.0,"enemies":"Gensokyo:SeedOfUnknown","floor":39.0,"turns":1.0},{"damage":0,"enemies":"Gensokyo:Marisa","floor":40,"turns":1},{"damage":0,"enemies":"Gensokyo:Kasen","floor":44,"turns":1},{"damage":0,"enemies":"Gensokyo:3_Boulders","floor":45,"turns":1},{"damage":0,"enemies":"Gensokyo:4_Bats","floor":47,"turns":1},{"damage":0,"enemies":"Gensokyo:Doremy","floor":48,"turns":1},{"damage":0,"enemies":"Gensokyo:Scarlet_Devils","floor":50,"turns":1},{"damage":0,"enemies":"Gensokyo:Yuyuko","floor":51,"turns":1},{"damage":0,"enemies":"Shield and Spear","floor":55,"turns":1},{"damage":0,"enemies":"The Heart","floor":56,"turns":1}],"seed_played":"-1551927132100453556","potions_obtained":[{"floor":1.0,"key":"Swift Potion"},{"floor":5.0,"key":"FearPotion"}],"is_trial":false,"path_per_floor":["M","?","$","M","M","R","E","M","T","R","$","E","M","M","R","B",null,"M","$","M","?","M","E","R","M","T","M","$","R","E","M","R","B",null,"M","M","?","$","M","E","?","R","T","E","M","?","M","E","R","B","B",null,"R","$","E","B",null],"character_chosen":"THE_SILENT","items_purchased":["Membership Card","Prepared","Dagger Spray+1","Replay:Bottled Flurry","SynthV:MejaisSoulstealer","MostiFishMod:Dislodge","MostiFishMod:FullyArmed","Ornamental Fan","Ice Cream","TimeFreeze","AT_EbonyIvory","Kunai"],"campfire_rested":0,"item_purchase_floors":[3,3,3,3,11,11,19,19,28,38,54,54],"current_hp_per_floor":[59,59,59,59,59,59,59,55,55,55,55,55,55,55,55,55,63,66,66,66,59,59,59,59,59,59,59,59,59,59,59,59,59,59,59,59,59,59,59,59,59,59,59,59,59,59,59,59,59,59,59,59,59,59,59,59],"gold":1482,"neow_bonus":"TRANSFORM_CARD","is_daily":false,"chose_seed":false,"campfire_upgraded":8,"win_rate":0.0,"timestamp":1613416334,"path_taken":["M","?","$","M","M","R","E","M","T","R","$","E","M","?","R","BOSS","M","$","M","?","M","E","R","M","T","M","$","R","E","M","R","BOSS","M","?","?","$","M","E","?","R","T","E","?","?","M","E","R","BOSS","BOSS","R","$","E","BOSS"],"items_purchased_type":["Relic","Card","Card","Relic","Relic","Card","Card","Relic","Relic","Relic","Relic","Relic"],"build_version":"2020-12-22","purchased_purges":6,"victory":true,"max_hp_per_floor":[66,66,66,66,66,66,66,66,66,66,66,66,66,66,66,66,66,66,66,66,59,59,59,59,59,59,59,59,59,59,59,59,59,59,59,59,59,59,59,59,59,59,59,59,59,59,59,59,59,59,59,59,59,59,59,59],"card_choices":[{"not_picked":["ReplayTheSpireMod:Exploit Weakness","AT_WindFlip"],"picked":"Acrobatics","floor":1.0},{"not_picked":["MostiFishMod:ThornCasing","Sucker Punch","Poisoned Stab","Bane"],"picked":"Acrobatics","floor":4.0},{"not_picked":["Dagger Throw","MostiFishMod:PoisonShield","Bouncing Flask","Deflect","Quick Slash"],"picked":"SKIP","floor":5.0},{"not_picked":["Bouncing Flask","AT_WindFlip","Prepared","Expertise"],"picked":"Reflex","floor":7.0},{"not_picked":["Replay:Poison Smokescreen","AT_Desolate","Dagger Spray","Outmaneuver","Riddle With Holes"],"picked":"SKIP","floor":8.0},{"not_picked":["Underhanded Strike","AT_ThistleTea","MostiFishMod:AdrenalineArouse","Slice","Bane"],"picked":"SKIP","floor":12.0},{"not_picked":["Dagger Throw","Quick Slash","Poisoned Stab","AT_KneejerkReflex","All Out Attack"],"picked":"SKIP","floor":13.0},{"not_picked":["Quick Slash","ReplayTheSpireMod:Speed Training","REME_ShadowStrike","ReplayTheSpireMod:Scrap Shanks"],"picked":"After Image","floor":14.0},{"not_picked":["MostiFishMod:PerfectParry+1","Sucker Punch","MostiFishMod:ThornCasing","ReplayTheSpireMod:Shiv Toss","Underhanded Strike"],"picked":"SKIP","floor":18.0},{"not_picked":["Outmaneuver","AT_WindFlip","All Out Attack","Acrobatics","AT_ThistleTea"],"picked":"SKIP","floor":20.0},{"not_picked":["Gensokyo:GapWoman","Gensokyo:MissMary","Gensokyo:EightFeetTall","Gensokyo:MenInBlack"],"picked":"Gensokyo:ManorOfTheDishes","floor":21.0},{"not_picked":["AT_WomanClash","Accuracy","Hidden Blade","PiercingWail","MostiFishMod:WinterMarkForm"],"picked":"SKIP","floor":22.0},{"not_picked":["AT_TwilightShroud","Predator","Sucker Punch","PiercingWail+1","MostiFishMod:Listen"],"picked":"SKIP","floor":23.0},{"not_picked":["Endless Agony","MostiFishMod:PerfectParry","Poisoned Stab","Flying Knee+1","PiercingWail"],"picked":"SKIP","floor":25.0},{"not_picked":["Dodge and Roll","Backflip+1","Dagger Throw","Prepared+1","Concentrate"],"picked":"SKIP","floor":27.0},{"not_picked":["Bane+1","Deflect","AT_Desolate","Flying Knee+1","Sucker Punch"],"picked":"SKIP","floor":30.0},{"not_picked":["Outmaneuver+1","Flying Knee","Sneak Up+1","Backflip","REME_ShadowForm"],"picked":"SKIP","floor":31.0},{"not_picked":["Outmaneuver+1","Flying Knee","Sneak Up+1","REME_ShadowForm"],"picked":"Backflip","floor":31.0},{"not_picked":["Venomology","Atom Bomb","Phantasmal Killer","MostiFishMod:WinterMarkForm"],"picked":"MostiFishMod:Dislodge","floor":33.0},{"not_picked":["Blade Dance","Cloak And Dagger","Quick Slash+1","Hidden Blade","Dagger Throw"],"picked":"SKIP","floor":35.0},{"not_picked":["AT_MyraUnstableElement","Underhanded Strike+1","Caltrops+1","PiercingWail","Predator"],"picked":"SKIP","floor":36.0},{"not_picked":["AT_MyraUnstableElement","Underhanded Strike+1","Caltrops+1","PiercingWail","Predator"],"picked":"SKIP","floor":36.0},{"not_picked":["PiercingWail","Acrobatics","Hidden Blade+1","Cloak And Dagger","Well Laid Plans"],"picked":"SKIP","floor":39},{"not_picked":["Glass Knife","MostiFishMod:FrostNova","Prepared","Sneak Up","AT_FocusSwordFire+1"],"picked":"SKIP","floor":40},{"not_picked":["Caltrops","Setup","MostiFishMod:ThornCasing","MostiFishMod:InvigoratingSolution","Noxious Fumes"],"picked":"SKIP","floor":44},{"not_picked":["AT_WindFlip","Dagger Spray","AT_ThistleTea","Backflip","Underhanded Strike+1"],"picked":"SKIP","floor":45},{"not_picked":["Deadly Poison","Footwork","Leg Sweep","Dagger Spray","Bane"],"picked":"SKIP","floor":47},{"not_picked":["Sucker Punch+1","PiercingWail","Hidden Blade","AT_TinkerSharpsword","Accuracy"],"picked":"SKIP","floor":48},{"not_picked":["REME_CopyPotion","Flying Knee+1","Crippling Poison","Backstab","Toxin Wave"],"picked":"SKIP","floor":55}],"player_experience":449998,"relics_obtained":[{"floor":1.0,"key":"SynthV:TestCard"},{"floor":7.0,"key":"Mercury Hourglass"},{"floor":12.0,"key":"Incense Burner"},{"floor":23.0,"key":"Mirror"},{"floor":30.0,"key":"Centennial Puzzle"},{"floor":40,"key":"testmod-BouquetWithThorns"},{"floor":43,"key":"Eternal Feather"},{"floor":44,"key":"Replay:WaspNest"},{"floor":48,"key":"AT_BellowingDragoncrestRing"},{"floor":55,"key":"testmod-TurbochargingSystem"}],"event_choices":[{"damage_healed":0.0,"max_hp_gain":0.0,"max_hp_loss":0.0,"gold_gain":0.0,"event_name":"Wheel of Change","player_choice":"Cursed","floor":2.0,"gold_loss":0.0,"damage_taken":0.0,"cards_obtained":["Decay"]},{"damage_healed":0.0,"max_hp_gain":0.0,"max_hp_loss":0.0,"gold_gain":0.0,"event_name":"给自己的盒子","player_choice":"Swap Relic","floor":37.0,"relics_lost":["DaveBox"],"gold_loss":0.0,"damage_taken":0.0,"relics_obtained":["DaveBox"]}],"is_beta":false,"boss_relics":[{"not_picked":["xbg","Painkiller Herb"],"picked":"Sozu"},{"not_picked":["Coffee Dripper","Runic Pyramid"],"picked":"ChiXiaoBlade"}],"items_purged_floors":[3,3,11,11,11,11],"is_endless":false,"potions_floor_spawned":[1,5,12,14,25,27,36,44,45,48],"ascension_level":20}}