{"host":"Cenci","time":1613421902,"event":{"mods":["BaseMod","Downfall","Highlight Path","Minty Spire (QoL Compilation)","StSLib"],"gold_per_floor":[99,118,137,152,166,194,194,221,241,141,176,191,207,234,249,345,345,245,264,282,282,301,57,108,8,8,20,20,20,20],"floor_reached":28,"language":"ENG","playtime":1075,"items_purged":[],"score":355,"play_id":"03e35714-5ea6-40ce-9bcb-93d873ee599c","local_time":"20210215214502","is_ascension_mode":true,"campfire_choices":[{"floor":1,"key":"RECALL"},{"floor":10,"key":"REST"},{"data":"champ:GladiatorStyle","floor":18,"key":"SMITH"},{"data":"champ:LastStand","floor":25,"key":"SMITH"}],"circlet_count":0,"master_deck":["champ:Strike","champ:Strike","champ:Strike","champ:Strike","champ:Defend","champ:Defend","champ:Defend","champ:Defend","champ:Execute","champ:Taunt+1","champ:GladiatorStyle+1","champ:CrownThrow","champ:CrownThrow","champ:ShieldWall","champ:TripleStrike","champ:EnGarde","champ:StrikeOfGenius","champ:Duel","champ:CrownThrow","downfall:Bewildered","champ:LastStand+1","champ:HoldFirm","Blind"],"relics":["champ:ChampionCrown","Akabeko","Strawberry","The Courier","downfall:HeartBlessingRed","Nunchaku","Question Card","Sozu","downfall:HeartBlessingGreen","sneckomod:BabySnecko","downfall:HeartBlessingBlue"],"acts_visited":["Exordium","TheCity"],"potions_floor_usage":[5,6,6,11,14,16],"damage_taken":[{"damage":10,"enemies":"Small Slimes","floor":2,"turns":3},{"damage":10,"enemies":"2 Louse","floor":3,"turns":2},{"damage":20,"enemies":"Cultist","floor":4,"turns":3},{"damage":20,"enemies":"Red Slaver","floor":5,"turns":3},{"damage":36,"enemies":"Gremlin Nob","floor":6,"turns":4},{"damage":61,"enemies":"Lagavulin","floor":8,"turns":7},{"damage":8,"enemies":"3 Louse","floor":9,"turns":3},{"damage":29,"enemies":"Gremlin Nob","floor":11,"turns":4},{"damage":6,"enemies":"Exordium Thugs","floor":12,"turns":3},{"damage":10,"enemies":"Large Slime","floor":13,"turns":4},{"damage":17,"enemies":"Lagavulin","floor":14,"turns":6},{"damage":10,"enemies":"2 Fungi Beasts","floor":15,"turns":2},{"damage":14,"enemies":"WA_ARCHETYPE_RETAIN","floor":16,"turns":6},{"damage":53,"enemies":"3 Byrds","floor":19,"turns":5},{"damage":0,"enemies":"Spheric Guardian","floor":20,"turns":3},{"damage":32,"enemies":"Snake Plant","floor":22,"turns":4},{"damage":14,"enemies":"downfall:FleeingMerchant","floor":23,"turns":4},{"damage":10,"enemies":"Cultist and Chosen","floor":27,"turns":4},{"damage":27,"enemies":"Book of Stabbing","floor":28,"turns":3}],"seed_played":"-3130341465129887477","potions_obtained":[{"floor":2,"key":"EssenceOfSteel"},{"floor":3,"key":"champ:OpenerPotion"},{"floor":5,"key":"FearPotion"},{"floor":8,"key":"Guardian:BlockOnCardUsePotion"},{"floor":11,"key":"champ:CounterPotion"},{"floor":12,"key":"Energy Potion"}],"is_trial":false,"path_per_floor":["R","M","M","M","M","E","T","E","M","R","E","M","M","E","M","B",null,"R","M","M","?","M","$","T","R","?","M","E"],"character_chosen":"THE_CHAMP","items_purchased":["champ:LastStand","champ:HoldFirm"],"campfire_rested":1,"item_purchase_floors":[23,23],"current_hp_per_floor":[81,81,81,81,81,62,69,28,20,49,30,24,24,17,17,13,76,76,53,53,53,21,17,17,27,27,27,0,0,0],"gold":20,"neow_bonus":"UPGRADE_CARD","is_daily":false,"chose_seed":false,"campfire_upgraded":2,"win_rate":0.0,"timestamp":1613421902,"path_taken":["R","M","M","M","M","E","T","E","M","R","E","M","M","E","M","BOSS","R","M","M","?","M","$","T","R","?","M","E"],"items_purchased_type":["Card","Card"],"build_version":"2020-11-17","purchased_purges":0,"victory":false,"max_hp_per_floor":[90,90,90,90,90,90,97,97,97,97,97,97,97,97,97,97,97,97,97,97,97,97,97,97,107,107,107,107,107,107],"card_choices":[{"not_picked":["champ:DefensiveShout","champ:FlashCut"],"picked":"champ:GladiatorStyle","floor":2},{"not_picked":["champ:Backstep","champ:IronFortress","champ:ShieldSigil"],"picked":"SKIP","floor":3},{"not_picked":["champ:AdrenalArmor","champ:EnragedBash"],"picked":"champ:CrownThrow","floor":4},{"not_picked":["champ:BerserkersShout","champ:PreemptiveStrike","champ:SkillfulDodge"],"picked":"SKIP","floor":5},{"not_picked":["champ:TornadoPunch","champ:StanceDance","champ:BerserkersShout"],"picked":"SKIP","floor":6},{"not_picked":["champ:BerserkerStyle","champ:Circumvent","champ:FaceSlap"],"picked":"SKIP","floor":8},{"not_picked":["champ:GutPunch","champ:Circumvent"],"picked":"champ:CrownThrow","floor":9},{"not_picked":["champ:SetATrap","champ:FlashCut","champ:RageSigil"],"picked":"SKIP","floor":11},{"not_picked":["champ:ShieldSlam","champ:PreciseThrust"],"picked":"champ:ShieldWall","floor":12},{"not_picked":["champ:AdrenalArmor","champ:Backstep","champ:HeartStrike"],"picked":"SKIP","floor":13},{"not_picked":["champ:CrookedStrike","champ:StanceDance"],"picked":"champ:TripleStrike","floor":14},{"not_picked":["champ:Shatter","champ:PreciseThrust","champ:BladeFlurry"],"picked":"champ:EnGarde","floor":15},{"not_picked":["champ:ShieldThrow","champ:IgnorePain","champ:DancingMaster"],"picked":"champ:StrikeOfGenius","floor":16},{"not_picked":["champ:ArenaPreparation","champ:ShieldSigil+1","champ:Backstep+1"],"picked":"champ:Duel","floor":19},{"not_picked":["champ:ShieldSigil","champ:ShieldThrow","champ:TornadoPunch"],"picked":"champ:CrownThrow","floor":20},{"not_picked":["champ:Backstep","champ:Shatter","champ:PreciseThrust","champ:GutPunch"],"picked":"SKIP","floor":22},{"not_picked":["champ:FlashCut","champ:Shatter+1","champ:Haymaker","champ:DefensiveShout+1"],"picked":"SKIP","floor":23},{"not_picked":["champ:FalseCounter","champ:HeartStrike","champ:Circumvent","champ:BerserkersShout"],"picked":"SKIP","floor":27}],"player_experience":335717,"relics_obtained":[{"floor":6,"key":"Akabeko"},{"floor":7,"key":"Strawberry"},{"floor":8,"key":"The Courier"},{"floor":11,"key":"Nunchaku"},{"floor":14,"key":"Question Card"}],"event_choices":[],"is_beta":true,"boss_relics":[{"not_picked":["Cursed Key","Snecko Eye"],"picked":"Sozu"}],"items_purged_floors":[],"is_endless":false,"potions_floor_spawned":[2,3,5,8,11,12,19,22,27],"killed_by":"Book of Stabbing","ascension_level":6}}