{"host":"21h5e52imz35vo8g","time":1613396088,"event":{"mods":["AchievementEnabler","BaseMod","Colored Map","Colored Powertips","Googly Eyes","Minty Spire (QoL Compilation)","Quick Restart","Rare Cards Sparkle","Replay The Spire","StSLib"],"gold_per_floor":[119,69,69,69,84,122,122,60,105,124,124,135,210,241,241],"floor_reached":14,"language":"ZHS","playtime":657,"items_purged":[],"score":135,"play_id":"470ec595-5459-4152-bfe1-7b2dc93b2b15","local_time":"20210215213448","is_ascension_mode":true,"campfire_choices":[{"data":"Zap","floor":7,"key":"SMITH"}],"circlet_count":0,"master_deck":["Strike_B+1","Strike_B","Strike_B+1","Defend_B","Defend_B","Defend_B","Defend_B","Zap+1","BasicCrystalCard","Stack","Loop","FIFO Queue"],"relics":["Cracked Core","NeowsBlessing","CeramicFish","Replay:Bottled Flurry","Oddly Smooth Stone","ReplayTheSpireMod:Ring of Challenge","Whetstone"],"acts_visited":["Exordium"],"potions_floor_usage":[],"damage_taken":[{"damage":0,"enemies":"Small Slimes","floor":1,"turns":1},{"damage":0,"enemies":"Jaw Worm","floor":5,"turns":1},{"damage":0,"enemies":"3 Sentries","floor":6,"turns":1},{"damage":4,"enemies":"Cultist","floor":10,"turns":4},{"damage":11,"enemies":"Exordium Wildlife","floor":12,"turns":5},{"damage":45,"enemies":"Gremlin Nob","floor":14,"turns":5}],"seed_played":"2003130334206772883","potions_obtained":[{"floor":5,"key":"SpeedPotion"},{"floor":14,"key":"Weak Potion"}],"is_trial":false,"path_per_floor":["M","?","?","T","M","E","R","$","T","M","?","M","?","E"],"character_chosen":"DEFECT","items_purchased":["Loop"],"campfire_rested":0,"item_purchase_floors":[8],"current_hp_per_floor":[75,75,75,75,75,75,75,75,75,71,71,60,49,4,4],"gold":241,"neow_bonus":"THREE_ENEMY_KILL","is_daily":false,"chose_seed":false,"campfire_upgraded":1,"win_rate":0.0,"timestamp":1613396088,"path_taken":["M","?","?","?","M","E","R","$","T","?","?","M","?","E"],"items_purchased_type":["Card"],"build_version":"2020-12-22","purchased_purges":0,"victory":false,"max_hp_per_floor":[75,75,75,75,75,75,75,75,75,75,75,75,75,75,75],"card_choices":[{"not_picked":["Panic Button","Coolheaded"],"picked":"BasicCrystalCard","floor":1},{"not_picked":["Rip and Tear","Reinforced Body","BasicCrystalCard"],"picked":"SKIP","floor":5},{"not_picked":["Steam Power","Beam Cell"],"picked":"Stack","floor":6},{"not_picked":["FTL","BootSequence"],"picked":"FIFO Queue","floor":10},{"not_picked":["Hello World","Panic Button","Redo"],"picked":"SKIP","floor":12}],"player_experience":381412,"relics_obtained":[{"floor":4,"key":"CeramicFish"},{"floor":6,"key":"Replay:Bottled Flurry"},{"floor":9,"key":"Oddly Smooth Stone"},{"floor":11,"key":"ReplayTheSpireMod:Ring of Challenge"},{"floor":14,"key":"Whetstone"}],"event_choices":[{"cards_removed":["Dualcast"],"damage_healed":0,"gold_gain":0,"player_choice":"Card Removal","damage_taken":0,"max_hp_gain":0,"max_hp_loss":0,"event_name":"The Cleric","floor":2,"gold_loss":50},{"cards_removed":["Strike_B"],"damage_healed":0,"gold_gain":0,"player_choice":"Forget","damage_taken":0,"max_hp_gain":0,"max_hp_loss":0,"event_name":"Living Wall","floor":3,"gold_loss":0},{"damage_healed":0,"gold_gain":75,"player_choice":"Gather Gold","damage_taken":11,"max_hp_gain":0,"max_hp_loss":0,"event_name":"World of Goop","floor":13,"gold_loss":0}],"is_beta":false,"boss_relics":[],"items_purged_floors":[],"is_endless":false,"potions_floor_spawned":[5,14],"killed_by":"Gremlin Nob","ascension_level":2}}