{"host":"raaimkojny05jekw","time":1613408024,"event":{"mods":["AchievementEnabler","BaseMod","Colored Map","Colored Powertips","DeckTracker","Minty Spire (QoL Compilation)","Quick Restart","Rare Cards Sparkle","everything is the same but u backflip on backflip"],"gold_per_floor":[11,28,28,53,53,53,92,106,178,191,191,209,209,239,239,239,239],"floor_reached":16,"language":"KOR","playtime":475,"items_purged":[],"score":138,"play_id":"c71c328a-12c4-4037-85f6-a29934edd3d8","local_time":"20210216015344","is_ascension_mode":true,"campfire_choices":[{"data":"Berserk","floor":6,"key":"SMITH"},{"data":"Bash","floor":13,"key":"SMITH"},{"data":"Heavy Blade","floor":15,"key":"SMITH"}],"circlet_count":0,"master_deck":["Strike_R","Strike_R","Strike_R","Strike_R","Strike_R","Defend_R","Defend_R","Defend_R","Defend_R","Bash+1","Berserk+1","Inflame","Sword Boomerang","Heavy Blade+1","Seeing Red","Ghostly Armor","Shockwave","Shrug It Off"],"relics":["Burning Blood","Golden Idol","CaptainsWheel","Shuriken","Kunai","Odd Mushroom"],"acts_visited":["Exordium"],"potions_floor_usage":[7,12,14,14],"damage_taken":[{"damage":9,"enemies":"Jaw Worm","floor":1,"turns":3},{"damage":5,"enemies":"Small Slimes","floor":2,"turns":4},{"damage":4,"enemies":"Cultist","floor":4,"turns":4},{"damage":24,"enemies":"Gremlin Nob","floor":7,"turns":3},{"damage":5,"enemies":"Exordium Wildlife","floor":8,"turns":3},{"damage":7,"enemies":"Looter","floor":10,"turns":3},{"damage":2,"enemies":"Blue Slaver","floor":12,"turns":4},{"damage":0,"enemies":"The Mushroom Lair","floor":14,"turns":4},{"damage":44,"enemies":"The Guardian","floor":16,"turns":9}],"seed_played":"140042675591310051","potions_obtained":[{"floor":1,"key":"EssenceOfSteel"},{"floor":4,"key":"GamblersBrew"},{"floor":5,"key":"CultistPotion"},{"floor":5,"key":"AttackPotion"},{"floor":8,"key":"Swift Potion"},{"floor":14,"key":"Explosive Potion"}],"is_trial":false,"path_per_floor":["M","M","?","M","?","R","E","M","T","M","T","M","R","?","R","B"],"character_chosen":"IRONCLAD","items_purchased":[],"campfire_rested":0,"item_purchase_floors":[],"current_hp_per_floor":[69,70,50,52,52,52,34,35,35,34,34,38,38,44,44,0,0],"gold":239,"neow_bonus":"THREE_RARE_CARDS","is_daily":false,"chose_seed":false,"campfire_upgraded":3,"win_rate":0.0,"timestamp":1613408024,"path_taken":["M","M","?","M","?","R","E","M","T","?","?","M","R","?","R","BOSS"],"items_purchased_type":[],"build_version":"2020-12-22","purchased_purges":0,"victory":false,"max_hp_per_floor":[80,80,80,80,80,80,80,80,80,80,80,80,80,80,80,80,80],"card_choices":[{"not_picked":["Limit Break","Double Tap"],"picked":"Berserk","floor":0},{"not_picked":["Armaments","Burning Pact"],"picked":"Inflame","floor":1},{"not_picked":["Clothesline","Dual Wield"],"picked":"Sword Boomerang","floor":2},{"not_picked":["Flex","Ghostly Armor"],"picked":"Heavy Blade","floor":4},{"not_picked":["Sword Boomerang","Berserk"],"picked":"Seeing Red","floor":7},{"not_picked":["Sentinel","Cleave"],"picked":"Ghostly Armor","floor":8},{"not_picked":["Havoc","Cleave"],"picked":"Shockwave","floor":10},{"not_picked":["Rampage","Carnage","Body Slam"],"picked":"SKIP","floor":12},{"not_picked":["Anger","Dark Embrace"],"picked":"Shrug It Off","floor":14}],"player_experience":750513,"relics_obtained":[{"floor":7,"key":"CaptainsWheel"},{"floor":9,"key":"Shuriken"},{"floor":11,"key":"Kunai"},{"floor":14,"key":"Odd Mushroom"}],"event_choices":[{"damage_healed":0,"gold_gain":0,"player_choice":"Take Damage","damage_taken":20,"relics_obtained":["Golden Idol"],"max_hp_gain":0,"max_hp_loss":0,"event_name":"Golden Idol","floor":3,"gold_loss":0},{"damage_healed":0,"gold_gain":0,"player_choice":"Got Potions","damage_taken":0,"max_hp_gain":0,"max_hp_loss":0,"event_name":"Lab","floor":5,"gold_loss":0},{"damage_healed":0,"gold_gain":0,"player_choice":"Fought Mushrooms","damage_taken":0,"max_hp_gain":0,"max_hp_loss":0,"event_name":"Mushrooms","floor":14,"gold_loss":0}],"is_beta":false,"boss_relics":[],"items_purged_floors":[],"is_endless":false,"potions_floor_spawned":[1,4,8,10,14],"killed_by":"The Guardian","ascension_level":7}}