{"host":"p4g1m23y8pjizsy1","time":1613367341,"event":{"mods":["BaseMod","Minty Spire (QoL Compilation)","StSLib"],"gold_per_floor":[117,117,117,117,128,163,180,180,248,248,259,259,359,390,390,488,488,505,518,533,547,547,547,547],"floor_reached":23,"language":"ENG","playtime":1456,"items_purged":[],"score":211,"play_id":"2c9a051d-20d7-4142-828d-4629639bc98e","local_time":"20210214223541","is_ascension_mode":true,"campfire_choices":[{"data":"Fiend Fire","floor":8,"key":"SMITH"},{"data":"Cleave","floor":12,"key":"SMITH"},{"floor":15,"key":"REST"}],"circlet_count":0,"master_deck":["Strike_R","Strike_R","Strike_R","Strike_R","Strike_R","Defend_R","Defend_R","Defend_R","Defend_R","Fiend Fire+1","Cleave+1","Perfected Strike","Iron Wave","Iron Wave","Clash","Perfected Strike","Barricade","Clash","Clash","Blood for Blood"],"relics":["Burning Blood","Strawberry","Bottled Flame","Singing Bowl","Runic Dome"],"acts_visited":["Exordium","TheCity"],"potions_floor_usage":[6,6,16,16,21,23],"damage_taken":[{"damage":3,"enemies":"Jaw Worm","floor":1,"turns":4},{"damage":0,"enemies":"2 Louse","floor":5,"turns":2},{"damage":15,"enemies":"Lagavulin","floor":6,"turns":5},{"damage":0,"enemies":"Cultist","floor":7,"turns":2},{"damage":20,"enemies":"Looter","floor":11,"turns":3},{"damage":12,"enemies":"Gremlin Nob","floor":14,"turns":4},{"damage":57,"enemies":"Slime Boss","floor":16,"turns":11},{"damage":25,"enemies":"Shell Parasite","floor":18,"turns":4},{"damage":10,"enemies":"Spheric Guardian","floor":19,"turns":3},{"damage":16,"enemies":"Cultist and Chosen","floor":20,"turns":5},{"damage":23,"enemies":"Centurion and Healer","floor":21,"turns":5},{"damage":25,"enemies":"Gremlin Leader","floor":23,"turns":1}],"seed_played":"4843030409211428380","potions_obtained":[{"floor":1,"key":"Fire Potion"},{"floor":5,"key":"ColorlessPotion"},{"floor":7,"key":"Weak Potion"},{"floor":14,"key":"Weak Potion"},{"floor":19,"key":"Swift Potion"},{"floor":20,"key":"SneckoOil"}],"is_trial":false,"path_per_floor":["M","?","?","$","M","E","M","R","T","?","M","R","?","E","R","B",null,"M","M","M","M","?","E"],"character_chosen":"IRONCLAD","items_purchased":[],"campfire_rested":1,"item_purchase_floors":[],"current_hp_per_floor":[80,80,80,80,80,78,84,84,84,84,70,70,70,64,87,36,87,68,64,54,39,22,0,0],"gold":547,"neow_bonus":"TRANSFORM_CARD","is_daily":false,"chose_seed":false,"campfire_upgraded":2,"win_rate":0.0,"timestamp":1613367341,"path_taken":["M","?","?","?","M","E","M","R","T","?","?","R","?","E","R","BOSS","M","?","M","M","?","E"],"items_purchased_type":[],"build_version":"2020-12-22","purchased_purges":0,"victory":false,"max_hp_per_floor":[80,80,80,80,80,87,87,87,87,87,87,87,87,87,87,87,87,87,87,87,89,94,94,94],"card_choices":[{"not_picked":["Dual Wield","Flex"],"picked":"Cleave","floor":1},{"not_picked":["Pommel Strike","Searing Blow"],"picked":"Perfected Strike","floor":5},{"not_picked":["Warcry","Sword Boomerang"],"picked":"Iron Wave","floor":6},{"not_picked":["Twin Strike","Pommel Strike"],"picked":"Iron Wave","floor":7},{"not_picked":["Battle Trance","Heavy Blade"],"picked":"Clash","floor":11},{"not_picked":["Second Wind","Wild Strike"],"picked":"Perfected Strike","floor":14},{"not_picked":["Immolate","Impervious"],"picked":"Barricade","floor":16},{"not_picked":["Ghostly Armor+1","Cleave"],"picked":"Clash","floor":18},{"not_picked":["Anger","Twin Strike"],"picked":"Clash","floor":19},{"not_picked":["Flame Barrier+1","Bloodletting+1"],"picked":"Blood for Blood","floor":20},{"not_picked":["Entrench","Dual Wield+1","Wild Strike"],"picked":"Singing Bowl","floor":21}],"player_experience":196021,"relics_obtained":[{"floor":6,"key":"Strawberry"},{"floor":9,"key":"Bottled Flame"},{"floor":14,"key":"Singing Bowl"}],"event_choices":[{"damage_healed":0,"gold_gain":0,"player_choice":"Ignored","damage_taken":0,"max_hp_gain":0,"max_hp_loss":0,"event_name":"Golden Wing","floor":2,"gold_loss":0},{"damage_healed":0,"gold_gain":0,"player_choice":"Leave","damage_taken":0,"max_hp_gain":0,"max_hp_loss":0,"event_name":"The Cleric","floor":3,"gold_loss":0},{"damage_healed":0,"gold_gain":0,"player_choice":"Ignored","damage_taken":0,"max_hp_gain":0,"max_hp_loss":0,"event_name":"Purifier","floor":10,"gold_loss":0},{"damage_healed":0,"gold_gain":100,"player_choice":"Pray","damage_taken":0,"max_hp_gain":0,"max_hp_loss":0,"event_name":"Golden Shrine","floor":13,"gold_loss":0},{"damage_healed":0,"gold_gain":0,"player_choice":"Shed Blood","damage_taken":22,"max_hp_gain":5,"max_hp_loss":0,"event_name":"Forgotten Altar","floor":22,"gold_loss":0}],"is_beta":false,"boss_relics":[{"not_picked":["Empty Cage","Pandora\u0027s Box"],"picked":"Runic Dome"}],"items_purged_floors":[],"is_endless":false,"potions_floor_spawned":[1,5,7,14,19,20],"killed_by":"Gremlin Leader","ascension_level":1}}