{"host":"pi8b3ffzwvxqztac","time":1613362169,"event":{"mods":["BaseMod","Colored Map","Custom Start","Downfall","Minty Spire (QoL Compilation)","StSLib"],"gold_per_floor":[99,110,110,129,129,29,29,49,49,65,76,76,76,76],"floor_reached":12,"language":"ENG","playtime":427,"items_purged":[],"score":105,"play_id":"a32257e7-326b-4aab-8fa0-285e56ec5dde","local_time":"20210215170929","is_ascension_mode":true,"campfire_choices":[{"floor":1.0,"key":"RECALL"},{"data":"bronze:Boost","floor":6,"key":"SMITH"},{"floor":9,"key":"REST"}],"circlet_count":0,"master_deck":["AscendersBane","bronze:Strike","bronze:Strike","bronze:Strike","bronze:Strike","bronze:Defend","bronze:Defend","bronze:Defend","bronze:Defend","bronze:Replicate","bronze:Goto","bronze:Boost+1","bronze:Optimize"],"relics":["bronze:BronzeCore","Orichalcum","downfall:ShatteredFragment","downfall:HeartBlessingRed"],"acts_visited":["Exordium"],"potions_floor_usage":[],"damage_taken":[{"damage":6,"enemies":"Small Slimes","floor":2,"turns":6},{"damage":4,"enemies":"Jaw Worm","floor":4,"turns":2},{"damage":0,"enemies":"Cultist","floor":8,"turns":3},{"damage":0,"enemies":"2 Fungi Beasts","floor":10,"turns":2},{"damage":8,"enemies":"Large Slime","floor":11,"turns":5},{"damage":57,"enemies":"Gremlin Nob","floor":12,"turns":5}],"seed_played":"-2454532659803578304","potions_obtained":[{"floor":8,"key":"LiquidMemories"},{"floor":10,"key":"bronze:CleanCodePotion"}],"is_trial":false,"path_per_floor":["R","M","?","M","?","R","T","M","R","M","M","E"],"character_chosen":"THE_AUTOMATON","items_purchased":[],"campfire_rested":1,"item_purchase_floors":[],"current_hp_per_floor":[63,57,36,32,32,32,32,32,53,53,45,0,0,0],"gold":76,"neow_bonus":"RANDOM_COMMON_RELIC","is_daily":false,"chose_seed":false,"campfire_upgraded":1,"win_rate":0.0,"timestamp":1613362169,"path_taken":["R","M","?","M","?","R","T","M","R","M","?","E"],"items_purchased_type":[],"build_version":"2020-12-22","purchased_purges":0,"victory":false,"max_hp_per_floor":[70,70,70,70,70,70,70,70,70,70,70,70,70,70],"card_choices":[{"not_picked":["bronze:Frontload","bronze:Repulsor"],"picked":"bronze:Boost","floor":2},{"not_picked":["bronze:DelayedSlice","bronze:Separator","bronze:Constructor"],"picked":"SKIP","floor":4},{"not_picked":["bronze:DelayedSlice","bronze:Turbo","bronze:Shield"],"picked":"SKIP","floor":8},{"not_picked":["bronze:DelayedSlice","bronze:Turbo","bronze:Shield"],"picked":"SKIP","floor":8},{"not_picked":["bronze:DelayedSlice","bronze:Shield","bronze:TinkerersToolbox"],"picked":"SKIP","floor":10},{"not_picked":["bronze:Overload","bronze:CloningBeam"],"picked":"bronze:Optimize","floor":11}],"player_experience":794737,"relics_obtained":[],"event_choices":[],"is_beta":false,"boss_relics":[],"items_purged_floors":[],"is_endless":false,"potions_floor_spawned":[8,10],"killed_by":"Gremlin Nob","ascension_level":10}}