{"host":"hk3n60c9tb8azi3z","time":1613379246,"event":{"mods":["AchievementEnabler","BaseMod","Minty Spire (QoL Compilation)","Relic Sorter","Relic Stats"],"gold_per_floor":[117,127,127,138,158,187,207,54,54,83,116,116,116,116,116,216,216,227,227,227,87,104,133,147,181,227,227,239,13,13,13,13,112,112,123,137,137,149,199,199,216,6030,6039,6039,6064,6064,6064,6094,6094,6094,6094,6094,56,84,84],"floor_reached":56,"language":"ENG","playtime":4716,"items_purged":[],"score":2061,"play_id":"ebbf33ed-473c-422b-a9df-2472a2f36c05","local_time":"20210215095405","daily_mods":["SealedDeck","Hoarder","Heirloom","Flight","Lethality"],"is_ascension_mode":false,"campfire_choices":[{"data":"Calculated Gamble","floor":12.0,"key":"SMITH"},{"data":"Calculated Gamble","floor":13.0,"key":"SMITH"},{"data":"Tactician","floor":15.0,"key":"SMITH"},{"data":"Tactician","floor":30.0,"key":"SMITH"},{"data":"Tactician","floor":32.0,"key":"SMITH"},{"data":"Adrenaline","floor":40.0,"key":"SMITH"},{"floor":44,"key":"RECALL"},{"data":"Well Laid Plans","floor":47,"key":"SMITH"},{"data":"Footwork","floor":49,"key":"SMITH"},{"data":"Calculated Gamble","floor":52,"key":"SMITH"}],"circlet_count":21,"master_deck":["Poisoned Stab","Poisoned Stab","Poisoned Stab","Backflip","Backflip","Backflip","Acrobatics","Acrobatics","Acrobatics","Crippling Poison","Crippling Poison","Crippling Poison","Backflip","Backflip","Backflip","PiercingWail","PiercingWail","PiercingWail","Terror","Terror","Terror","Bane+1","Bane","Bane","Bane","Bane","Bane","Noxious Fumes","Noxious Fumes","Noxious Fumes","Reflex","Reflex","Reflex+1","Blur","Blur","Blur","Adrenaline","Adrenaline","Adrenaline+1","Bouncing Flask","Bouncing Flask","Bouncing Flask","Calculated Gamble+1","Calculated Gamble+1","Calculated Gamble+1","Tactician+1","Tactician+1","Tactician","Outmaneuver","Outmaneuver","Outmaneuver","PiercingWail","PiercingWail","PiercingWail","Night Terror","Night Terror","Night Terror","Well Laid Plans+1","Well Laid Plans","Well Laid Plans","Concentrate","Concentrate","Concentrate","Night Terror","Night Terror","Night Terror","Underhanded Strike","Underhanded Strike","Underhanded Strike","Shame","Shame","Shame","Doubt","Doubt","Doubt","Calculated Gamble+1","Calculated Gamble","Calculated Gamble","Acrobatics","Acrobatics","Acrobatics","Concentrate","Concentrate","Concentrate","Tactician+1","Tactician","Tactician","Tools of the Trade","Tools of the Trade","Tools of the Trade","Footwork+1","Footwork","Footwork","Flash of Steel","Flash of Steel","Flash of Steel+1","Injury","Injury","Injury","Acrobatics+1","Acrobatics+1","Acrobatics+1","Noxious Fumes+1","Noxious Fumes+1","Noxious Fumes+1","Backflip+1","Backflip+1","Backflip+1","Distraction+1","Distraction+1","Distraction+1","Leg Sweep+1","Leg Sweep+1","Leg Sweep+1","Noxious Fumes+1","Noxious Fumes+1","Noxious Fumes+1","Deep Breath+1","Deep Breath+1","Deep Breath+1","Predator+1","Predator+1","Predator+1"],"relics":["Ring of the Snake","Turnip","Singing Bowl","Gremlin Horn","Pantograph","Bottled Flame","Anchor","Cursed Key","The Courier","The Specimen","Snake Skull","DollysMirror","Busted Crown","Lizard Tail","Ice Cream","Lee\u0027s Waffle","HornCleat","Meat on the Bone","Gambling Chip","Bag of Marbles","White Beast Statue","Bronze Scales","Nunchaku","Ancient Tea Set","Lantern","Blood Vial","Thread and Needle","Whetstone","Akabeko","Incense Burner","Kunai","Blue Candle","Happy Flower","PreservedInsect","Potion Belt","Frozen Egg 2","Eternal Feather","Dream Catcher","MealTicket","Pear","Pen Nib","CeramicFish","Strawberry","Question Card","Pocketwatch","Sundial","Ornamental Fan","Vajra","Darkstone Periapt","Orichalcum","CaptainsWheel","Tough Bandages","Mercury Hourglass","Shuriken","Tingsha","War Paint","Bag of Preparation","Mummified Hand","Girya","Oddly Smooth Stone","Juzu Bracelet","Toxic Egg 2","Bottled Lightning","Regal Pillow","Centennial Puzzle","Bottled Tornado","Shovel","Molten Egg 2","Boot","StrikeDummy","InkBottle","Paper Crane","Calipers","Mango","FossilizedHelix","Bird Faced Urn","Du-Vu Doll","Torii","Prayer Wheel","Unceasing Top","Circlet","OrangePellets"],"acts_visited":["TheEnding"],"potions_floor_usage":[],"damage_taken":[{"damage":0.0,"enemies":"Small Slimes","floor":1.0,"turns":3.0},{"damage":0.0,"enemies":"Cultist","floor":2.0,"turns":3.0},{"damage":7.0,"enemies":"Jaw Worm","floor":4.0,"turns":4.0},{"damage":0.0,"enemies":"2 Fungi Beasts","floor":5.0,"turns":2.0},{"damage":14.0,"enemies":"Gremlin Nob","floor":6.0,"turns":3.0},{"damage":0.0,"enemies":"Exordium Wildlife","floor":7.0,"turns":3.0},{"damage":20.0,"enemies":"Lagavulin","floor":10.0,"turns":4.0},{"damage":12.0,"enemies":"3 Sentries","floor":11.0,"turns":4.0},{"damage":11.0,"enemies":"The Guardian","floor":16.0,"turns":8.0},{"damage":0.0,"enemies":"2 Thieves","floor":18.0,"turns":4.0},{"damage":2.0,"enemies":"Shell Parasite","floor":22.0,"turns":3.0},{"damage":0.0,"enemies":"Book of Stabbing","floor":23.0,"turns":4.0},{"damage":0.0,"enemies":"Sentry and Sphere","floor":24.0,"turns":4.0},{"damage":6.0,"enemies":"Slavers","floor":25.0,"turns":6.0},{"damage":5.0,"enemies":"Snecko","floor":28.0,"turns":3.0},{"damage":0.0,"enemies":"Collector","floor":33.0,"turns":6.0},{"damage":9.0,"enemies":"Orb Walker","floor":35.0,"turns":3.0},{"damage":0.0,"enemies":"3 Darklings","floor":36.0,"turns":4.0},{"damage":0.0,"enemies":"Spire Growth","floor":38.0,"turns":3.0},{"damage":39.0,"enemies":"2 Orb Walkers","floor":39.0,"turns":5.0},{"damage":4.0,"enemies":"Jaw Worm Horde","floor":41.0,"turns":3.0},{"damage":0,"enemies":"Nemesis","floor":45,"turns":1},{"damage":0,"enemies":"Giant Head","floor":48,"turns":1},{"damage":0,"enemies":"Donu and Deca","floor":50,"turns":2},{"damage":0,"enemies":"Shield and Spear","floor":54,"turns":2},{"damage":0,"enemies":"The Heart","floor":55,"turns":4}],"seed_played":"-7836701469238748347","potions_obtained":[{"floor":6.0,"key":"Regen Potion"},{"floor":10.0,"key":"CunningPotion"},{"floor":16.0,"key":"LiquidMemories"},{"floor":18.0,"key":"Weak Potion"},{"floor":22.0,"key":"Swift Potion"},{"floor":25.0,"key":"Explosive Potion"},{"floor":37.0,"key":"CultistPotion"},{"floor":37.0,"key":"SpeedPotion"},{"floor":37.0,"key":"ColorlessPotion"},{"floor":39.0,"key":"SmokeBomb"}],"is_trial":true,"path_per_floor":["M","M","?","M","M","E","M","$","T","E","E","R","R","?","R","B",null,"M","?","?","$","M","E","M","E","T","T","M","$","R","?","R","B",null,"M","M","?","M","?","R","M","$","T","R","E","?","R","E","R","B",null,"R","$","E","B",null],"character_chosen":"THE_SILENT","items_purchased":["Calculated Gamble","Tactician","Well Laid Plans","Concentrate","DollysMirror","Acrobatics","Concentrate","Ice Cream","Footwork","Flash of Steel","Lee\u0027s Waffle","HornCleat","Meat on the Bone","Gambling Chip","Bag of Marbles","White Beast Statue","Bronze Scales","Nunchaku","Ancient Tea Set","Lantern","Blood Vial","Thread and Needle","Whetstone","Akabeko","Incense Burner","Kunai","Blue Candle","Happy Flower","PreservedInsect","Potion Belt","Frozen Egg 2","Eternal Feather","Dream Catcher","MealTicket","Pear","Pen Nib","CeramicFish","Strawberry","Question Card","Pocketwatch","Sundial","Ornamental Fan","Vajra","Darkstone Periapt","Orichalcum","CaptainsWheel","Tough Bandages","Mercury Hourglass","Shuriken","Tingsha","War Paint","Bag of Preparation","Mummified Hand","Girya","Oddly Smooth Stone","Juzu Bracelet","Toxic Egg 2","Bottled Lightning","Regal Pillow","Centennial Puzzle","Bottled Tornado","Shovel","Molten Egg 2","Boot","StrikeDummy","InkBottle","Paper Crane","Calipers","Mango","FossilizedHelix","Bird Faced Urn","Du-Vu Doll","Torii","Prayer Wheel","Unceasing Top","SkillPotion","GamblersBrew","Strength Potion","AttackPotion","OrangePellets","Acrobatics+1","Noxious Fumes+1","Backflip+1","Distraction+1","Leg Sweep+1","Noxious Fumes+1","Deep Breath+1","Predator+1","Circlet","Circlet","Circlet","Circlet","Circlet","Circlet","Circlet","Circlet","Circlet","Circlet","Circlet","Circlet","Circlet","Circlet","Circlet","Circlet","Circlet","Ancient Potion"],"campfire_rested":0,"item_purchase_floors":[8,8,21,21,29,29,29,42,42,42,42,42,42,42,42,42,42,42,42,42,42,42,42,42,42,42,42,42,42,42,42,42,42,42,42,42,42,42,42,42,42,42,42,42,42,42,42,42,42,42,42,42,42,42,42,42,42,42,42,42,42,42,42,42,42,42,42,42,42,42,42,42,42,42,42,42,42,42,42,53,53,53,53,53,53,53,53,53,53,53,53,53,53,53,53,53,53,53,53,53,53,53,53,53,53,53],"current_hp_per_floor":[70,70,70,65,65,51,51,51,51,31,31,31,31,31,31,45,72,74,60,60,60,58,60,62,56,56,56,53,53,53,53,53,78,85,78,80,80,82,45,45,43,133,151,151,153,138,153,155,155,155,155,155,155,157,157],"gold":84,"neow_bonus":"","is_daily":false,"chose_seed":false,"campfire_upgraded":9,"win_rate":0.0,"timestamp":1613379245,"path_taken":["M","M","?","?","M","E","M","$","T","E","E","R","R","?","R","BOSS","M","?","?","?","M","E","M","E","T","?","?","$","R","?","R","BOSS","M","M","?","?","?","R","M","$","T","R","E","?","R","E","R","BOSS","R","$","E","BOSS"],"items_purchased_type":["Card","Card","Card","Card","Relic","Card","Card","Relic","Card","Card","Relic","Relic","Relic","Relic","Relic","Relic","Relic","Relic","Relic","Relic","Relic","Relic","Relic","Relic","Relic","Relic","Relic","Relic","Relic","Relic","Relic","Relic","Relic","Relic","Relic","Relic","Relic","Relic","Relic","Relic","Relic","Relic","Relic","Relic","Relic","Relic","Relic","Relic","Relic","Relic","Relic","Relic","Relic","Relic","Relic","Relic","Relic","Relic","Relic","Relic","Relic","Relic","Relic","Relic","Relic","Relic","Relic","Relic","Relic","Relic","Relic","Relic","Relic","Relic","Relic","Potion","Potion","Potion","Potion","Relic","Card","Card","Card","Card","Card","Card","Card","Card","Undefined","Undefined","Undefined","Undefined","Undefined","Undefined","Undefined","Undefined","Undefined","Undefined","Undefined","Undefined","Undefined","Undefined","Undefined","Undefined","Undefined","Potion"],"build_version":"2020-12-22","purchased_purges":0,"victory":true,"max_hp_per_floor":[70,70,70,72,72,72,72,72,72,72,72,72,72,72,72,72,72,74,79,79,79,79,81,83,83,83,83,85,85,85,85,85,85,85,87,89,89,91,93,93,95,133,151,151,153,153,153,155,155,155,155,155,155,157,157],"relic_stats":{"Gremlin Horn":[2,2],"CeramicFish":81,"Whetstone":["Flash of Steel","Bane"],"Boot":[0],"Blood Vial":0,"Lizard Tail":0,"Centennial Puzzle":[0],"Sundial":[0],"MealTicket":0,"Prayer Wheel":0,"Kunai":[7],"Happy Flower":[3],"counters":[5,10],"Blue Candle":[0],"Eternal Feather":15,"Tingsha":[228],"Pen Nib":[3],"War Paint":["Reflex","Calculated Gamble"],"Question Card":3,"OrangePellets":[2],"Shuriken":[7],"Bronze Scales":[45],"Bird Faced Urn":[0],"obtain_stats":[{"Ice Cream":42,"Calipers":42,"Gremlin Horn":0,"CeramicFish":42,"Vajra":42,"Whetstone":42,"Bottled Tornado":42,"Boot":42,"Blood Vial":42,"Lizard Tail":0,"Centennial Puzzle":42,"HornCleat":42,"DollysMirror":0,"Sundial":42,"Strawberry":42,"MealTicket":42,"Prayer Wheel":42,"Kunai":42,"Toxic Egg 2":42,"Girya":42,"Pear":42,"Happy Flower":42,"Blue Candle":42,"Oddly Smooth Stone":42,"Eternal Feather":42,"Tingsha":42,"Pen Nib":42,"War Paint":42,"Paper Crane":42,"Question Card":42,"Akabeko":42,"Du-Vu Doll":42,"OrangePellets":53,"Bottled Flame":0,"Shuriken":42,"Bronze Scales":42,"Bird Faced Urn":42,"Molten Egg 2":42,"StrikeDummy":42,"Unceasing Top":42,"Meat on the Bone":42,"Pocketwatch":42,"Darkstone Periapt":42,"Lantern":42,"Regal Pillow":42,"Singing Bowl":0,"Torii":42,"Mango":42,"Snake Skull":0,"Incense Burner":42,"Bag of Preparation":42,"Juzu Bracelet":42,"Cursed Key":0,"Ancient Tea Set":42,"Nunchaku":42,"Dream Catcher":42,"Tough Bandages":42,"Shovel":42,"Mummified Hand":42,"Pantograph":0,"Gambling Chip":42,"InkBottle":42,"Ring of the Snake":0,"Potion Belt":42,"Lee\u0027s Waffle":42,"The Specimen":0,"Circlet":43,"Thread and Needle":42,"The Courier":0,"PreservedInsect":42,"Frozen Egg 2":42,"Orichalcum":42,"White Beast Statue":42,"Mercury Hourglass":42,"Anchor":0,"CaptainsWheel":42,"Busted Crown":0,"Ornamental Fan":42,"Turnip":0,"Bag of Marbles":42,"Bottled Lightning":42,"FossilizedHelix":42},{"Ice Cream":0,"Calipers":0,"Gremlin Horn":0,"CeramicFish":0,"Vajra":0,"Whetstone":0,"Bottled Tornado":0,"Boot":0,"Blood Vial":0,"Lizard Tail":0,"Centennial Puzzle":0,"HornCleat":0,"DollysMirror":0,"Sundial":0,"Strawberry":0,"MealTicket":0,"Prayer Wheel":0,"Kunai":0,"Toxic Egg 2":0,"Girya":0,"Pear":0,"Happy Flower":0,"Blue Candle":0,"Oddly Smooth Stone":0,"Eternal Feather":0,"Tingsha":0,"Pen Nib":0,"War Paint":0,"Paper Crane":0,"Question Card":0,"Akabeko":0,"Du-Vu Doll":0,"OrangePellets":3,"Bottled Flame":0,"Shuriken":0,"Bronze Scales":0,"Bird Faced Urn":0,"Molten Egg 2":0,"StrikeDummy":0,"Unceasing Top":0,"Meat on the Bone":0,"Pocketwatch":0,"Darkstone Periapt":0,"Lantern":0,"Regal Pillow":0,"Singing Bowl":0,"Torii":0,"Mango":0,"Snake Skull":0,"Incense Burner":0,"Bag of Preparation":0,"Juzu Bracelet":0,"Cursed Key":0,"Ancient Tea Set":0,"Nunchaku":0,"Dream Catcher":0,"Tough Bandages":0,"Shovel":0,"Mummified Hand":0,"Pantograph":0,"Gambling Chip":0,"InkBottle":0,"Ring of the Snake":0,"Potion Belt":0,"Lee\u0027s Waffle":0,"The Specimen":0,"Circlet":0,"Thread and Needle":0,"The Courier":0,"PreservedInsect":0,"Frozen Egg 2":0,"Orichalcum":0,"White Beast Statue":0,"Mercury Hourglass":0,"Anchor":0,"CaptainsWheel":0,"Busted Crown":0,"Ornamental Fan":0,"Turnip":0,"Bag of Marbles":0,"Bottled Lightning":0,"FossilizedHelix":0},{"Ice Cream":0,"Calipers":0,"Gremlin Horn":0,"CeramicFish":0,"Vajra":0,"Whetstone":0,"Bottled Tornado":0,"Boot":0,"Blood Vial":0,"Lizard Tail":0,"Centennial Puzzle":0,"HornCleat":0,"DollysMirror":0,"Sundial":0,"Strawberry":0,"MealTicket":0,"Prayer Wheel":0,"Kunai":0,"Toxic Egg 2":0,"Girya":0,"Pear":0,"Happy Flower":0,"Blue Candle":0,"Oddly Smooth Stone":0,"Eternal Feather":0,"Tingsha":0,"Pen Nib":0,"War Paint":0,"Paper Crane":0,"Question Card":0,"Akabeko":0,"Du-Vu Doll":0,"OrangePellets":4,"Bottled Flame":0,"Shuriken":0,"Bronze Scales":0,"Bird Faced Urn":0,"Molten Egg 2":0,"StrikeDummy":0,"Unceasing Top":0,"Meat on the Bone":0,"Pocketwatch":0,"Darkstone Periapt":0,"Lantern":0,"Regal Pillow":0,"Singing Bowl":0,"Torii":0,"Mango":0,"Snake Skull":0,"Incense Burner":0,"Bag of Preparation":0,"Juzu Bracelet":0,"Cursed Key":0,"Ancient Tea Set":0,"Nunchaku":0,"Dream Catcher":0,"Tough Bandages":0,"Shovel":0,"Mummified Hand":0,"Pantograph":0,"Gambling Chip":0,"InkBottle":0,"Ring of the Snake":0,"Potion Belt":0,"Lee\u0027s Waffle":0,"The Specimen":0,"Circlet":0,"Thread and Needle":0,"The Courier":0,"PreservedInsect":0,"Frozen Egg 2":0,"Orichalcum":0,"White Beast Statue":0,"Mercury Hourglass":0,"Anchor":0,"CaptainsWheel":0,"Busted Crown":0,"Ornamental Fan":0,"Turnip":0,"Bag of Marbles":0,"Bottled Lightning":0,"FossilizedHelix":0}],"Unceasing Top":[0],"Meat on the Bone":0,"Pocketwatch":[0],"Darkstone Periapt":18,"Regal Pillow":0,"Singing Bowl":6,"Torii":0,"Snake Skull":[34],"Bag of Preparation":[10],"Juzu Bracelet":0,"Cursed Key":1,"Nunchaku":[3],"Dream Catcher":0,"Tough Bandages":[279],"Shovel":0,"Mummified Hand":[26],"Pantograph":0,"Gambling Chip":[16],"InkBottle":[15],"Ring of the Snake":[10],"Lee\u0027s Waffle":59,"PreservedInsect":240,"Orichalcum":[6],"Mercury Hourglass":[33],"Busted Crown":6,"Ornamental Fan":[28],"Turnip":[3]},"card_choices":[{"not_picked":["Cloak And Dagger","Backflip"],"picked":"Reflex","floor":1.0},{"not_picked":["Slice","Dodge and Roll","Flying Knee"],"picked":"SKIP","floor":2.0},{"not_picked":["Expertise","Poisoned Stab","Dagger Spray"],"picked":"Singing Bowl","floor":4.0},{"not_picked":["Backstab","Flying Knee"],"picked":"Blur","floor":5.0},{"not_picked":["Concentrate","Poisoned Stab"],"picked":"Adrenaline","floor":6.0},{"not_picked":["Dagger Throw","Dagger Spray"],"picked":"Bouncing Flask","floor":7.0},{"not_picked":["Flying Knee","Underhanded Strike"],"picked":"Outmaneuver","floor":10.0},{"not_picked":["Escape Plan","Blade Dance"],"picked":"PiercingWail","floor":11.0},{"not_picked":["A Thousand Cuts","Tools of the Trade"],"picked":"Night Terror","floor":16.0},{"not_picked":["Slice","Flying Knee","Dodge and Roll"],"picked":"Singing Bowl","floor":18.0},{"not_picked":["Deflect","Dodge and Roll"],"picked":"Night Terror","floor":22.0},{"not_picked":["Deadly Poison","Bane","Terror"],"picked":"Singing Bowl","floor":23.0},{"not_picked":["Backstab","Flying Knee","Terror"],"picked":"Singing Bowl","floor":24.0},{"not_picked":["Flechettes","Outmaneuver"],"picked":"Underhanded Strike","floor":25.0},{"not_picked":["Dagger Throw","Crippling Poison","Bane"],"picked":"Singing Bowl","floor":28.0},{"not_picked":["Night Terror","Doppelganger"],"picked":"Tools of the Trade","floor":33.0},{"not_picked":["Terror+1"],"picked":"Singing Bowl","floor":35.0},{"not_picked":["Riddle With Holes+1"],"picked":"Singing Bowl","floor":36.0},{"not_picked":["Flying Knee+1"],"picked":"Singing Bowl","floor":38.0},{"not_picked":["Slice+1"],"picked":"Singing Bowl","floor":39.0},{"not_picked":["Bane"],"picked":"Singing Bowl","floor":41.0},{"not_picked":["Accuracy+1","Outmaneuver+1"],"picked":"Singing Bowl","floor":45},{"not_picked":["Riddle With Holes+1","Infinite Blades+1"],"picked":"Singing Bowl","floor":48},{"not_picked":["Leg Sweep+1","Accuracy+1"],"picked":"Singing Bowl","floor":54}],"player_experience":1715912,"relics_obtained":[{"floor":3.0,"key":"Singing Bowl"},{"floor":6.0,"key":"Gremlin Horn"},{"floor":9.0,"key":"Pantograph"},{"floor":10.0,"key":"Bottled Flame"},{"floor":11.0,"key":"Anchor"},{"floor":23.0,"key":"The Courier"},{"floor":25.0,"key":"The Specimen"},{"floor":26.0,"key":"Snake Skull"},{"floor":39.0,"key":"Lizard Tail"},{"floor":43,"key":"Circlet"},{"floor":45,"key":"Circlet"},{"floor":48,"key":"Circlet"},{"floor":54,"key":"Circlet"}],"event_choices":[{"damage_healed":0.0,"max_hp_gain":0.0,"max_hp_loss":0.0,"gold_gain":0.0,"event_name":"Wheel of Change","player_choice":"Relic","floor":3.0,"gold_loss":0.0,"damage_taken":0.0},{"damage_healed":0.0,"max_hp_gain":0.0,"max_hp_loss":0.0,"gold_gain":0.0,"event_name":"Golden Wing","player_choice":"Ignored","floor":14.0,"gold_loss":0.0,"damage_taken":0.0},{"damage_healed":0.0,"max_hp_gain":5.0,"max_hp_loss":0.0,"gold_gain":0.0,"event_name":"Forgotten Altar","player_choice":"Shed Blood","floor":19.0,"gold_loss":0.0,"damage_taken":19.0},{"damage_healed":0.0,"max_hp_gain":0.0,"max_hp_loss":0.0,"gold_gain":0.0,"event_name":"Vampires","player_choice":"Ignored","floor":20.0,"gold_loss":0.0,"damage_taken":0.0},{"damage_healed":0.0,"max_hp_gain":0.0,"max_hp_loss":0.0,"gold_gain":0.0,"event_name":"The Library","player_choice":"Read","floor":31.0,"gold_loss":0.0,"damage_taken":0.0,"cards_obtained":["Tactician"]},{"damage_healed":0.0,"max_hp_gain":0.0,"max_hp_loss":0.0,"gold_gain":0.0,"event_name":"Lab","player_choice":"Got Potions","floor":37.0,"gold_loss":0.0,"damage_taken":0.0},{"damage_healed":0.0,"max_hp_gain":0.0,"max_hp_loss":0.0,"gold_gain":0.0,"event_name":"Mysterious Sphere","player_choice":"Fight","floor":39.0,"gold_loss":0.0,"damage_taken":0.0},{"damage_healed":0,"gold_gain":0,"player_choice":"Damaged","damage_taken":15,"max_hp_gain":0,"max_hp_loss":0,"event_name":"Wheel of Change","floor":46,"gold_loss":0}],"is_beta":false,"boss_relics":[{"not_picked":["Tiny House","Black Star"],"picked":"Cursed Key"},{"not_picked":["Snecko Eye","Velvet Choker"],"picked":"Busted Crown"}],"items_purged_floors":[],"is_endless":false,"potions_floor_spawned":[6,10,16,18,22,25,39,45,48,54],"ascension_level":0}}