{"host":"j2zti408atcvju3x","time":1613400647,"event":{"mods":["BaseMod","Minty Spire (QoL Compilation)","Quick Restart","StSLib"],"gold_per_floor":[118,43,62,12,12,12,23,23,23,23,35,35,35,35,35,140,140,158,171,171,171,185,185,85,97,123,146,160,35,35,65,65,170,220,231,81,93,105,121,121,138,138,193,193,18,18,18,28,28,28],"floor_reached":51,"language":"ZHS","playtime":2400,"items_purged":["Strike_G","Strike_G","Parasite","Defend_G+1","Strike_G+1"],"score":655,"play_id":"0e02f473-2d72-4965-94b6-8290deb1d3d3","local_time":"20210215225047","is_ascension_mode":false,"campfire_choices":[{"data":"Poisoned Stab","floor":6,"key":"SMITH"},{"data":"Bouncing Flask","floor":8,"key":"SMITH"},{"data":"Deadly Poison","floor":12,"key":"SMITH"},{"data":"Neutralize","floor":15,"key":"SMITH"},{"floor":23,"key":"REST"},{"floor":30,"key":"REST"},{"floor":32,"key":"REST"},{"data":"Outmaneuver","floor":40,"key":"SMITH"},{"floor":42,"key":"REST"},{"data":"Crippling Poison","floor":44,"key":"SMITH"},{"data":"Adrenaline","floor":46,"key":"SMITH"},{"data":"Adrenaline","floor":49,"key":"SMITH"}],"circlet_count":0,"master_deck":["Defend_G","Defend_G","Defend_G+1","Survivor","Neutralize+1","Poisoned Stab+1","Bouncing Flask+1","Deadly Poison+1","Bane+1","Noxious Fumes+1","Outmaneuver+1","Crippling Poison+1","Adrenaline+1","Backstab","Adrenaline+1"],"relics":["Runic Pyramid","CaptainsWheel","Black Star","Enchiridion","Whetstone","Anchor","Bag of Preparation","Unceasing Top","Tiny House","Potion Belt"],"acts_visited":["Exordium","TheCity","TheBeyond"],"potions_floor_usage":[31,33,50],"damage_taken":[{"damage":0,"enemies":"Jaw Worm","floor":1,"turns":4},{"damage":0,"enemies":"Small Slimes","floor":3,"turns":4},{"damage":0,"enemies":"2 Louse","floor":7,"turns":2},{"damage":0,"enemies":"Blue Slaver","floor":11,"turns":3},{"damage":8,"enemies":"Hexaghost","floor":16,"turns":8},{"damage":0,"enemies":"Chosen","floor":18,"turns":4},{"damage":7,"enemies":"Shell Parasite","floor":19,"turns":4},{"damage":19,"enemies":"Centurion and Healer","floor":22,"turns":5},{"damage":20,"enemies":"Cultist and Chosen","floor":25,"turns":6},{"damage":4,"enemies":"Snecko","floor":28,"turns":5},{"damage":18,"enemies":"Gremlin Leader","floor":31,"turns":6},{"damage":23,"enemies":"Automaton","floor":33,"turns":8},{"damage":11,"enemies":"3 Shapes","floor":35,"turns":3},{"damage":22,"enemies":"3 Darklings","floor":37,"turns":4},{"damage":0,"enemies":"Maw","floor":38,"turns":6},{"damage":0,"enemies":"Transient","floor":39,"turns":5},{"damage":0,"enemies":"4 Shapes","floor":41,"turns":4},{"damage":0,"enemies":"Jaw Worm Horde","floor":48,"turns":3},{"damage":71,"enemies":"Donu and Deca","floor":50,"turns":9}],"seed_played":"7218070192910757403","potions_obtained":[{"floor":3,"key":"BlessingOfTheForge"},{"floor":7,"key":"SkillPotion"},{"floor":16,"key":"DistilledChaos"},{"floor":22,"key":"Poison Potion"},{"floor":34,"key":"FairyPotion"},{"floor":38,"key":"Dexterity Potion"},{"floor":48,"key":"Block Potion"}],"is_trial":false,"path_per_floor":["M","$","M","?","?","R","M","R","T","$","M","R","?","?","R","B",null,"M","M","?","?","M","R","$","M","T","T","M","$","R","E","R","B",null,"M","$","M","M","M","R","M","R","T","R","$","R","?","M","R","B",null],"character_chosen":"THE_SILENT","items_purchased":[],"campfire_rested":4,"item_purchase_floors":[],"current_hp_per_floor":[70,70,70,70,56,56,56,56,56,56,56,56,56,70,70,62,70,70,63,47,34,15,37,37,17,17,17,13,13,34,16,37,14,77,66,66,44,44,44,44,44,67,67,67,67,67,67,67,67,23],"gold":28,"neow_bonus":"BOSS_RELIC","is_daily":false,"chose_seed":false,"campfire_upgraded":8,"win_rate":0.0,"timestamp":1613400647,"path_taken":["M","$","M","?","?","R","M","R","T","?","M","R","?","?","R","BOSS","M","M","?","?","M","R","?","M","T","?","M","$","R","E","R","BOSS","M","$","M","M","M","R","M","R","T","R","$","R","?","?","R","BOSS"],"items_purchased_type":[],"build_version":"2020-12-22","purchased_purges":5,"victory":true,"max_hp_per_floor":[70,70,70,70,70,70,70,70,70,70,70,70,70,70,70,70,70,70,70,70,75,75,75,75,75,75,75,75,72,72,72,72,72,77,77,77,77,77,77,77,77,77,77,77,77,77,77,77,77,77],"card_choices":[{"not_picked":["Acrobatics","Calculated Gamble","Sucker Punch"],"picked":"SKIP","floor":1},{"not_picked":["Expertise","Bane"],"picked":"Poisoned Stab","floor":3},{"not_picked":["Outmaneuver","Poisoned Stab"],"picked":"Bouncing Flask","floor":7},{"not_picked":["Expertise","Underhanded Strike"],"picked":"Deadly Poison","floor":11},{"not_picked":["Slice","Dagger Spray"],"picked":"Bane+1","floor":18},{"not_picked":["Infinite Blades","Blade Dance"],"picked":"Noxious Fumes+1","floor":19},{"not_picked":["PiercingWail","Bane"],"picked":"Outmaneuver","floor":22},{"not_picked":["Leg Sweep","Deflect","Caltrops"],"picked":"SKIP","floor":25},{"not_picked":["Acrobatics","Dagger Throw","Underhanded Strike"],"picked":"SKIP","floor":28},{"not_picked":["Night Terror","Bouncing Flask"],"picked":"Crippling Poison","floor":31},{"not_picked":["Envenom","Malaise"],"picked":"Adrenaline","floor":33},{"not_picked":["Poisoned Stab+1","Blade Dance+1","Backflip"],"picked":"SKIP","floor":35},{"not_picked":["Deadly Poison+1","Dodge and Roll+1","Backflip"],"picked":"SKIP","floor":37},{"not_picked":["Bane","Finisher+1","Quick Slash"],"picked":"SKIP","floor":38},{"not_picked":["Expertise+1","Sucker Punch+1"],"picked":"Backstab","floor":39},{"not_picked":["Skewer+1","Bane+1","Reflex+1"],"picked":"SKIP","floor":41},{"not_picked":["Flechettes","Eviscerate+1","Skewer+1"],"picked":"SKIP","floor":48}],"player_experience":6473,"relics_obtained":[{"floor":9,"key":"CaptainsWheel"},{"floor":20,"key":"Enchiridion"},{"floor":26,"key":"Whetstone"},{"floor":27,"key":"Anchor"},{"floor":31,"key":"Bag of Preparation"},{"floor":31,"key":"Unceasing Top"},{"floor":43,"key":"Potion Belt"}],"event_choices":[{"cards_removed":["Strike_G"],"damage_healed":0,"gold_gain":0,"player_choice":"Card Removal","damage_taken":0,"max_hp_gain":0,"max_hp_loss":0,"event_name":"The Cleric","floor":4,"gold_loss":50},{"damage_healed":0,"gold_gain":0,"player_choice":"Entered Light","damage_taken":14,"max_hp_gain":0,"max_hp_loss":0,"event_name":"Shining Light","floor":5,"gold_loss":0,"cards_upgraded":["Strike_G","Defend_G"]},{"cards_removed":["Strike_G"],"damage_healed":0,"gold_gain":0,"player_choice":"Forget","damage_taken":0,"max_hp_gain":0,"max_hp_loss":0,"event_name":"Living Wall","floor":13,"gold_loss":0},{"damage_healed":17,"gold_gain":0,"player_choice":"Healed and dodged fight","damage_taken":0,"max_hp_gain":0,"max_hp_loss":0,"event_name":"Mushrooms","floor":14,"gold_loss":0,"cards_obtained":["Parasite"]},{"damage_healed":0,"gold_gain":0,"player_choice":"Obtained Book","damage_taken":16,"max_hp_gain":0,"max_hp_loss":0,"event_name":"Cursed Tome","floor":20,"gold_loss":0},{"damage_healed":0,"gold_gain":0,"player_choice":"Shed Blood","damage_taken":18,"max_hp_gain":5,"max_hp_loss":0,"event_name":"Forgotten Altar","floor":21,"gold_loss":0},{"damage_healed":0,"gold_gain":0,"cards_transformed":["Defend_G"],"player_choice":"Transformed","damage_taken":0,"max_hp_gain":0,"max_hp_loss":0,"event_name":"Transmorgrifier","floor":47,"gold_loss":0,"cards_obtained":["Adrenaline"]}],"is_beta":false,"boss_relics":[{"not_picked":["WristBlade","SlaversCollar"],"picked":"Black Star"},{"not_picked":["Runic Dome","Cursed Key"],"picked":"Tiny House"}],"items_purged_floors":[2,24,29,36,45],"is_endless":false,"potions_floor_spawned":[3,7,16,22,28,38,39,48],"ascension_level":0}}