{"host":"gbgc43u9lfev3bcz","time":1613375955,"event":{"mods":["BaseMod","Better Note","Challenge The Spire","Colored Map","Downfall","Minty Spire (QoL Compilation)","StSLib"],"gold_per_floor":[116,136,136,136,146,146,172,172,172,204,216,13,44,63,63,63,63],"floor_reached":16,"language":"ENG","playtime":340,"items_purged":[],"score":276,"play_id":"8deec0ee-c187-4d12-aa34-e13a0c05e913","local_time":"20210215015915","is_ascension_mode":true,"campfire_choices":[{"data":"Regret","floor":6,"key":"PURGE"},{"floor":15,"key":"REST"}],"circlet_count":0,"master_deck":["AscendersBane","Strike_G","Strike_G","Strike_G","Strike_G","Strike_G","Defend_G","Defend_G","Defend_G","Defend_G","Defend_G","Survivor","Neutralize","Predator","Flying Knee","All Out Attack","Glass Knife","Crippling Poison","Crippling Poison","Bouncing Flask"],"relics":["Ring of the Snake","NeowsBlessing","Peace Pipe","Oddly Smooth Stone","HornCleat","Paper Crane","PreservedInsect","Snake Skull","TwistedFunnel","Calipers"],"acts_visited":["Exordium"],"potions_floor_usage":[10,13,16],"damage_taken":[{"damage":0,"enemies":"2 Louse","floor":1,"turns":1},{"damage":0,"enemies":"Small Slimes","floor":2,"turns":1},{"damage":0,"enemies":"Jaw Worm","floor":5,"turns":1},{"damage":32,"enemies":"Gremlin Nob","floor":7,"turns":4},{"damage":6,"enemies":"Lagavulin","floor":10,"turns":5},{"damage":5,"enemies":"Gremlin Gang","floor":11,"turns":3},{"damage":0,"enemies":"3 Sentries","floor":13,"turns":4},{"damage":0,"enemies":"Exordium Thugs","floor":14,"turns":2},{"damage":36,"enemies":"Slime Boss","floor":16,"turns":5}],"seed_played":"-888094120814262200","potions_obtained":[{"floor":2,"key":"Explosive Potion"},{"floor":10,"key":"EssenceOfSteel"},{"floor":13,"key":"DistilledChaos"}],"is_trial":false,"path_per_floor":["M","M","?","?","M","R","E","T","T","E","M","$","E","M","R","B"],"character_chosen":"THE_SILENT","items_purchased":["TwistedFunnel","Crippling Poison"],"campfire_rested":1,"item_purchase_floors":[12,12],"current_hp_per_floor":[59,59,59,54,54,54,22,22,22,16,11,11,11,11,30,0,0],"gold":63,"neow_bonus":"THREE_ENEMY_KILL","is_daily":false,"chose_seed":false,"campfire_upgraded":0,"win_rate":0.0,"timestamp":1613375955,"path_taken":["M","M","?","?","M","R","E","?","T","E","?","?","E","M","R","BOSS"],"items_purchased_type":["Relic","Card"],"build_version":"2020-12-22","purchased_purges":0,"victory":false,"max_hp_per_floor":[66,66,66,66,66,66,66,66,66,66,66,66,66,66,66,66,66],"card_choices":[{"not_picked":["Slice","Dagger Spray"],"picked":"Predator","floor":1},{"not_picked":["Deflect","Finisher"],"picked":"Flying Knee","floor":2},{"not_picked":["Bane","Tools of the Trade"],"picked":"All Out Attack","floor":5},{"not_picked":["Cloak And Dagger","Blade Dance"],"picked":"Glass Knife","floor":7},{"not_picked":["After Image","Sucker Punch"],"picked":"Crippling Poison","floor":10},{"not_picked":["Choke","Dagger Throw","Blade Dance"],"picked":"SKIP","floor":11},{"not_picked":["Caltrops","Finisher","Bane"],"picked":"SKIP","floor":13},{"not_picked":["Calculated Gamble","Deadly Poison"],"picked":"Bouncing Flask","floor":14}],"player_experience":579602,"relics_obtained":[{"floor":7,"key":"HornCleat"},{"floor":8,"key":"Paper Crane"},{"floor":9,"key":"PreservedInsect"},{"floor":10,"key":"Snake Skull"},{"floor":13,"key":"Calipers"}],"event_choices":[{"damage_healed":0,"gold_gain":0,"player_choice":"Box","damage_taken":0,"relics_obtained":["Peace Pipe"],"max_hp_gain":0,"max_hp_loss":0,"event_name":"Big Fish","floor":3,"gold_loss":0,"cards_obtained":["Regret"]},{"damage_healed":0,"gold_gain":0,"player_choice":"Success","damage_taken":5,"relics_obtained":["Oddly Smooth Stone"],"max_hp_gain":0,"max_hp_loss":0,"event_name":"Scrap Ooze","floor":4,"gold_loss":0}],"is_beta":false,"boss_relics":[],"items_purged_floors":[],"is_endless":false,"potions_floor_spawned":[2,10,13],"killed_by":"Slime Boss","ascension_level":18}}