{"host":"piyeakrcma5mdvsv","time":1613425039,"event":{"mods":["AchievementEnabler","BaseMod","BetterRewards","Colored Map","Colored Powertips","Googly Eyes","Highlight Path","Minty Spire (QoL Compilation)","Quick Restart","Rare Cards Sparkle","Shop Mod","StSLib","SuperFastMode"],"gold_per_floor":[114,114,39,50,50,50,62,62,62,78,94,120,120,152,152,253,253,269,288,305,316,331,331,331,331,331,342,358,358,368,368,368,368,368],"floor_reached":33,"language":"ENG","playtime":980,"items_purged":["Defend_R"],"score":286,"play_id":"3a0dbb26-cb3a-43b4-ad48-0f8004d4e736","local_time":"20210215163719","is_ascension_mode":false,"campfire_choices":[{"data":"Rampage","floor":8,"key":"SMITH"},{"data":"Perfected Strike","floor":13,"key":"SMITH"},{"floor":15,"key":"REST"},{"floor":23,"key":"REST"},{"floor":25,"key":"REST"},{"floor":29,"key":"REST"},{"floor":32,"key":"RECALL"}],"circlet_count":0,"master_deck":["Strike_R","Strike_R","Strike_R","Strike_R","Strike_R","Defend_R","Defend_R","Bash","Bandage Up","Twin Strike","Iron Wave","Rampage+1","Shrug It Off","Pommel Strike","Perfected Strike+1","Twin Strike","Twin Strike","Battle Trance+1","Perfected Strike","Shrug It Off","Twin Strike","Twin Strike","Pommel Strike","Pommel Strike"],"relics":["Burning Blood","Pen Nib","Prayer Wheel","Pear","Frozen Egg 2","SacredBark","Bronze Scales"],"acts_visited":["Exordium","TheCity"],"potions_floor_usage":[12,12,30,33,33],"damage_taken":[{"damage":5,"enemies":"2 Louse","floor":1,"turns":2},{"damage":6,"enemies":"Jaw Worm","floor":4,"turns":3},{"damage":0,"enemies":"Small Slimes","floor":7,"turns":2},{"damage":10,"enemies":"Looter","floor":10,"turns":3},{"damage":7,"enemies":"Blue Slaver","floor":11,"turns":2},{"damage":16,"enemies":"Gremlin Nob","floor":12,"turns":4},{"damage":26,"enemies":"Lagavulin","floor":14,"turns":4},{"damage":73,"enemies":"The Guardian","floor":16,"turns":8},{"damage":17,"enemies":"Shell Parasite","floor":18,"turns":3},{"damage":5,"enemies":"Chosen","floor":19,"turns":3},{"damage":10,"enemies":"Snecko","floor":20,"turns":4},{"damage":59,"enemies":"Centurion and Healer","floor":21,"turns":5},{"damage":21,"enemies":"Snake Plant","floor":22,"turns":3},{"damage":21,"enemies":"3 Cultists","floor":27,"turns":4},{"damage":21,"enemies":"Shelled Parasite and Fungi","floor":28,"turns":4},{"damage":10,"enemies":"Cultist and Chosen","floor":30,"turns":3},{"damage":100,"enemies":"Champ","floor":33,"turns":8}],"seed_played":"-3976560224872728211","potions_obtained":[{"floor":1,"key":"Dexterity Potion"},{"floor":4,"key":"Block Potion"},{"floor":10,"key":"Explosive Potion"},{"floor":11,"key":"PowerPotion"},{"floor":27,"key":"FearPotion"},{"floor":28,"key":"BlessingOfTheForge"}],"is_trial":false,"path_per_floor":["M","?","$","M","?","T","M","R","T","M","M","E","R","E","R","B",null,"M","M","M","M","M","R","?","R","T","M","M","R","M","?","R","B"],"character_chosen":"IRONCLAD","items_purchased":[],"campfire_rested":4,"item_purchase_floors":[],"current_hp_per_floor":[80,68,68,72,72,72,78,78,78,76,75,79,79,63,90,27,90,83,88,86,37,26,53,53,80,80,69,58,85,81,81,81,0,0],"gold":368,"neow_bonus":"RANDOM_COLORLESS","is_daily":false,"chose_seed":false,"campfire_upgraded":2,"win_rate":0.0,"timestamp":1613425039,"path_taken":["M","?","$","M","?","?","M","R","T","?","M","E","R","E","R","BOSS","M","M","M","M","M","R","?","R","T","M","M","R","M","?","R","BOSS"],"items_purchased_type":[],"build_version":"2020-12-22","purchased_purges":1,"victory":false,"max_hp_per_floor":[80,80,80,80,80,80,80,80,80,80,80,90,90,90,90,90,90,90,90,90,90,90,90,90,90,90,90,90,90,90,90,90,90,90],"card_choices":[{"not_picked":["Blind","Good Instincts"],"picked":"Bandage Up","floor":0},{"not_picked":["Hemokinesis","Cleave"],"picked":"Twin Strike","floor":1},{"not_picked":["Sever Soul","Warcry"],"picked":"Iron Wave","floor":4},{"not_picked":["Battle Trance","True Grit"],"picked":"Rampage","floor":7},{"not_picked":["Anger","Heavy Blade"],"picked":"Shrug It Off","floor":7},{"not_picked":["Pummel","Iron Wave"],"picked":"Pommel Strike","floor":10},{"not_picked":["Feel No Pain","Pommel Strike"],"picked":"Perfected Strike","floor":10},{"not_picked":["Wild Strike","Metallicize","Heavy Blade"],"picked":"SKIP","floor":11},{"not_picked":["Carnage","Exhume","Cleave"],"picked":"SKIP","floor":11},{"not_picked":["Havoc","Clothesline"],"picked":"Twin Strike","floor":12},{"not_picked":["Iron Wave","Exhume","Rampage"],"picked":"SKIP","floor":14},{"not_picked":["Cleave","Anger"],"picked":"Twin Strike","floor":18},{"not_picked":["Anger","Thunderclap"],"picked":"Battle Trance+1","floor":18},{"not_picked":["Cleave","Pommel Strike"],"picked":"Perfected Strike","floor":19},{"not_picked":["Second Wind","Limit Break","Sword Boomerang+1"],"picked":"SKIP","floor":19},{"not_picked":["Havoc","Searing Blow","Warcry"],"picked":"SKIP","floor":20},{"not_picked":["Flex","Thunderclap","Disarm"],"picked":"SKIP","floor":20},{"not_picked":["Juggernaut+1","Metallicize+1","Cleave+1"],"picked":"SKIP","floor":21},{"not_picked":["Spot Weakness","Dual Wield","Entrench"],"picked":"SKIP","floor":21},{"not_picked":["Clash+1","Combust+1"],"picked":"Shrug It Off","floor":22},{"not_picked":["Heavy Blade+1","Clash+1"],"picked":"Twin Strike","floor":22},{"not_picked":["Body Slam+1","Rupture+1"],"picked":"Twin Strike","floor":27},{"not_picked":["Reckless Charge","Iron Wave+1","Berserk+1"],"picked":"SKIP","floor":27},{"not_picked":["Body Slam","Flex"],"picked":"Pommel Strike","floor":28},{"not_picked":["Thunderclap","Armaments","Metallicize+1"],"picked":"SKIP","floor":28},{"not_picked":["Hemokinesis+1","Heavy Blade","Cleave"],"picked":"SKIP","floor":30},{"not_picked":["True Grit","Uppercut","Clothesline+1"],"picked":"SKIP","floor":30}],"player_experience":285537,"relics_obtained":[{"floor":6,"key":"Prayer Wheel"},{"floor":12,"key":"Pear"},{"floor":14,"key":"Frozen Egg 2"},{"floor":26,"key":"Bronze Scales"}],"event_choices":[{"damage_healed":0,"gold_gain":0,"player_choice":"Success","damage_taken":12,"relics_obtained":["Pen Nib"],"max_hp_gain":0,"max_hp_loss":0,"event_name":"Scrap Ooze","floor":2,"gold_loss":0},{"cards_removed":["Defend_R"],"damage_healed":0,"gold_gain":0,"player_choice":"Forget","damage_taken":0,"max_hp_gain":0,"max_hp_loss":0,"event_name":"Living Wall","floor":5,"gold_loss":0},{"damage_healed":0,"gold_gain":0,"player_choice":"Ignored","damage_taken":0,"max_hp_gain":0,"max_hp_loss":0,"event_name":"Ghosts","floor":24,"gold_loss":0},{"damage_healed":0,"gold_gain":0,"player_choice":"Read","damage_taken":0,"max_hp_gain":0,"max_hp_loss":0,"event_name":"The Library","floor":31,"gold_loss":0,"cards_obtained":["Pommel Strike"]}],"is_beta":false,"boss_relics":[{"not_picked":["Mark of Pain","Snecko Eye"],"picked":"SacredBark"}],"items_purged_floors":[3],"is_endless":false,"potions_floor_spawned":[1,4,10,11,27,28],"killed_by":"Champ","ascension_level":0}}