{"host":"m4zn6rtsd36lrr22","time":1613401253,"event":{"mods":["2.2 Compatiblity","Act Like it!","BaseMod","Better Synergies","BetterRewards","CapriCore","Colored Map","Custom Start","FoggyMod","Gensokyo","GungeonMod","HololiveMod","Ironclad Rager","Lobotomy","LobotomyExtend","Luminous","Minty Spire (QoL Compilation)","Permanent Neow","Poor People Problems","Prisma Mod","Quick Restart","Reimu（博丽灵梦）","Relic Filter Mod","Relic Stats","Reliquary","Remilia（蕾米莉亚）","Remove Card Discount Mod","Replay The Spire","RumiaBox-露米娅的神秘盒子","Shop Mod","Spicy Shops","StSLib","The Alterego","The Animator","The Immortal","WarShipGirlsR/战舰少女R mod","Yakumo Yukari mod","noobMod","【功能Mod】混沌之环修复补丁","【遗物卡牌】REMEMod"],"gold_per_floor":[130,118,198,198,213,245,289,289,289,289,299,299,299,38,38,146,146,166,166,29,29,29,29,25,325,350,350,350,360,358,358,358,462,462,473,473,323,323,323,381,381,381,381,419,430,479,479,502,502,550,550],"floor_reached":52,"language":"ZHS","playtime":2591,"items_purged":["animator:Strike","animator:Strike","animator:Strike","animator:Defend","animator:Defend","animator:Defend","animator:Albedo","animator:Tyuule+1","animator:Strike_Konosuba"],"score":1034,"play_id":"270999d5-b260-449f-83c1-292cbb4ebce1","local_time":"20210215230053","is_ascension_mode":false,"campfire_choices":[{"data":"animator:Darkness","floor":10.0,"key":"SMITH"},{"data":"animator:YunYun","floor":12.0,"key":"SMITH"},{"data":"animator:Kazuma","floor":15.0,"key":"SMITH"},{"data":"animator:Aqua","floor":23.0,"key":"SMITH"},{"data":"animator:Albedo","floor":27.0,"key":"SMITH"},{"data":"animator:Verdia","floor":32.0,"key":"SMITH"},{"data":"animator:Chris","floor":41.0,"key":"SMITH"},{"data":"animator:Chris","floor":47,"key":"SMITH"},{"data":"animator:Mitsurugi","floor":49,"key":"SMITH"}],"circlet_count":0,"master_deck":["animator:Defend_Konosuba+1","animator:Kazuma+1","animator:Aqua+1","animator:Mitsurugi+1","animator:Verdia+1","animator:Darkness+1","animator:YunYun+1","animator:Albedo+1","animator:Megumin+10","animator:Vanir+1","animator:Chris+1"],"relics":["animator:LivingPicture","animator:TheMissingPiece","REME_ComplimentaryCards","ice","animator:PurgingStone","DemoMod:LamentConfigurum","LetterFromLob","animator:HeavyHalberd","Omamori","reliquary:WeakTea","reliquary:PrincelyHelmet","Orrery","EasyGame_NEW","Medical Kit","Peace Pipe","DemoMod:Relodestone","reliquary:SilkGlove","animator:WizardHat","REME_ChargedStone","Membership Card","DemoMod:PoisonVial","War Paint","Toxic Egg 2","Eternal Feather","PreservedInsect"],"acts_visited":["Gensokyo:Gensokyo","Gensokyo:Gensokyoer","Gensokyo:Gensokyoest"],"potions_floor_usage":[],"damage_taken":[{"damage":18.0,"enemies":"Gensokyo:Python","floor":1.0,"turns":7.0},{"damage":0.0,"enemies":"Gensokyo:2_Kodama","floor":5.0,"turns":3.0},{"damage":10.0,"enemies":"Gensokyo:Aya","floor":6.0,"turns":11.0},{"damage":153.0,"enemies":"Gensokyo:Cirno","floor":7.0,"turns":16.0},{"damage":0.0,"enemies":"Gensokyo:3_Fairies","floor":11.0,"turns":2.0},{"damage":0.0,"enemies":"Gensokyo:Kokoro","floor":16.0,"turns":5.0},{"damage":1.0,"enemies":"Gensokyo:AngelMirror","floor":18.0,"turns":2.0},{"damage":33.0,"enemies":"Gensokyo:CosmicMonolith","floor":25.0,"turns":9.0},{"damage":0.0,"enemies":"Gensokyo:CosmicMonolith","floor":29.0,"turns":3.0},{"damage":13.0,"enemies":"Gensokyo:Eiki","floor":33.0,"turns":7.0},{"damage":0.0,"enemies":"Gensokyo:3_Bats","floor":35.0,"turns":2.0},{"damage":7.0,"enemies":"Gensokyo:Marisa","floor":40.0,"turns":5.0},{"damage":6.0,"enemies":"Gensokyo:Doremy","floor":44.0,"turns":9.0},{"damage":4.0,"enemies":"Gensokyo:AncientGuardian","floor":45.0,"turns":12.0},{"damage":44,"enemies":"Gensokyo:Kasen","floor":46,"turns":6},{"damage":102,"enemies":"Gensokyo:Shinki","floor":50,"turns":16}],"seed_played":"1724849033973750839","potions_obtained":[{"floor":1.0,"key":"Swift Potion"},{"floor":6.0,"key":"Doom Potion"},{"floor":16.0,"key":"REME_GoldPotion"}],"is_trial":false,"path_per_floor":["M","$","?","?","M","E","?","?","T","R","M","R","E","COS","R","B",null,"M","?","COS","?","?","R","$","M","T","R","?","M","$","?","R","B",null,"M","?","$","?","?","E","R","?","T","E","M","E","R","T","R","B",null,null],"character_chosen":"THE_ANIMATOR","items_purchased":["Membership Card"],"campfire_rested":0,"item_purchase_floors":[37],"current_hp_per_floor":[48,48,48,54,56,49,61,62,62,62,64,64,64,64,64,66,147,146,146,146,146,146,146,146,116,116,116,116,119,119,119,119,109,149,149,149,149,149,149,144,144,148,148,145,144,103,109,109,115,16,16],"gold":550,"neow_bonus":"RANDOM_COMMON_RELIC","is_daily":false,"chose_seed":false,"campfire_upgraded":9,"win_rate":0.0,"timestamp":1613401253,"path_taken":["M","$","?","?","?","E","?","?","T","R","?","R","E","COS","R","BOSS","M","?","COS","?","?","R","$","?","T","R","?","?","?","?","R","BOSS","M","?","$","?","?","E","R","?","T","E","?","E","R","?","R","BOSS"],"items_purchased_type":["Relic"],"build_version":"2020-12-22","purchased_purges":9,"victory":true,"max_hp_per_floor":[66,66,66,72,72,73,141,142,142,142,142,142,142,142,142,147,147,149,149,149,149,149,149,149,149,149,149,149,149,149,149,149,149,149,149,149,149,149,149,149,149,149,149,151,151,151,151,151,151,151,151],"relic_stats":{"Peace Pipe":0,"counters":[16,115],"Eternal Feather":12,"PreservedInsect":0,"War Paint":["animator:Defend_Konosuba"],"Medical Kit":[28],"obtain_stats":[{"animator:WizardHat":29,"reliquary:SilkGlove":26,"DemoMod:PoisonVial":40,"reliquary:PrincelyHelmet":9,"animator:TheMissingPiece":0,"REME_ChargedStone":34,"DemoMod:GlassGuonStoneRelic":1,"ice":0,"animator:PurgingStone":0,"DemoMod:LamentConfigurum":0,"Toxic Egg 2":44,"Eternal Feather":46,"PreservedInsect":48,"Omamori":6,"reliquary:WeakTea":7,"War Paint":43,"Medical Kit":20,"Peace Pipe":25,"Orrery":14,"animator:LivingPicture":0,"DemoMod:Relodestone":25,"LetterFromLob":1,"animator:HeavyHalberd":6,"Membership Card":37,"EasyGame_NEW":17,"REME_ComplimentaryCards":0},{"animator:WizardHat":9,"reliquary:SilkGlove":8,"DemoMod:PoisonVial":12,"reliquary:PrincelyHelmet":4,"animator:TheMissingPiece":0,"REME_ChargedStone":10,"DemoMod:GlassGuonStoneRelic":1,"ice":0,"animator:PurgingStone":0,"DemoMod:LamentConfigurum":0,"Toxic Egg 2":13,"Eternal Feather":15,"PreservedInsect":15,"Omamori":3,"reliquary:WeakTea":4,"War Paint":12,"Medical Kit":7,"Peace Pipe":8,"Orrery":5,"animator:LivingPicture":0,"DemoMod:Relodestone":8,"LetterFromLob":1,"animator:HeavyHalberd":3,"Membership Card":11,"EasyGame_NEW":6,"REME_ComplimentaryCards":0},{"animator:WizardHat":56,"reliquary:SilkGlove":55,"DemoMod:PoisonVial":72,"reliquary:PrincelyHelmet":37,"animator:TheMissingPiece":0,"REME_ChargedStone":65,"DemoMod:GlassGuonStoneRelic":7,"ice":0,"animator:PurgingStone":0,"DemoMod:LamentConfigurum":0,"Toxic Egg 2":81,"Eternal Feather":99,"PreservedInsect":99,"Omamori":21,"reliquary:WeakTea":37,"War Paint":72,"Medical Kit":46,"Peace Pipe":55,"Orrery":39,"animator:LivingPicture":0,"DemoMod:Relodestone":55,"LetterFromLob":7,"animator:HeavyHalberd":17,"Membership Card":67,"EasyGame_NEW":44,"REME_ComplimentaryCards":0}]},"card_choices":[{"not_picked":["animator:Demiurge","animator:AcuraAkari"],"picked":"animator:Mitsurugi","floor":1.0},{"not_picked":["animator:NarberalGamma","animator:Evileye","animator:UneriGinkaku"],"picked":"SKIP","floor":5.0},{"not_picked":["animator:Ara","animator:Yoichi"],"picked":"animator:Verdia","floor":6.0},{"not_picked":["animator:Kazuma","animator:Vanir"],"picked":"animator:Darkness","floor":7.0},{"not_picked":["animator:Add","animator:NarberalGamma"],"picked":"animator:YunYun","floor":8.0},{"not_picked":["animator:Rider","animator:IzunaHatsuse","animator:ChlammyZell"],"picked":"SKIP","floor":11.0},{"not_picked":["animator:Gilgamesh","animator:HigakiRinne"],"picked":"animator:Albedo","floor":16.0},{"not_picked":["animator:ChlammyZell","animator:Kazuma","animator:PandorasActor+1"],"picked":"SKIP","floor":18.0},{"not_picked":["animator:Togame","animator:DolaRiku","animator:Shigure+1"],"picked":"SKIP","floor":35.0},{"not_picked":["animator:Assassin","animator:Ciel+1"],"picked":"animator:Chris","floor":40.0},{"not_picked":["animator:Illya+1","animator:MetalKnight"],"picked":"animator:Vanir+1","floor":44.0},{"not_picked":["animator:Kazuma+1","animator:Mitsurugi"],"picked":"animator:Chris","floor":45.0},{"not_picked":["animator:Tatsumaki+1","animator:Ara+1"],"picked":"animator:Megumin","floor":46}],"player_experience":402821,"relics_obtained":[{"floor":1.0,"key":"LetterFromLob"},{"floor":6.0,"key":"Omamori"},{"floor":7.0,"key":"reliquary:WeakTea"},{"floor":9.0,"key":"reliquary:PrincelyHelmet"},{"floor":25.0,"key":"Peace Pipe"},{"floor":25.0,"key":"DemoMod:Relodestone"},{"floor":26.0,"key":"reliquary:SilkGlove"},{"floor":40.0,"key":"DemoMod:PoisonVial"},{"floor":43.0,"key":"War Paint"},{"floor":44.0,"key":"Toxic Egg 2"},{"floor":46,"key":"Eternal Feather"},{"floor":48,"key":"PreservedInsect"}],"event_choices":[],"is_beta":false,"boss_relics":[{"not_picked":["Pandora\u0027s Box","Runic Dome"],"picked":"EasyGame_NEW"},{"not_picked":["Fusion Hammer","reliquary:Craggleroot"],"picked":"REME_ChargedStone"}],"items_purged_floors":[2,2,2,2,2,2,24,24,30],"is_endless":false,"potions_floor_spawned":[1,6,16,25,44,45,46],"ascension_level":0}}