{"host":"u0qetpmu4y58k1tf","time":1613386532,"event":{"mods":["100% Spire Juice","AchievementEnabler","Act Like it!","BaseMod","CapriCore","Colored Map","Colored Powertips","Hermit","Koishi","Marisa£¨Ùöéë¡¡Øª×âÞÞ£©","Minty Spire (QoL Compilation)","Quick Restart","Reliquary","Replay The Spire","StSLib","Td1madao Mod","The Bug Knight","The Cursed","The Dragon Tamer","The Gatherer","The Hierophant","The Immortal","The Jungle","The Runesmith","WarShipGirlsR/??á´Ò³R mod"],"gold_per_floor":[111,61,61,81,81,81,116,136,136,149,164,154,79,99,99,99,99],"floor_reached":16,"language":"KOR","playtime":3443,"items_purged":["Defend_B"],"score":165,"play_id":"3f84b977-7285-4edf-b66a-5b4a2ceb572f","local_time":"20210215195532","is_ascension_mode":true,"campfire_choices":[{"data":"Recycle","floor":6,"key":"SMITH"},{"data":"Zap","floor":15,"key":"SMITH"}],"circlet_count":0,"master_deck":["Strike_B","Defend_B","Defend_B","Defend_B","Zap+1","Dualcast","Mirror Shield","Recycle+1","Mirror Shield+1","Conserve Battery","Glacier","Capacitor","Meteor Strike","Capacitor"],"relics":["Cracked Core","reliquary:WeakTea","Quantum Egg"],"acts_visited":["Exordium"],"potions_floor_usage":[16],"damage_taken":[{"damage":0,"enemies":"Jaw Worm","floor":1,"turns":4},{"damage":4,"enemies":"Small Slimes","floor":4,"turns":5},{"damage":0,"enemies":"HollowMod:MossKnight","floor":7,"turns":15},{"damage":0,"enemies":"2 Louse","floor":8,"turns":3},{"damage":2,"enemies":"2 Fungi Beasts","floor":10,"turns":4},{"damage":9,"enemies":"Large Slime","floor":11,"turns":8},{"damage":0,"enemies":"Blue Slaver","floor":14,"turns":3},{"damage":50,"enemies":"Fading Forest","floor":16,"turns":10}],"seed_played":"-5289920731729103300","potions_obtained":[{"floor":4,"key":"AttackPotion"},{"floor":7,"key":"Fire Potion"},{"floor":10,"key":"DistilledChaos"}],"is_trial":false,"path_per_floor":["M","?","?","M","?","R","E","M","T","M","M","?","$","M","R","B"],"character_chosen":"DEFECT","items_purchased":[],"campfire_rested":0,"item_purchase_floors":[],"current_hp_per_floor":[68,68,68,64,57,57,57,57,57,55,46,46,46,46,46,0,0],"gold":99,"neow_bonus":"ONE_RANDOM_RARE_CARD","is_daily":false,"chose_seed":false,"campfire_upgraded":2,"win_rate":0.0,"timestamp":1613386532,"path_taken":["M","?","?","M","?","R","E","M","T","M","M","?","$","M","R","BOSS"],"items_purchased_type":[],"build_version":"2020-12-22","purchased_purges":1,"victory":false,"max_hp_per_floor":[75,75,75,75,75,75,75,75,75,75,75,75,75,75,75,75,75],"card_choices":[{"not_picked":["Hologram","Streamline"],"picked":"Recycle","floor":1},{"not_picked":["Steam","Gash"],"picked":"Conserve Battery","floor":4},{"not_picked":["Force Field","Ball Lightning"],"picked":"Glacier","floor":7},{"not_picked":["FIFO Queue","Coolheaded"],"picked":"Capacitor","floor":8},{"not_picked":["Turbo","Hologram","Rip and Tear"],"picked":"SKIP","floor":10},{"not_picked":["Cold Snap","Steam"],"picked":"Meteor Strike","floor":11},{"not_picked":["Reprogram","Beam Cell"],"picked":"Capacitor","floor":14}],"player_experience":154547,"relics_obtained":[{"floor":7,"key":"reliquary:WeakTea"},{"floor":9,"key":"Quantum Egg"}],"event_choices":[{"cards_removed":["Strike_B"],"damage_healed":0,"gold_gain":0,"player_choice":"Card Removal","damage_taken":0,"max_hp_gain":0,"max_hp_loss":0,"event_name":"The Cleric","floor":2,"gold_loss":50},{"cards_removed":["Strike_B"],"damage_healed":0,"gold_gain":0,"player_choice":"Card Removal","damage_taken":7,"max_hp_gain":0,"max_hp_loss":0,"event_name":"Golden Wing","floor":5,"gold_loss":0}],"is_beta":false,"boss_relics":[],"items_purged_floors":[13],"is_endless":false,"potions_floor_spawned":[4,7,10],"killed_by":"Fading Forest","ascension_level":6}}