{"host":"1mv6gj0zv8k9e9tz","time":1613359956,"event":{"mods":["AchievementEnabler","BaseMod","Better Third Choice","Colored Map","DeckTracker","Highlight Path","KOR Keyword Fix","Keyboard Shortcuts","Minty Spire (QoL Compilation)","Permanent Neow","Quick Restart","Rare Cards Sparkle","StSLib","SuperFastMode","everything is the same but u backflip on backflip"],"gold_per_floor":[360,360,325,343,418,450,26,26,26,26,26,26],"floor_reached":11,"language":"KOR","playtime":137,"items_purged":["Strike_B"],"score":135,"play_id":"9b818c5a-56aa-46b6-aa33-e7c9ab840fd8","local_time":"20210215123236","is_ascension_mode":true,"campfire_choices":[{"floor":8,"key":"REST"},{"data":"Darkness","floor":10,"key":"SMITH"}],"circlet_count":0,"master_deck":["AscendersBane","Strike_B","Strike_B","Strike_B","Defend_B","Defend_B","Defend_B","Defend_B","Zap","Dualcast","Melter","Darkness+1","Lockon"],"relics":["Cracked Core","Art of War","Orichalcum","Singing Bowl","Cables"],"acts_visited":["Exordium"],"potions_floor_usage":[6],"damage_taken":[{"damage":9.0,"enemies":"Jaw Worm","floor":1.0,"turns":4.0},{"damage":7.0,"enemies":"Small Slimes","floor":4.0,"turns":3.0},{"damage":11,"enemies":"Gremlin Nob","floor":6,"turns":3},{"damage":20,"enemies":"3 Sentries","floor":11,"turns":4}],"seed_played":"-3792150489296836910","potions_obtained":[{"floor":1.0,"key":"Fire Potion"}],"is_trial":false,"path_per_floor":["M","?","?","M","?","E","$","R","T","R","E"],"character_chosen":"DEFECT","items_purchased":["Singing Bowl","Lockon"],"campfire_rested":1,"item_purchase_floors":[7,7],"current_hp_per_floor":[37,19,36,29,18,7,7,28,28,28,8,8],"gold":26,"neow_bonus":"TWO_FIFTY_GOLD","is_daily":false,"chose_seed":false,"campfire_upgraded":1,"win_rate":0.0,"timestamp":1613359956,"path_taken":["M","?","?","M","?","E","$","R","T","R","E"],"items_purchased_type":["Relic","Card"],"build_version":"2020-12-22","purchased_purges":1,"victory":false,"max_hp_per_floor":[71,71,71,71,71,71,71,71,71,71,71,71],"card_choices":[{"not_picked":["Barrage","Beam Cell"],"picked":"Melter","floor":1.0},{"not_picked":["Static Discharge","Skim","Turbo"],"picked":"SKIP","floor":4.0},{"not_picked":["Redo","Chill"],"picked":"Darkness","floor":6}],"player_experience":649985,"relics_obtained":[{"floor":6,"key":"Orichalcum"},{"floor":9,"key":"Cables"}],"event_choices":[{"damage_healed":0.0,"max_hp_gain":0.0,"max_hp_loss":0.0,"gold_gain":0.0,"event_name":"betterThird:BetterScrap","player_choice":"Relic ","floor":2.0,"gold_loss":0.0,"damage_taken":18.0,"cards_obtained":["Exhume"]},{"damage_healed":17.0,"max_hp_gain":0.0,"max_hp_loss":0.0,"gold_gain":0.0,"event_name":"The Cleric","player_choice":"Healed","floor":3.0,"gold_loss":35.0,"damage_taken":0.0},{"damage_healed":0.0,"max_hp_gain":0.0,"max_hp_loss":0.0,"gold_gain":75.0,"event_name":"betterThird:BetterGoop","player_choice":"Gold","floor":5.0,"gold_loss":0.0,"damage_taken":11.0}],"is_beta":false,"boss_relics":[],"items_purged_floors":[7],"is_endless":false,"potions_floor_spawned":[1],"killed_by":"3 Sentries","ascension_level":19}}