{"host":"ox77rn1xcurm2t5a","time":1613347473,"event":{"mods":["2.2 Compatiblity","AchievementEnabler","Act Like it!","Aspiration","BaseMod","Best Route Mod","Better Match","Better Note","Better Sensory Stone","Block Reminder","Colored Map","Colored Powertips","Conjunction","Conspire","Custom Start","Energized Spire","GifTheSpireLib","Gold Saver","Gremlin Skip","Halation","Highlight Path","Hubris","Infinite Spire","Minty Spire (QoL Compilation)","Pale of the Ancients","Quick Restart","Replay The Spire","Reworked Bosses","ShortenTheSpire","Spire Exporter","StSLib","Stuff the Spire","Wandering Minibosses"],"gold_per_floor":[113,130,130,146,161,196,216,242,320,350,350,378,378,45,45,147,147,166,177,82,82,9,38,38,73,73,73,103,103,103,121,121,121,121],"floor_reached":33,"language":"ENG","playtime":710,"items_purged":["Defend_R","Defend_R","Defend_R+1"],"score":482,"play_id":"a99df4fb-ee84-4edc-a60e-2860e3a94b42","local_time":"20210215020433","is_ascension_mode":true,"campfire_choices":[{"floor":15.0,"key":"REST"},{"floor":24,"key":"REST"},{"floor":27,"key":"REST"}],"circlet_count":0,"master_deck":["Strike_R+2","Strike_R+1","Strike_R+2","Strike_R+1","Strike_R+1","Defend_R+1","Bash","Pommel Strike","Sword Boomerang","Cleave","Perfected Strike","Pummel","Perfected Strike","Perfected Strike"],"relics":["Burning Blood","NeowsBlessing","Regal Pillow","Replay:Bottled Eggs","Replay:Ringing Soul","Blood Vial","Quantum Egg","Membership Card","Omamori","PreservedInsect","StuffTheSpire:CocoNut","War Paint","Gremlin Horn","Simple Rune","halation:PeacePiece"],"acts_visited":["Exordium","TheCity"],"potions_floor_usage":[31,33],"damage_taken":[{"damage":0.0,"enemies":"Cultist","floor":1.0,"turns":1.0},{"damage":0.0,"enemies":"Jaw Worm","floor":2.0,"turns":1.0},{"damage":0.0,"enemies":"2 Louse","floor":4.0,"turns":1.0},{"damage":7.0,"enemies":"Looter","floor":5.0,"turns":4.0},{"damage":34.0,"enemies":"Gremlin Nob","floor":6.0,"turns":5.0},{"damage":9.0,"enemies":"Red Slaver","floor":7.0,"turns":4.0},{"damage":30.0,"enemies":"3 Sentries","floor":8.0,"turns":8.0},{"damage":13.0,"enemies":"Gremlin Nob","floor":10.0,"turns":3.0},{"damage":25.0,"enemies":"Lagavulin","floor":12.0,"turns":5.0},{"damage":0.0,"enemies":"Slime Boss","floor":16.0,"turns":8.0},{"damage":25.0,"enemies":"2 Thieves","floor":18.0,"turns":4.0},{"damage":21.0,"enemies":"Chosen","floor":19.0,"turns":6.0},{"damage":56,"enemies":"Gremlin Leader","floor":23,"turns":5},{"damage":66,"enemies":"Slavers","floor":25,"turns":5},{"damage":37,"enemies":"Gremlin Leader","floor":28,"turns":5},{"damage":25,"enemies":"Centurion and Healer","floor":31,"turns":4},{"damage":35,"enemies":"Cultist and Chosen","floor":33,"turns":4}],"seed_played":"4183468028483341837","potions_obtained":[{"floor":2.0,"key":"DistilledChaos"},{"floor":8.0,"key":"AttackPotion"},{"floor":10.0,"key":"Regen Potion"},{"floor":12.0,"key":"Ancient Potion"},{"floor":16.0,"key":"ColorlessPotion"},{"floor":28,"key":"Energy Potion"},{"floor":31,"key":"Swift Potion"}],"is_trial":false,"path_per_floor":["M","M","?","M","M","E","M","E","T","E","?","E","?","$","R","B",null,"M","M","$","?","$","E","R","E","T","R","E","PTL","PTL","M","AVR","M"],"character_chosen":"IRONCLAD","items_purchased":["Membership Card","Omamori","Pummel","Dexterity Potion","FearPotion","PreservedInsect","Perfected Strike","Perfected Strike"],"campfire_rested":3,"item_purchase_floors":[14,14,14,14,14,20,20,22],"current_hp_per_floor":[80,80,73,79,78,50,47,26,26,22,22,17,17,20,61,69,89,70,57,60,60,63,22,67,9,9,54,25,25,25,8,8,0,0],"gold":121,"neow_bonus":"THREE_ENEMY_KILL","is_daily":false,"chose_seed":false,"campfire_upgraded":0,"win_rate":0.0,"timestamp":1613347473,"path_taken":["M","M","?","M","M","E","M","E","T","E","?","E","?","?","R","BOSS","M","?","$","?","$","E","R","E","T","R","E","PTL","PTL","M","AVR","?"],"items_purchased_type":["Relic","Relic","Card","Potion","Potion","Relic","Card","Card"],"build_version":"2020-12-22","purchased_purges":3,"victory":false,"max_hp_per_floor":[80,80,80,80,80,80,80,83,83,86,86,86,86,89,89,89,89,89,89,92,92,95,102,102,102,102,102,102,102,102,102,102,102,102],"card_choices":[{"not_picked":["Havoc","conspire:Charge","Replay:Undeath\u0027s Touch"],"picked":"SKIP","floor":1.0},{"not_picked":["Havoc","Iron Wave"],"picked":"Pommel Strike","floor":2.0},{"not_picked":["Shrug It Off","Replay:Undeath\u0027s Touch","hubris:ReadiedAction"],"picked":"SKIP","floor":4.0},{"not_picked":["True Grit","Run Through","Wild Strike"],"picked":"SKIP","floor":5.0},{"not_picked":["conspire:Charge","hubris:StunningStrike","hubris:CleavingFinish"],"picked":"SKIP","floor":6.0},{"not_picked":["ReplayTheSpireMod:Strike From Hell","Warcry"],"picked":"Sword Boomerang","floor":7.0},{"not_picked":["Whirlwind","Metallicize"],"picked":"Cleave","floor":8.0},{"not_picked":["StuffTheSpire:Incineration","Metallicize"],"picked":"Perfected Strike","floor":10.0},{"not_picked":["Impervious","Wild Strike","Power Through"],"picked":"SKIP","floor":12.0},{"not_picked":["Body Slam","True Grit+1","StuffTheSpire:RockThrow"],"picked":"SKIP","floor":18.0},{"not_picked":["conspire:Charge+1","ReplayTheSpireMod:Stacked","ReplayTheSpireMod:Muscle Training+1"],"picked":"SKIP","floor":19.0},{"not_picked":["Armaments","Run Through+1","ReplayTheSpireMod:Strike From Hell"],"picked":"SKIP","floor":23},{"not_picked":["hubris:ReadiedAction+1","Searing Blow","Dark Embrace"],"picked":"SKIP","floor":25},{"not_picked":["Havoc","StuffTheSpire:RockThrow","True Grit"],"picked":"SKIP","floor":28},{"not_picked":["Intimidate","Power Through","Brutality"],"picked":"SKIP","floor":31}],"player_experience":3105513,"relics_obtained":[{"floor":6.0,"key":"Replay:Bottled Eggs"},{"floor":8.0,"key":"Replay:Ringing Soul"},{"floor":10.0,"key":"Blood Vial"},{"floor":12.0,"key":"Quantum Egg"},{"floor":23,"key":"StuffTheSpire:CocoNut"},{"floor":25,"key":"War Paint"},{"floor":26,"key":"Gremlin Horn"},{"floor":28,"key":"Simple Rune"}],"event_choices":[{"damage_healed":0.0,"max_hp_gain":0.0,"max_hp_loss":0.0,"gold_gain":0.0,"event_name":"Scrap Ooze","player_choice":"Success","floor":3.0,"gold_loss":0.0,"damage_taken":7.0,"relics_obtained":["Regal Pillow"]},{"damage_healed":0.0,"max_hp_gain":0.0,"max_hp_loss":0.0,"gold_gain":0.0,"event_name":"Liars Game","player_choice":"Ignored","floor":11.0,"gold_loss":0.0,"damage_taken":0.0},{"damage_healed":0.0,"max_hp_gain":0.0,"max_hp_loss":0.0,"gold_gain":0.0,"event_name":"betterNote:BetterNote","player_choice":"Ignored","floor":21.0,"gold_loss":0.0,"damage_taken":0.0,"cards_obtained":["Strike_P"]}],"is_beta":false,"boss_relics":[{"not_picked":["aspiration:RitualDagger","energizedSpire:CursedPentagram","Replay:Wanted Poster"]}],"items_purged_floors":[14,22,32],"is_endless":false,"potions_floor_spawned":[2,8,10,12,16,28,31],"killed_by":"Cultist and Chosen","ascension_level":4}}