{"host":"6jrnojxwearbrjzo","time":1613402460,"event":{"mods":["BaseMod","Conspire","Minty Spire (QoL Compilation)","MostiFishMod","Quick Restart","Random Character Button","Spicy Shops","StSLib","SuperFastMode","TestMod","The Servant 0.9.4","[功能]功能增强和修复MOD","篝火指南"],"gold_per_floor":[114,114,4,26,41,71,101,131,131,6,36,75,105,0,0,109,109,124,139,139,139,4,34,73,73,98,128,167,197,197,47,47,156,156,171,171,571,571,586,616,646,676,751,781,781,796,796,811,811,811],"floor_reached":51,"language":"ZHS","playtime":1164,"items_purged":["Regret","Defend_R","Defend_R","Strike_R","Strike_R","Defend_R","Strike_R","Defend_R","Strike_R","Strike_R"],"score":1576,"play_id":"bc5a5c8d-bd91-4b25-87ff-77ee1d22b66f","local_time":"20210215232100","daily_mods":["Heirloom","Flight","Night Terrors"],"is_ascension_mode":false,"campfire_choices":[{"data":"Armaments","floor":15,"key":"SMITH"},{"data":"Heavy Blade","floor":32,"key":"SMITH"},{"data":"Limit Break","floor":49,"key":"SMITH"}],"circlet_count":0,"master_deck":["Bash","Shrug It Off","Armaments+1","Pommel Strike","MostiFishMod:CullingBlade","Seeing Red","Body Slam","Heavy Blade+1","MostiFishMod:DarkDeal","Body Slam+1","Seeing Red","Limit Break+1"],"relics":["Burning Blood","DaveBox","testmod-ArcanaOfDestiny","Civilization","Magic Flower","SynthV:TestCard","Lantern","testmod-Nyarlathotep","testmod-Motorcycle","HollowDreamFlower","conspire:GlowingRock","Sundial","Red Skull","Shuriken","CeramicFish","Bag of Preparation","Vajra","conspire:RunicOctahedron","Bottled Flame","Letter Opener","Bag of Marbles","Strawberry","Paper Frog","Dead Branch","conspire:Dentures","DaveBox","MetatronsCube","CombinedTypeHook","Coffee Dripper","testmod-BlackFramedGlasses","Nunchaku","conspire:TopHat","The Courier","Toxic Egg 2"],"acts_visited":["Exordium","TheCity","TheBeyond"],"potions_floor_usage":[6],"damage_taken":[{"damage":9,"enemies":"2 Louse","floor":1,"turns":3},{"damage":7,"enemies":"conspire:MimicChest","floor":4,"turns":3},{"damage":0,"enemies":"Jaw Worm","floor":5,"turns":2},{"damage":0,"enemies":"Lagavulin","floor":6,"turns":2},{"damage":0,"enemies":"3 Sentries","floor":7,"turns":3},{"damage":0,"enemies":"Lagavulin","floor":8,"turns":2},{"damage":0,"enemies":"Gremlin Nob","floor":11,"turns":2},{"damage":0,"enemies":"Lagavulin","floor":12,"turns":3},{"damage":0,"enemies":"Gremlin Nob","floor":13,"turns":1},{"damage":0,"enemies":"Hexaghost","floor":16,"turns":2},{"damage":5,"enemies":"2 Thieves","floor":18,"turns":2},{"damage":0,"enemies":"Spheric Guardian","floor":19,"turns":1},{"damage":0,"enemies":"Book of Stabbing","floor":23,"turns":2},{"damage":5,"enemies":"Slavers","floor":24,"turns":1},{"damage":5,"enemies":"Book of Stabbing","floor":27,"turns":2},{"damage":0,"enemies":"Slavers","floor":28,"turns":3},{"damage":5,"enemies":"Book of Stabbing","floor":29,"turns":1},{"damage":3,"enemies":"conspire:MysteriousRune","floor":33,"turns":1},{"damage":0,"enemies":"Orb Walker","floor":35,"turns":1},{"damage":0,"enemies":"3 Shapes","floor":39,"turns":2},{"damage":0,"enemies":"Nemesis","floor":40,"turns":1},{"damage":0,"enemies":"Reptomancer","floor":41,"turns":1},{"damage":0,"enemies":"Nemesis","floor":42,"turns":1},{"damage":0,"enemies":"Reptomancer","floor":44,"turns":1},{"damage":0,"enemies":"Sphere and 2 Shapes","floor":46,"turns":1},{"damage":0,"enemies":"3 Darklings","floor":48,"turns":1},{"damage":4,"enemies":"Awakened One","floor":50,"turns":2}],"seed_played":"5535013652570512859","potions_obtained":[{"floor":1,"key":"AttackPotion"},{"floor":1,"key":"testmod-EscapePotion"},{"floor":7,"key":"Block Potion"},{"floor":11,"key":"Block Potion"}],"is_trial":false,"path_per_floor":["M","?","$","?","M","E","E","E","T","$","E","E","E","$","R","B",null,"M","M","?","?","$","E","E","?","T","E","E","E","?","$","R","B",null,"M","$","?","?","M","E","E","E","T","E","?","M","?","M","R","B",null],"character_chosen":"IRONCLAD","items_purchased":["testmod-Nyarlathotep","Armaments","Shuriken","Vajra","Bottled Flame","CombinedTypeHook"],"campfire_rested":0,"item_purchase_floors":[3,3,10,14,22,31],"current_hp_per_floor":[82,82,82,85,89,94,99,104,104,104,109,114,119,119,119,124,124,129,134,134,105,105,128,146,146,153,161,166,171,171,171,171,176,176,181,181,181,181,186,191,196,201,201,206,206,211,211,216,216,221],"gold":811,"neow_bonus":"","is_daily":true,"chose_seed":false,"campfire_upgraded":3,"win_rate":0.0,"timestamp":1613402460,"path_taken":["M","?","?","?","?","E","E","E","T","$","E","E","E","$","R","BOSS","M","?","?","?","$","E","E","?","T","E","E","E","?","?","R","BOSS","M","$","?","?","?","E","E","E","T","E","?","?","?","M","R","BOSS"],"items_purchased_type":["Relic","Card","Relic","Relic","Relic","Relic"],"build_version":"2020-12-22","purchased_purges":10,"victory":true,"max_hp_per_floor":[82,82,82,85,89,94,99,104,104,104,109,114,119,119,119,124,124,129,134,134,139,139,144,149,149,156,161,166,171,171,171,171,176,176,181,181,181,181,186,191,196,201,201,206,206,211,211,216,216,221],"card_choices":[{"not_picked":["conspire:ExplosiveBarrier","Burning Pact"],"picked":"Shrug It Off","floor":1},{"not_picked":["Havoc","Heavy Blade","Twin Strike","Sword Boomerang"],"picked":"Second Wind","floor":4},{"not_picked":["Clothesline","Pummel","Rampage","Anger"],"picked":"Pommel Strike","floor":5},{"not_picked":["Warcry","Second Wind","Flame Barrier","Wild Strike"],"picked":"MostiFishMod:CullingBlade","floor":6},{"not_picked":["Cleave","Warcry","True Grit","Evolve"],"picked":"Seeing Red","floor":7},{"not_picked":["Headbutt","Flex","Uppercut","Double Tap"],"picked":"Body Slam","floor":8},{"not_picked":["Anger","Iron Wave","Perfected Strike","Twin Strike","Rage"],"picked":"SKIP","floor":11},{"not_picked":["Iron Wave","Intimidate","Hemokinesis","Seeing Red"],"picked":"Heavy Blade","floor":12},{"not_picked":["Inflame","Cleave","MostiFishMod:#F4004","Dropkick","Reckless Charge"],"picked":"SKIP","floor":13},{"not_picked":["Immolate","Offering","MostiFishMod:CullingBlade","MostiFishMod:FlyOverUtopia"],"picked":"MostiFishMod:DarkDeal","floor":16},{"not_picked":["Heavy Blade+1","Rampage","Warcry","Anger","Thunderclap"],"picked":"SKIP","floor":18},{"not_picked":["Twin Strike","Blood for Blood","Dual Wield","Evolve","Sever Soul"],"picked":"SKIP","floor":19},{"not_picked":["Thunderclap+1","True Grit","MostiFishMod:RainCloud","Dropkick","Headbutt"],"picked":"SKIP","floor":23},{"not_picked":["True Grit","Pommel Strike","Brutality","Uppercut"],"picked":"Body Slam+1","floor":24},{"not_picked":["Uppercut+1","Anger","Dropkick","Perfected Strike+1","Dual Wield+1"],"picked":"SKIP","floor":27},{"not_picked":["Flex","Metallicize+1","Cleave+1","Spot Weakness+1"],"picked":"Seeing Red","floor":28},{"not_picked":["Impervious","MostiFishMod:BrandingRite+1","MostiFishMod:404NotFound","Sword Boomerang","MostiFishMod:CullingBlade"],"picked":"SKIP","floor":29},{"not_picked":["MostiFishMod:NewArrival","MostiFishMod:UltimateDefense","Immolate","MostiFishMod:PerfectStrikeMKII"],"picked":"Limit Break","floor":33},{"not_picked":["Rage","Twin Strike+1","Clash+1","Perfected Strike+1","Clothesline+1"],"picked":"SKIP","floor":35},{"not_picked":["Power Through","Warcry","Clash","MostiFishMod:BrandingRite+1","Perfected Strike"],"picked":"SKIP","floor":39},{"not_picked":["Dual Wield","MostiFishMod:RainCloud","Sword Boomerang+1","Clash+1","Feel No Pain"],"picked":"SKIP","floor":40},{"not_picked":["Battle Trance","Pummel","Clothesline+1","Burning Pact","Heavy Blade"],"picked":"SKIP","floor":41},{"not_picked":["Second Wind","Warcry","Shockwave+1","Cleave","Clash"],"picked":"SKIP","floor":42},{"not_picked":["Evolve+1","MostiFishMod:TemporaryOutbreak","Cleave+1","Entrench+1","Sword Boomerang+1"],"picked":"SKIP","floor":44},{"not_picked":["Seeing Red+1","Warcry+1","Headbutt+1","Barricade","Body Slam+1"],"picked":"SKIP","floor":46},{"not_picked":["Armaments+1","Sword Boomerang+1","Headbutt","True Grit+1","Spot Weakness+1"],"picked":"SKIP","floor":48}],"player_experience":151686,"relics_obtained":[{"floor":1,"key":"SynthV:TestCard"},{"floor":4,"key":"testmod-Motorcycle"},{"floor":6,"key":"HollowDreamFlower"},{"floor":7,"key":"conspire:GlowingRock"},{"floor":8,"key":"Sundial"},{"floor":9,"key":"Red Skull"},{"floor":11,"key":"CeramicFish"},{"floor":12,"key":"Bag of Preparation"},{"floor":13,"key":"testmod-InfectionSource"},{"floor":23,"key":"Letter Opener"},{"floor":24,"key":"Bag of Marbles"},{"floor":26,"key":"Strawberry"},{"floor":27,"key":"Paper Frog"},{"floor":28,"key":"Dead Branch"},{"floor":29,"key":"conspire:Dentures"},{"floor":40,"key":"testmod-BlackFramedGlasses"},{"floor":41,"key":"Nunchaku"},{"floor":42,"key":"conspire:TopHat"},{"floor":43,"key":"The Courier"},{"floor":44,"key":"Toxic Egg 2"}],"event_choices":[{"damage_healed":0,"gold_gain":0,"player_choice":"Box","damage_taken":0,"relics_obtained":["Lantern"],"max_hp_gain":0,"max_hp_loss":0,"event_name":"Big Fish","floor":2,"gold_loss":0,"cards_obtained":["Regret"]},{"damage_healed":0,"gold_gain":0,"player_choice":"Ignored","damage_taken":0,"max_hp_gain":0,"max_hp_loss":0,"event_name":"Ghosts","floor":20,"gold_loss":0},{"damage_healed":0,"gold_gain":0,"player_choice":"Shed Blood","damage_taken":34,"max_hp_gain":5,"max_hp_loss":0,"event_name":"Forgotten Altar","floor":21,"gold_loss":0},{"damage_healed":0,"gold_gain":0,"player_choice":"Ignored","damage_taken":0,"max_hp_gain":0,"max_hp_loss":0,"event_name":"Vampires","floor":25,"gold_loss":0},{"damage_healed":0,"gold_gain":0,"player_choice":"Swap Relic","damage_taken":0,"relics_obtained":["DaveBox"],"max_hp_gain":0,"max_hp_loss":0,"event_name":"给自己的盒子","floor":30,"relics_lost":["testmod-InfectionSource"],"gold_loss":0},{"damage_healed":0,"gold_gain":400,"player_choice":"Sell","damage_taken":0,"max_hp_gain":0,"max_hp_loss":0,"event_name":"恩洛斯的盘子","floor":37,"relics_lost":["testmod-TestBox"],"gold_loss":0},{"cards_removed":["Second Wind"],"damage_healed":0,"gold_gain":0,"player_choice":"Purged","damage_taken":0,"max_hp_gain":0,"max_hp_loss":0,"event_name":"Purifier","floor":38,"gold_loss":0},{"damage_healed":0,"gold_gain":0,"player_choice":"0 cards matched","damage_taken":0,"max_hp_gain":0,"max_hp_loss":0,"event_name":"Match and Keep!","floor":45,"gold_loss":0,"cards_obtained":[]},{"damage_healed":0,"gold_gain":0,"player_choice":"Leave","damage_taken":0,"max_hp_gain":0,"max_hp_loss":0,"event_name":"conspire:Investor","floor":47,"gold_loss":0}],"is_beta":false,"boss_relics":[{"not_picked":["EctoplasmExtend","SacredBark"],"picked":"conspire:RunicOctahedron"},{"not_picked":["Busted Crown","testmod-TimeTraveler"],"picked":"Coffee Dripper"}],"items_purged_floors":[3,3,14,14,14,14,14,14,22,22],"is_endless":false,"potions_floor_spawned":[1,1,7,11,12,13,16,18,23,23,23,28,29,33,35,40,44,46,46],"ascension_level":0}}