{"host":"mb4j77vqrnqglrk8","time":1613354203,"event":{"mods":["BaseMod","Downfall","Minty Spire (QoL Compilation)","StSLib"],"gold_per_floor":[99,119,133,145,58,77,77,102,63,63,63,77,77,252,264,364,364,364,383,399,399,414,414,414,414],"floor_reached":23,"language":"ENG","playtime":1927,"items_purged":[],"score":193,"play_id":"8a8a1488-b148-465f-8719-5401abd1132a","local_time":"20210215125643","is_ascension_mode":false,"campfire_choices":[{"data":"bronze:Replicate","floor":1.0,"key":"SMITH"},{"floor":11.0,"key":"REST"},{"floor":13.0,"key":"REST"},{"data":"bronze:BronzeOrb","floor":18.0,"key":"SMITH"}],"circlet_count":0,"master_deck":["bronze:Strike","bronze:Strike","bronze:Strike","bronze:Strike","bronze:Defend","bronze:Defend","bronze:Defend","bronze:Defend","bronze:Replicate+1","bronze:Goto","bronze:Verify","bronze:WildBeam","bronze:Frontload","bronze:ChosenStrike","bronze:WildBeam","bronze:Boost","bronze:RecursiveStrike","bronze:GetLatest","bronze:BronzeOrb+1","bronze:BugBarrage","bronze:CutThrough","Doubt","bronze:WildBeam","bronze:CleanCode","bronze:Deprecate","bronze:GetLatest","RitualDagger","bronze:CloningBeam"],"relics":["bronze:PlatinumCore","Ornamental Fan","Matryoshka","Pear"],"acts_visited":["Exordium","TheCity"],"potions_floor_usage":[23,23],"damage_taken":[{"damage":13.0,"enemies":"Small Slimes","floor":2.0,"turns":4.0},{"damage":5.0,"enemies":"2 Louse","floor":3.0,"turns":2.0},{"damage":1.0,"enemies":"Cultist","floor":4.0,"turns":4.0},{"damage":0.0,"enemies":"downfall:FleeingMerchant","floor":5.0,"turns":4.0},{"damage":5.0,"enemies":"downfall:LooterAlt","floor":6.0,"turns":4.0},{"damage":9.0,"enemies":"Gremlin Nob","floor":8.0,"turns":4.0},{"damage":11.0,"enemies":"downfall:FleeingMerchant","floor":9.0,"turns":4.0},{"damage":3.0,"enemies":"Large Slime","floor":12.0,"turns":6.0},{"damage":13.0,"enemies":"Gremlin Gang","floor":15.0,"turns":4.0},{"damage":19.0,"enemies":"SI_SHIV_ARCHETYPE","floor":16.0,"turns":6.0},{"damage":7.0,"enemies":"downfall:LooterAlt2","floor":19.0,"turns":2.0},{"damage":13,"enemies":"Spheric Guardian","floor":20,"turns":4},{"damage":39,"enemies":"Chosen and Byrds","floor":22,"turns":8},{"damage":35,"enemies":"Book of Stabbing","floor":23,"turns":6}],"seed_played":"6413253806836842799","potions_obtained":[{"floor":4.0,"key":"DuplicationPotion"},{"floor":6.0,"key":"PowerPotion"},{"floor":12.0,"key":"champ:CounterPotion"},{"floor":15.0,"key":"Fire Potion"},{"floor":20,"key":"Regen Potion"},{"floor":22,"key":"SneckoOil"}],"is_trial":false,"path_per_floor":["R","M","M","M","$","M","T","E","$","?","R","M","R","?","M","B",null,"R","M","M","?","M","E"],"character_chosen":"THE_AUTOMATON","items_purchased":["bronze:Boost","bronze:BugBarrage"],"campfire_rested":2,"item_purchase_floors":[5,9],"current_hp_per_floor":[70,57,52,51,51,46,46,37,26,33,57,54,78,78,65,46,80,80,73,60,54,15,0,0,0],"gold":414,"neow_bonus":"ONE_RANDOM_RARE_CARD","is_daily":false,"chose_seed":false,"campfire_upgraded":2,"win_rate":0.0,"timestamp":1613354203,"path_taken":["R","M","M","M","$","M","T","E","$","?","R","M","R","?","M","BOSS","R","M","M","?","M","E"],"items_purchased_type":["Card","Card"],"build_version":"2020-12-22","purchased_purges":0,"victory":false,"max_hp_per_floor":[70,70,70,70,70,70,70,70,70,80,80,80,80,80,80,80,80,80,80,80,80,80,80,80,80],"card_choices":[{"not_picked":["bronze:Safeguard","bronze:Overheat"],"picked":"bronze:WildBeam","floor":2.0},{"not_picked":["bronze:BuggyMess","bronze:Deprecate"],"picked":"bronze:Frontload","floor":3.0},{"not_picked":["bronze:CutThrough","bronze:Shield"],"picked":"bronze:ChosenStrike","floor":4.0},{"not_picked":["bronze:Frontload","bronze:Backtrace"],"picked":"bronze:WildBeam","floor":5.0},{"not_picked":["bronze:WhirlingStrike","bronze:Branch"],"picked":"bronze:RecursiveStrike","floor":6.0},{"not_picked":["bronze:ForceShield","bronze:DarkDash"],"picked":"bronze:GetLatest","floor":8.0},{"not_picked":["bronze:Overheat","bronze:FineTuning"],"picked":"bronze:BronzeOrb","floor":9.0},{"not_picked":["bronze:BugBarrage","bronze:Branch"],"picked":"bronze:CutThrough","floor":12.0},{"not_picked":["bronze:WhirlingStrike","bronze:Overheat"],"picked":"bronze:WildBeam","floor":15.0},{"not_picked":["bronze:Mutator","bronze:HardenedForm"],"picked":"bronze:CleanCode","floor":16.0},{"not_picked":["bronze:BugBarrage","bronze:Overheat"],"picked":"bronze:Deprecate","floor":19.0},{"not_picked":["bronze:Frontload+1","bronze:ForceShield+1"],"picked":"bronze:GetLatest","floor":20},{"not_picked":["bronze:BugBarrage","bronze:BronzeOrb"],"picked":"bronze:CloningBeam","floor":22}],"player_experience":24590,"relics_obtained":[{"floor":7.0,"key":"Ornamental Fan"},{"floor":8.0,"key":"Matryoshka"}],"event_choices":[{"damage_healed":0.0,"max_hp_gain":0.0,"max_hp_loss":0.0,"gold_gain":0.0,"event_name":"Scrap Ooze","player_choice":"Success","floor":10.0,"gold_loss":0.0,"damage_taken":3.0,"relics_obtained":["Pear"]}],"is_beta":false,"boss_relics":[{"not_picked":["Calling Bell","Philosopher\u0027s Stone"],"picked":"bronze:PlatinumCore"}],"items_purged_floors":[],"is_endless":false,"potions_floor_spawned":[4,6,12,15,20,22],"killed_by":"Book of Stabbing","ascension_level":0}}