{"host":"knk89g45d3vzr5fm","time":1613423399,"event":{"mods":["2.2 Compatiblity","BaseMod","Downfall","Minty Spire (QoL Compilation)","Relic Stats","Reliquary","Replay The Spire","StSLib","The Marked"],"gold_per_floor":[99,115,175,175,8,40,108,208,208,243,243,269,286,315,328,431,481,381,394,460,476,489,389,412,437,15,34,34,34,34],"floor_reached":28,"language":"FRA","playtime":1618,"items_purged":["Languid","sneckomod:Strike"],"score":499,"play_id":"37d2ccbf-67df-466e-93df-33f57cb6a7d3","local_time":"20210215220959","is_ascension_mode":true,"campfire_choices":[{"data":"sneckomod:SnekBite","floor":1,"key":"SMITH"},{"floor":9,"key":"REST"},{"floor":11,"key":"REST"},{"floor":18,"key":"RECALL"},{"floor":23,"key":"REST"}],"circlet_count":0,"master_deck":["AscendersBane","sneckomod:Strike","sneckomod:Strike","sneckomod:Defend","sneckomod:Defend+1","sneckomod:Defend","sneckomod:TailWhip+1","sneckomod:SnekBite+1","sneckomod:Unknown","sneckomod:Unknown","sneckomod:SnakeSap+1","sneckomod:UnknownColorless","sneckomod:Rotation","sneckomod:UnendingSupply","sneckomod:UnknownBlock","sneckomod:QuickBite","sneckomod:Transmogrify","sneckomod:SoulCleanse","sneckomod:UnknownUncommonSkill","sneckomod:UnknownBlock+1","sneckomod:PureSnecko+1","sneckomod:QuickMove+1","sneckomod:UnknownRarePower","sneckomod:SoulDraw","sneckomod:QuickBite"],"relics":["Busted Crown","ReplayTheSpireMod:CursedCoin","Replay:Baseball","downfall:CloakOfManyFaces","CultistMask","FaceOfCleric","NlothsMask","GremlinMask","SsserpentHead","Whetstone","ReplayTheSpireMod:Shallot","Tiny House","downfall:HeartBlessingGreen","Ice Cream","Gremlin Horn","downfall:HeartBlessingRed","Matryoshka","Replay:Ringing Soul","Membership Card","Bottled Tornado","reliquary:Firecrackers"],"acts_visited":["Exordium","TheCity"],"potions_floor_usage":[8,8,8,10,12,16,16,16,22,27,28,28],"damage_taken":[{"damage":0,"enemies":"2 Louse","floor":2,"turns":3},{"damage":35,"enemies":"3 Sentries","floor":3,"turns":10},{"damage":5,"enemies":"downfall:FleeingMerchant","floor":5,"turns":4},{"damage":21,"enemies":"Lagavulin","floor":6,"turns":6},{"damage":5,"enemies":"downfall:FaceTrader","floor":8,"turns":8},{"damage":10,"enemies":"3 Sentries","floor":10,"turns":7},{"damage":12,"enemies":"Gremlin Nob","floor":12,"turns":2},{"damage":1,"enemies":"Jaw Worm","floor":13,"turns":3},{"damage":0,"enemies":"Lagavulin","floor":14,"turns":6},{"damage":0,"enemies":"Small Slimes","floor":15,"turns":2},{"damage":38,"enemies":"IC_STATUS_ARCHETYPE","floor":16,"turns":8},{"damage":0,"enemies":"Chosen","floor":19,"turns":4},{"damage":31,"enemies":"Spheric Guardian","floor":20,"turns":5},{"damage":7,"enemies":"Snake Plant","floor":21,"turns":4},{"damage":4,"enemies":"Shelled Parasite and Fungi","floor":22,"turns":6},{"damage":34,"enemies":"Slavers","floor":25,"turns":6},{"damage":0,"enemies":"downfall:FleeingMerchant","floor":26,"turns":4},{"damage":17,"enemies":"Cultist and Chosen","floor":27,"turns":6},{"damage":45,"enemies":"Gremlin Leader","floor":28,"turns":7}],"seed_played":"5724359539622137041","potions_obtained":[{"floor":10,"key":"Block Potion"},{"floor":12,"key":"EssenceOfSteel"},{"floor":16,"key":"Adrenaline Potion"},{"floor":17,"key":"Elixir"},{"floor":22,"key":"BlessingOfTheForge"},{"floor":25,"key":"Fire Potion"},{"floor":27,"key":"SneckoOil"}],"is_trial":false,"path_per_floor":["R","M","?","?","$","E","T","?","R","E","R","E","M","E","M","B",null,"R","M","M","M","M","R","T","E","$","M","E"],"character_chosen":"THE_SNECKO","items_purchased":["ReplayTheSpireMod:CursedCoin","sneckomod:Rotation","Replay:Baseball","Membership Card","Bottled Tornado","reliquary:Firecrackers","sneckomod:SoulDraw"],"campfire_rested":3,"item_purchase_floors":[5,5,5,26,26,26,26],"current_hp_per_floor":[81,81,46,46,41,20,20,15,42,33,60,49,49,50,51,14,81,81,82,52,46,43,74,74,44,48,35,0,0,0],"gold":34,"neow_bonus":"BOSS_RELIC","is_daily":false,"chose_seed":false,"campfire_upgraded":1,"win_rate":0.0,"timestamp":1613423399,"path_taken":["R","M","?","?","?","E","T","?","R","E","R","E","M","E","M","BOSS","R","M","?","M","M","R","T","E","?","M","E"],"items_purchased_type":["Relic","Card","Relic","Relic","Relic","Relic","Card"],"build_version":"2020-12-22","purchased_purges":2,"victory":false,"max_hp_per_floor":[90,90,90,90,90,90,90,90,90,91,91,92,93,94,95,96,101,101,102,103,104,105,105,105,109,113,117,117,117,117],"relic_stats":{"SsserpentHead":100,"Busted Crown":52,"FaceOfCleric":13,"Gremlin Horn":[11,11],"counters":[19,101],"Whetstone":["sneckomod:SnakeSap","sneckomod:TailWhip"],"obtain_stats":[{"Ice Cream":6,"Tiny House":17,"Gremlin Horn":3,"downfall:HeartBlessingRed":23,"ReplayTheSpireMod:CursedCoin":5,"reliquary:Firecrackers":26,"GremlinMask":8,"downfall:HeartBlessingGreen":18,"Replay:WaspNest":7,"Whetstone":10,"Bottled Tornado":26,"sneckomod:SneckoSoul":0,"SsserpentHead":8,"Replay:Ringing Soul":25,"Replay:Baseball":5,"Busted Crown":0,"Matryoshka":25,"FaceOfCleric":8,"ReplayTheSpireMod:Shallot":12,"Mummified Hand":14,"CultistMask":8,"downfall:CloakOfManyFaces":8,"Membership Card":26,"NlothsMask":8},{"Ice Cream":4,"Tiny House":11,"Gremlin Horn":2,"downfall:HeartBlessingRed":15,"ReplayTheSpireMod:CursedCoin":3,"reliquary:Firecrackers":17,"GremlinMask":5,"downfall:HeartBlessingGreen":11,"Replay:WaspNest":4,"Whetstone":6,"Bottled Tornado":17,"sneckomod:SneckoSoul":0,"SsserpentHead":5,"Replay:Ringing Soul":16,"Replay:Baseball":3,"Busted Crown":0,"Matryoshka":16,"FaceOfCleric":5,"ReplayTheSpireMod:Shallot":7,"Mummified Hand":9,"CultistMask":5,"downfall:CloakOfManyFaces":5,"Membership Card":17,"NlothsMask":5},{"Ice Cream":23,"Tiny House":59,"Gremlin Horn":13,"downfall:HeartBlessingRed":78,"ReplayTheSpireMod:CursedCoin":17,"reliquary:Firecrackers":88,"GremlinMask":31,"downfall:HeartBlessingGreen":59,"Replay:WaspNest":23,"Whetstone":38,"Bottled Tornado":88,"sneckomod:SneckoSoul":0,"SsserpentHead":31,"Replay:Ringing Soul":84,"Replay:Baseball":17,"Busted Crown":0,"Matryoshka":84,"FaceOfCleric":31,"ReplayTheSpireMod:Shallot":40,"Mummified Hand":49,"CultistMask":31,"downfall:CloakOfManyFaces":31,"Membership Card":88,"NlothsMask":31}]},"card_choices":[{"not_picked":["sneckomod:UnknownClassTHE_CHAMP_GRAY"],"picked":"SKIP","floor":2},{"not_picked":[],"picked":"sneckomod:SnakeSap","floor":3},{"not_picked":[],"picked":"sneckomod:UnknownColorless","floor":5},{"not_picked":[],"picked":"sneckomod:UnendingSupply","floor":6},{"not_picked":[],"picked":"sneckomod:UnknownBlock","floor":8},{"not_picked":["sneckomod:UnknownClassMARKED_PURPLE_COLOR"],"picked":"SKIP","floor":10},{"not_picked":[],"picked":"sneckomod:QuickBite","floor":12},{"not_picked":["sneckomod:DefensiveFlair"],"picked":"SKIP","floor":13},{"not_picked":["sneckomod:UnknownClassTHE_CHAMP_GRAY"],"picked":"SKIP","floor":14},{"not_picked":["sneckomod:UnknownVulnerable"],"picked":"SKIP","floor":15},{"not_picked":[],"picked":"sneckomod:Transmogrify","floor":16},{"not_picked":[],"picked":"sneckomod:SoulCleanse","floor":17},{"not_picked":[],"picked":"sneckomod:UnknownUncommonSkill","floor":19},{"not_picked":[],"picked":"sneckomod:UnknownBlock+1","floor":20},{"not_picked":["sneckomod:Unknown1Cost"],"picked":"SKIP","floor":21},{"not_picked":[],"picked":"sneckomod:PureSnecko+1","floor":22},{"not_picked":[],"picked":"sneckomod:QuickMove+1","floor":25},{"not_picked":[],"picked":"sneckomod:UnknownRarePower","floor":26},{"not_picked":[],"picked":"sneckomod:QuickBite","floor":27}],"player_experience":2177991,"relics_obtained":[{"floor":3,"key":"Gremlin Horn"},{"floor":6,"key":"Ice Cream"},{"floor":7,"key":"Replay:WaspNest"},{"floor":8,"key":"downfall:CloakOfManyFaces"},{"floor":10,"key":"Whetstone"},{"floor":12,"key":"ReplayTheSpireMod:Shallot"},{"floor":14,"key":"Mummified Hand"},{"floor":19,"key":"Gremlin Horn"},{"floor":20,"key":"Ice Cream"},{"floor":21,"key":"Mummified Hand"},{"floor":22,"key":"Gremlin Horn"},{"floor":25,"key":"Matryoshka"},{"floor":25,"key":"Replay:Ringing Soul"},{"floor":26,"key":"Mummified Hand"}],"event_choices":[],"is_beta":false,"boss_relics":[{"not_picked":["bronze:MakeshiftBattery","Runic Dome"],"picked":"Tiny House"}],"items_purged_floors":[5,26],"is_endless":false,"potions_floor_spawned":[10,12,15,16,22,25,27],"killed_by":"Gremlin Leader","ascension_level":10}}