{"host":"43wsnxh97mgjl5zw","time":1613409457,"event":{"mods":["Aspiration","BaseMod","Colored Map","Colored Powertips","Downfall","Hubris","Minty Spire (QoL Compilation)","Quick Restart","Rare Cards Sparkle","Relic Sorter","Replay The Spire","StSLib"],"gold_per_floor":[119,133,133,144,157,157,185,185,185,185,185],"floor_reached":10,"language":"ENG","playtime":347,"items_purged":[],"score":136,"play_id":"d6abb0dc-c002-4c81-965f-c0b2d3ef0e70","local_time":"20210215191737","is_ascension_mode":true,"campfire_choices":[{"data":"True Grit","floor":6,"key":"SMITH"},{"data":"Uppercut","floor":8,"key":"SMITH"}],"circlet_count":0,"master_deck":["AscendersBane","Strike_R","Strike_R","Strike_R","Strike_R","Strike_R","Defend_R","Defend_R","Defend_R","Defend_R","Bash","Flame Barrier","Uppercut+1","True Grit+1"],"relics":["Burning Blood","NeowsBlessing","Singing Bowl","Mummified Hand","Snack Pack"],"acts_visited":["Exordium"],"potions_floor_usage":[7,10],"damage_taken":[{"damage":0,"enemies":"Cultist","floor":1,"turns":1},{"damage":0,"enemies":"Small Slimes","floor":2,"turns":1},{"damage":0,"enemies":"Jaw Worm","floor":4,"turns":1},{"damage":16,"enemies":"Gremlin Gang","floor":5,"turns":6},{"damage":38,"enemies":"3 Sentries","floor":7,"turns":14},{"damage":31,"enemies":"Lagavulin","floor":10,"turns":10}],"seed_played":"1743579166732211918","potions_obtained":[{"floor":1,"key":"Elixir"},{"floor":4,"key":"GamblersBrew"}],"is_trial":false,"path_per_floor":["M","M","T","M","M","R","E","R","T","E"],"character_chosen":"IRONCLAD","items_purchased":[],"campfire_rested":0,"item_purchase_floors":[],"current_hp_per_floor":[74,75,75,75,67,67,37,37,37,6,6],"gold":185,"neow_bonus":"THREE_ENEMY_KILL","is_daily":false,"chose_seed":false,"campfire_upgraded":2,"win_rate":0.0,"timestamp":1613409457,"path_taken":["M","M","?","?","?","R","E","R","T","E"],"items_purchased_type":[],"build_version":"2020-12-22","purchased_purges":0,"victory":false,"max_hp_per_floor":[75,75,75,75,77,77,79,79,79,79,79],"card_choices":[{"not_picked":["Hemokinesis","Burning Pact"],"picked":"Flame Barrier","floor":1},{"not_picked":["Headbutt","Flex"],"picked":"Uppercut","floor":2},{"not_picked":["Reckless Charge","Replay:Undeath\u0027s Touch"],"picked":"True Grit","floor":4},{"not_picked":["hubris:ReadiedAction","Clothesline","Life Link"],"picked":"Singing Bowl","floor":5},{"not_picked":["Havoc","Body Slam","Clash"],"picked":"Singing Bowl","floor":7}],"player_experience":1246203,"relics_obtained":[{"floor":3,"key":"Singing Bowl"},{"floor":7,"key":"Mummified Hand"},{"floor":9,"key":"Snack Pack"}],"event_choices":[],"is_beta":false,"boss_relics":[],"items_purged_floors":[],"is_endless":false,"potions_floor_spawned":[1,4],"killed_by":"Lagavulin","ascension_level":20}}