{"host":"oehe2dxjvdgux73m","time":1613399060,"event":{"mods":["AchievementEnabler","BaseMod","Colored Map","Colored Powertips","DeckTracker","Keyboard Shortcuts","Minty Spire (QoL Compilation)","Permanent Neow","Quick Restart","StSLib","SuperFastMode"],"gold_per_floor":[117,34,34,52,52,84,101,101,101,101,101,119,136,153,153,153,153],"floor_reached":16,"language":"KOR","playtime":326,"items_purged":[],"score":204,"play_id":"bb10707a-3e02-4652-8069-036a54d84ade","local_time":"20210215232420","is_ascension_mode":true,"campfire_choices":[{"data":"Storm of Steel","floor":8.0,"key":"SMITH"},{"data":"Noxious Fumes","floor":10.0,"key":"SMITH"},{"floor":15.0,"key":"REST"}],"circlet_count":0,"master_deck":["AscendersBane","Strike_G","Strike_G","Strike_G","Strike_G","Defend_G","Defend_G","Defend_G","Defend_G","Defend_G","Survivor","Neutralize","Noxious Fumes+1","Bane","Underhanded Strike","Storm of Steel+1","Grand Finale"],"relics":["Ring of the Snake","StrikeDummy","Ninja Scroll","Lantern","Singing Bowl"],"acts_visited":["Exordium"],"potions_floor_usage":[16,16],"damage_taken":[{"damage":6.0,"enemies":"Small Slimes","floor":1.0,"turns":5.0},{"damage":1.0,"enemies":"Jaw Worm","floor":4.0,"turns":4.0},{"damage":7.0,"enemies":"Lagavulin","floor":6.0,"turns":5.0},{"damage":0.0,"enemies":"Cultist","floor":7.0,"turns":3.0},{"damage":11.0,"enemies":"Lots of Slimes","floor":12.0,"turns":3.0},{"damage":0.0,"enemies":"2 Fungi Beasts","floor":13.0,"turns":3.0},{"damage":5.0,"enemies":"Large Slime","floor":14.0,"turns":3.0},{"damage":41,"enemies":"Hexaghost","floor":16,"turns":9}],"seed_played":"-5457999721562147997","potions_obtained":[{"floor":4.0,"key":"ColorlessPotion"},{"floor":6.0,"key":"Dexterity Potion"},{"floor":12.0,"key":"AttackPotion"}],"is_trial":false,"path_per_floor":["M","$","?","M","?","E","M","R","T","R","T","M","M","M","R","B"],"character_chosen":"THE_SILENT","items_purchased":["DistilledChaos"],"campfire_rested":1,"item_purchase_floors":[2],"current_hp_per_floor":[53,53,42,41,34,27,27,27,27,27,27,18,20,15,36,0,0],"gold":153,"neow_bonus":"THREE_CARDS","is_daily":false,"chose_seed":false,"campfire_upgraded":2,"win_rate":0.0,"timestamp":1613399060,"path_taken":["M","$","?","M","?","E","M","R","T","R","?","M","?","M","R","BOSS"],"items_purchased_type":["Potion"],"build_version":"2020-12-22","purchased_purges":0,"victory":false,"max_hp_per_floor":[66,66,66,66,66,66,66,66,66,66,66,68,70,70,70,70,70],"card_choices":[{"not_picked":["Backflip","Dagger Throw"],"picked":"Noxious Fumes","floor":0.0},{"not_picked":["Quick Slash","Backflip"],"picked":"Bane","floor":1.0},{"not_picked":["Calculated Gamble","Caltrops"],"picked":"Underhanded Strike","floor":4.0},{"not_picked":["PiercingWail","Finisher"],"picked":"Storm of Steel","floor":6.0},{"not_picked":["Bane","Noxious Fumes","Sucker Punch"],"picked":"SKIP","floor":7.0},{"not_picked":["Sucker Punch","Slice","Noxious Fumes"],"picked":"Singing Bowl","floor":12.0},{"not_picked":["Underhanded Strike","Dagger Spray","Distraction"],"picked":"Singing Bowl","floor":13.0},{"not_picked":["Poisoned Stab","Quick Slash"],"picked":"Grand Finale","floor":14.0}],"player_experience":466950,"relics_obtained":[{"floor":6.0,"key":"Ninja Scroll"},{"floor":9.0,"key":"Lantern"},{"floor":11.0,"key":"Singing Bowl"}],"event_choices":[{"damage_healed":0.0,"max_hp_gain":0.0,"max_hp_loss":0.0,"gold_gain":0.0,"event_name":"Scrap Ooze","player_choice":"Success","floor":3.0,"gold_loss":0.0,"damage_taken":11.0,"relics_obtained":["StrikeDummy"]},{"cards_removed":["Strike_G"],"damage_healed":0.0,"max_hp_gain":0.0,"max_hp_loss":0.0,"gold_gain":0.0,"event_name":"Golden Wing","player_choice":"Card Removal","floor":5.0,"gold_loss":0.0,"damage_taken":7.0}],"is_beta":false,"boss_relics":[],"items_purged_floors":[],"is_endless":false,"potions_floor_spawned":[4,6,12,13],"killed_by":"Hexaghost","ascension_level":20}}