{"host":"8e3sp1tozjyrh64l","time":1613412776,"event":{"mods":["Act Like it!","BaseMod","Better Altar","Better Match","Better Note","Better Sensory Stone","Better Silent Start","Better Skull","Better Third Choice","BetterRewards","Conspire","Curses Come First","Defuse TimeMaze Blight","Infinite Spire","Minty Spire (QoL Compilation)","Permanent Neow","Rare Cards Sparkle","Relic Sorter","Reliquary","Replay The Spire","Shop Mod","Spicy Shops","StSLib","SuperFastMode","The Jungle","The Necromancer","Wandering Minibosses"],"gold_per_floor":[216,67,67,67,86,125,144,179,179,197,210,210,229,229,229,231,231],"floor_reached":16,"language":"ENG","playtime":414,"items_purged":[],"score":137,"play_id":"654ae359-75da-4ccb-9e49-cf954375f3a4","local_time":"20210215111256","is_ascension_mode":false,"campfire_choices":[{"data":"Cloudkill","floor":12,"key":"SMITH"},{"data":"Summon_Vampire_Lady","floor":15,"key":"SMITH"}],"circlet_count":0,"master_deck":["conspire:GhostlyStrike","conspire:GhostlyStrike","conspire:GhostlyStrike","conspire:GhostlyDefend","conspire:GhostlyDefend","conspire:GhostlyDefend","conspire:GhostlyDefend","Negative_Energy_Arrows","Bone_Wall","Stop_Heart","Death_Coil","Cloudkill+1","Violent_Necrosis","Summon_Vampire_Lady+1"],"relics":["Vampire_Amulet","Membership Card","infinitespire:Midas Blood","Prayer Wheel","conspire:InfiniteJournal","Ice Cream","Chameleon Ring"],"acts_visited":["Exordium"],"potions_floor_usage":[8,13,13,16],"damage_taken":[{"damage":0,"enemies":"Jaw Worm","floor":1,"turns":4},{"damage":0,"enemies":"Cultist","floor":5,"turns":4},{"damage":34,"enemies":"3 Sentries","floor":6,"turns":12},{"damage":0,"enemies":"2 Louse","floor":7,"turns":2},{"damage":47,"enemies":"Gremlin Nob","floor":8,"turns":5},{"damage":3,"enemies":"2 Fungi Beasts","floor":10,"turns":3},{"damage":0,"enemies":"Looter","floor":11,"turns":4},{"damage":6,"enemies":"3 Louse","floor":13,"turns":3},{"damage":26,"enemies":"Slime Boss","floor":16,"turns":3}],"seed_played":"-455070603069366196","potions_obtained":[{"floor":6,"key":"EntropicBrew"},{"floor":7,"key":"LiquidMemories"},{"floor":11,"key":"Strength Potion"},{"floor":13,"key":"Ancient Potion"}],"is_trial":false,"path_per_floor":["M","$","?","?","M","E","M","E","T","M","M","R","M","T","R","B"],"character_chosen":"NECROMANCER","items_purchased":["Membership Card"],"campfire_rested":0,"item_purchase_floors":[2],"current_hp_per_floor":[75,75,75,75,75,47,51,6,6,7,9,9,9,9,9,0,0],"gold":231,"neow_bonus":"HUNDRED_GOLD","is_daily":false,"chose_seed":false,"campfire_upgraded":2,"win_rate":0.0,"timestamp":1613412776,"path_taken":["M","$","?","?","?","E","M","E","T","M","M","R","M","?","R","BOSS"],"items_purchased_type":["Relic"],"build_version":"2020-12-22","purchased_purges":0,"victory":false,"max_hp_per_floor":[75,75,75,75,75,75,75,75,75,75,75,75,75,75,75,75,75],"card_choices":[{"not_picked":["Epidemic","Death_Coil"],"picked":"Stop_Heart","floor":1},{"not_picked":["Chill_Blood","Pandemic"],"picked":"Death_Coil","floor":5},{"not_picked":["Plague_Bolt","Summon_Undead"],"picked":"Cloudkill","floor":6},{"not_picked":["Thousand_Bone_Knives","Finger_Of_Death"],"picked":"Violent_Necrosis","floor":7},{"not_picked":["Bones_to_Steel","Toxic_Smoke_Screen","Negative_Energy_Javelin"],"picked":"SKIP","floor":7},{"not_picked":["Death_Coil","Bone_Bullets","Cloudkill"],"picked":"SKIP","floor":8},{"not_picked":["Chill_Blood","Siphon_Strength","Deaths_Shadow"],"picked":"SKIP","floor":10},{"not_picked":["Strike_from_Beyond","Bone_Spikes","Bone_Bullets"],"picked":"SKIP","floor":10},{"not_picked":["Chill_Blood","Finger_Of_Death","Consume_Illness"],"picked":"SKIP","floor":11},{"not_picked":["Death_Knell","Death_Coil","Blood_Is_Power"],"picked":"SKIP","floor":11},{"not_picked":["Violent_Necrosis","Life_Tap"],"picked":"Summon_Vampire_Lady","floor":13},{"not_picked":["Toxic_Smoke_Screen","Blood_Whip","Necrotic_Claws"],"picked":"SKIP","floor":13}],"player_experience":959006,"relics_obtained":[{"floor":6,"key":"Prayer Wheel"},{"floor":8,"key":"conspire:InfiniteJournal"},{"floor":9,"key":"Ice Cream"},{"floor":14,"key":"Chameleon Ring"}],"event_choices":[{"damage_healed":0,"gold_gain":0,"player_choice":"Agree","damage_taken":0,"max_hp_gain":0,"max_hp_loss":0,"event_name":"conspire:LoneGhost","floor":3,"gold_loss":0},{"cards_removed":["conspire:GhostlyStrike"],"damage_healed":0,"gold_gain":0,"player_choice":"Gave Card","damage_taken":0,"relics_obtained":["infinitespire:Midas Blood"],"max_hp_gain":0,"max_hp_loss":0,"event_name":"WeMeetAgain","floor":4,"gold_loss":0}],"is_beta":false,"boss_relics":[],"items_purged_floors":[],"is_endless":false,"potions_floor_spawned":[6,7,11,13],"killed_by":"Slime Boss","ascension_level":0}}