{"host":"a3wpq7kyokchzawk","time":1613389291,"event":{"mods":["BaseMod","Colored Map","Highlight Path","Minty Spire (QoL Compilation)","Permanent Neow","Potion Indicator Mod","Relic Stats","Weighted Paths"],"gold_per_floor":[115,115,135,153,170,170,201,201,201,226,274,274,307,322,322,399,399,416,416,416,416,416],"floor_reached":21,"language":"ENG","playtime":1811,"items_purged":[],"score":394,"play_id":"b066c5ee-f62d-4bd3-ba7c-982888ee72a8","local_time":"20210215094131","is_ascension_mode":true,"campfire_choices":[{"data":"Armaments","floor":6.0,"key":"SMITH"},{"data":"Berserk","floor":12.0,"key":"SMITH"},{"floor":15.0,"key":"REST"}],"circlet_count":0,"master_deck":["AscendersBane","Strike_R","Strike_R","Defend_R","Defend_R","Bash","Carnage","Rampage","Armaments+1","Headbutt","Feel No Pain","Shockwave","Berserk+1","Berserk","True Grit"],"relics":["Burning Blood","FaceOfCleric","Juzu Bracelet","CaptainsWheel","PreservedInsect","Toy Ornithopter","Empty Cage"],"acts_visited":["Exordium","TheCity"],"potions_floor_usage":[21],"damage_taken":[{"damage":9.0,"enemies":"Small Slimes","floor":1.0,"turns":4.0},{"damage":6.0,"enemies":"Cultist","floor":3.0,"turns":3.0},{"damage":12.0,"enemies":"Jaw Worm","floor":4.0,"turns":2.0},{"damage":16.0,"enemies":"Blue Slaver","floor":5.0,"turns":3.0},{"damage":25.0,"enemies":"3 Sentries","floor":7.0,"turns":7.0},{"damage":14.0,"enemies":"Lagavulin","floor":10.0,"turns":7.0},{"damage":10.0,"enemies":"3 Sentries","floor":13.0,"turns":6.0},{"damage":14.0,"enemies":"Lots of Slimes","floor":14.0,"turns":4.0},{"damage":19.0,"enemies":"The Guardian","floor":16.0,"turns":9.0},{"damage":32.0,"enemies":"Shell Parasite","floor":18.0,"turns":8.0},{"damage":24,"enemies":"3 Byrds","floor":21,"turns":4}],"seed_played":"6465917821117079833","potions_obtained":[{"floor":4.0,"key":"BlessingOfTheForge"},{"floor":7.0,"key":"SteroidPotion"},{"floor":10.0,"key":"Block Potion"}],"is_trial":false,"path_per_floor":["M","?","M","M","M","R","E","?","T","E","T","R","E","M","R","B",null,"M","?","?","M"],"character_chosen":"IRONCLAD","items_purchased":[],"campfire_rested":1,"item_purchase_floors":[],"current_hp_per_floor":[65,65,66,61,52,52,34,34,34,27,27,27,24,17,39,27,64,39,17,17,0,0],"gold":416,"neow_bonus":"TRANSFORM_TWO_CARDS","is_daily":false,"chose_seed":false,"campfire_upgraded":2,"win_rate":0.0,"timestamp":1613389291,"path_taken":["M","?","M","?","M","R","E","?","T","E","?","R","E","M","R","BOSS","M","?","?","M"],"items_purchased_type":[],"build_version":"2020-12-22","purchased_purges":0,"victory":false,"max_hp_per_floor":[68,68,69,70,71,71,72,72,72,73,73,73,74,75,75,76,76,77,82,82,82,82],"relic_stats":{"FaceOfCleric":9,"counters":[11,57],"PreservedInsect":34,"Juzu Bracelet":1,"obtain_stats":[{"CaptainsWheel":10,"FaceOfCleric":2,"PreservedInsect":11,"Juzu Bracelet":7,"Empty Cage":17,"Burning Blood":0,"Toy Ornithopter":13},{"CaptainsWheel":6,"FaceOfCleric":1,"PreservedInsect":6,"Juzu Bracelet":5,"Empty Cage":9,"Burning Blood":0,"Toy Ornithopter":7},{"CaptainsWheel":26,"FaceOfCleric":4,"PreservedInsect":26,"Juzu Bracelet":19,"Empty Cage":45,"Burning Blood":0,"Toy Ornithopter":32}],"Burning Blood":60,"Toy Ornithopter":5},"card_choices":[{"not_picked":["Headbutt","Entrench"],"picked":"Armaments","floor":1.0},{"not_picked":["Infernal Blade","Sword Boomerang"],"picked":"Headbutt","floor":3.0},{"not_picked":["Hemokinesis","Pummel"],"picked":"Feel No Pain","floor":4.0},{"not_picked":["Clothesline","Feel No Pain"],"picked":"Shockwave","floor":5.0},{"not_picked":["Cleave","Hemokinesis"],"picked":"Berserk","floor":7.0},{"not_picked":["Thunderclap","Wild Strike","Iron Wave"],"picked":"SKIP","floor":10.0},{"not_picked":["Blood for Blood","Seeing Red","Iron Wave"],"picked":"SKIP","floor":13.0},{"not_picked":["Entrench","Anger","Perfected Strike"],"picked":"SKIP","floor":14.0},{"not_picked":["Feed","Brutality"],"picked":"Berserk","floor":16.0},{"not_picked":["Flex","Iron Wave"],"picked":"True Grit","floor":18.0}],"player_experience":2724273,"relics_obtained":[{"floor":7.0,"key":"Juzu Bracelet"},{"floor":10.0,"key":"CaptainsWheel"},{"floor":11.0,"key":"PreservedInsect"},{"floor":13.0,"key":"Toy Ornithopter"}],"event_choices":[{"damage_healed":0.0,"max_hp_gain":0.0,"max_hp_loss":0.0,"gold_gain":0.0,"event_name":"FaceTrader","player_choice":"Trade","floor":2.0,"gold_loss":0.0,"damage_taken":0.0,"relics_obtained":["FaceOfCleric"]},{"damage_healed":0.0,"max_hp_gain":0.0,"max_hp_loss":0.0,"gold_gain":0.0,"event_name":"Liars Game","player_choice":"Ignored","floor":8.0,"gold_loss":0.0,"damage_taken":0.0},{"damage_healed":0.0,"max_hp_gain":5.0,"max_hp_loss":0.0,"gold_gain":0.0,"event_name":"Forgotten Altar","player_choice":"Shed Blood","floor":19.0,"gold_loss":0.0,"damage_taken":27.0},{"cards_removed":["Strike_R"],"damage_healed":0.0,"max_hp_gain":0.0,"max_hp_loss":0.0,"gold_gain":0.0,"event_name":"Bonfire Elementals","player_choice":"Offered Basic","floor":20.0,"gold_loss":0.0,"damage_taken":0.0}],"is_beta":false,"boss_relics":[{"not_picked":["Cursed Key","Mark of Pain"],"picked":"Empty Cage"}],"items_purged_floors":[],"is_endless":false,"potions_floor_spawned":[4,7,10,14,16],"killed_by":"3 Byrds","ascension_level":20}}