{"host":"xp27heuvanyklt0b","time":1613391015,"event":{"mods":["100% Spire Juice","BaseMod","CapriCore","Lobotomy","Minty Spire (QoL Compilation)","Replay The Spire","StSLib","The Immortal"],"gold_per_floor":[117,135,135,135,15,15,29,46,46,69,80,92,121,141,141,244,4,20,34,48,48,48,81,4,4,28,28,43,43,55,75,75,179,59,75,94,105,121,121,121,121],"floor_reached":40,"language":"KOR","playtime":1678,"items_purged":[],"score":564,"play_id":"59aeac1d-d163-47cf-816c-e2f534340ec5","local_time":"20210215211015","is_ascension_mode":false,"campfire_choices":[{"data":"Moonworks:IndiscriminateFireSupport","floor":15,"key":"SMITH"},{"data":"Moonworks:AnotherUltimateWeapon","floor":25,"key":"SMITH"},{"data":"Moonworks:IntelligenceOfficer","floor":27,"key":"SMITH"},{"data":"Moonworks:BackdoorTrade","floor":32,"key":"SMITH"}],"circlet_count":0,"master_deck":["Moonworks:Strike","Moonworks:Strike","Moonworks:Strike","Moonworks:Strike","Moonworks:Defend","Moonworks:Defend","Moonworks:Defend+1","Moonworks:Defend","Moonworks:Ambush","Moonworks:LongDistanceShot","Panacea","Moonworks:RedAndBlue","Moonworks:MiracleWalker","Moonworks:Flamethrower","Moonworks:SakisCookie","Moonworks:MixPhenomenon","Moonworks:TacticalRetreat","Moonworks:IndiscriminateFireSupport+1","Moonworks:DeployBits","Moonworks:AnotherUltimateWeapon+1","Moonworks:RedAndBlue","Moonworks:SweetBattle","Moonworks:SakisCookie","Moonworks:ScrambledEve","Moonworks:IntelligenceOfficer+1","Moonworks:StiffCrystal","Moonworks:BackdoorTrade+1","Moonworks:MeltingMemories","Moonworks:CookingTime+1","Moonworks:Flamethrower+1","Moonworks:MiracleWalker+1"],"relics":["Moonworks:BrokenBomb","Moonworks:Homemark","Bag of Marbles","Replay:Bronze Core","Ring of Searing","Ring of Fangs","Dream Catcher","Replay:Baseball","SlaversCollar"],"acts_visited":["Exordium","TheCity","TheBeyond"],"potions_floor_usage":[23,23,35,37,40],"damage_taken":[{"damage":0,"enemies":"2 Louse","floor":1,"turns":2},{"damage":5,"enemies":"Small Slimes","floor":2,"turns":4},{"damage":0,"enemies":"Jaw Worm","floor":7,"turns":3},{"damage":0,"enemies":"Lots of Slimes","floor":8,"turns":2},{"damage":0,"enemies":"2 Fungi Beasts","floor":11,"turns":4},{"damage":4,"enemies":"Looter","floor":12,"turns":2},{"damage":12,"enemies":"Gremlin Nob","floor":13,"turns":5},{"damage":1,"enemies":"3 Louse","floor":14,"turns":2},{"damage":19,"enemies":"Slime Boss","floor":16,"turns":5},{"damage":0,"enemies":"Spheric Guardian","floor":18,"turns":3},{"damage":12,"enemies":"2 Thieves","floor":19,"turns":4},{"damage":0,"enemies":"Snake Plant","floor":20,"turns":1},{"damage":15,"enemies":"Gremlin Leader","floor":23,"turns":7},{"damage":0,"enemies":"Shelled Parasite and Fungi","floor":28,"turns":3},{"damage":0,"enemies":"Centurion and Healer","floor":30,"turns":3},{"damage":0,"enemies":"Cultist and Chosen","floor":31,"turns":3},{"damage":0,"enemies":"Automaton","floor":33,"turns":7},{"damage":24,"enemies":"Orb Walker","floor":35,"turns":5},{"damage":5,"enemies":"3 Darklings","floor":36,"turns":4},{"damage":10,"enemies":"Transient","floor":37,"turns":5},{"damage":49,"enemies":"Spire Growth","floor":38,"turns":5},{"damage":30,"enemies":"Reptomancer","floor":40,"turns":2}],"seed_played":"6783092265353909556","potions_obtained":[{"floor":1,"key":"Block Potion"},{"floor":8,"key":"SkillPotion"},{"floor":12,"key":"SkillPotion"},{"floor":13,"key":"Milkshake"},{"floor":23,"key":"Fire Potion"},{"floor":28,"key":"Elixir"},{"floor":31,"key":"CultistPotion"},{"floor":35,"key":"Weak Potion"},{"floor":38,"key":"SteroidPotion"}],"is_trial":false,"path_per_floor":["M","M","?","?","?","?","M","M","T","T","M","M","E","M","R","B",null,"M","M","M","?","?","E","$","R","T","R","M","?","M","M","R","B",null,"M","M","M","M","?","E"],"character_chosen":"THE_STARBREAKER","items_purchased":["Moonworks:IntelligenceOfficer"],"campfire_rested":0,"item_purchase_floors":[24],"current_hp_per_floor":[60,55,55,55,55,55,55,55,55,55,55,51,39,38,38,19,60,60,48,48,48,48,41,41,41,41,41,41,41,45,45,45,45,60,44,47,45,10,10,0,0],"gold":121,"neow_bonus":"RANDOM_COLORLESS","is_daily":false,"chose_seed":false,"campfire_upgraded":4,"win_rate":0.0,"timestamp":1613391015,"path_taken":["M","M","?","?","?","?","M","M","T","?","M","M","E","M","R","BOSS","M","M","M","?","?","E","?","R","T","R","?","?","M","M","R","BOSS","M","M","M","M","?","E"],"items_purchased_type":["Card"],"build_version":"2020-12-22","purchased_purges":0,"victory":false,"max_hp_per_floor":[60,60,60,60,60,60,60,60,60,60,60,60,60,60,60,60,60,60,60,60,60,60,60,60,60,60,60,60,60,60,60,60,60,60,60,60,60,60,60,60,60],"card_choices":[{"not_picked":["Trip","Madness"],"picked":"Panacea","floor":0},{"not_picked":["Moonworks:SelfDestruct","Moonworks:SakisCookie"],"picked":"Moonworks:RedAndBlue","floor":1},{"not_picked":["Moonworks:ImOnFire","Moonworks:BackdoorTrade"],"picked":"Moonworks:MiracleWalker","floor":2},{"not_picked":["Moonworks:SakisCookie","Moonworks:ImOnFire"],"picked":"Moonworks:Flamethrower","floor":7},{"not_picked":["Moonworks:JonathanRush","Moonworks:Assault"],"picked":"Moonworks:SakisCookie","floor":8},{"not_picked":["Moonworks:ImOnFire","Moonworks:Assault"],"picked":"Moonworks:MixPhenomenon","floor":11},{"not_picked":["Moonworks:JonathanRush","Moonworks:BigBangBell"],"picked":"Moonworks:TacticalRetreat","floor":12},{"not_picked":["Moonworks:LulusLuckyEgg","Moonworks:ScrambledEve"],"picked":"Moonworks:IndiscriminateFireSupport","floor":13},{"not_picked":["Moonworks:ForcedRevival","Moonworks:CompletionReward"],"picked":"Moonworks:DeployBits","floor":14},{"not_picked":["Moonworks:GoAway","Moonworks:OutOfAmmo"],"picked":"Moonworks:AnotherUltimateWeapon","floor":16},{"not_picked":["Moonworks:SakisCookie","Moonworks:DeployBits"],"picked":"Moonworks:RedAndBlue","floor":18},{"not_picked":["Moonworks:LulusLuckyEgg+1","Moonworks:Flamethrower"],"picked":"Moonworks:SweetBattle","floor":19},{"not_picked":["Moonworks:UnluckyCharm+1","Moonworks:CompletionReward"],"picked":"Moonworks:SakisCookie","floor":20},{"not_picked":["Moonworks:Assault","Moonworks:SakisCookie"],"picked":"Moonworks:ScrambledEve","floor":23},{"not_picked":["Moonworks:JonathanRush","Moonworks:SelfDestruct"],"picked":"Moonworks:StiffCrystal","floor":28},{"not_picked":["Moonworks:SweetBattle+1","Moonworks:CloudOfSeagulls"],"picked":"Moonworks:BackdoorTrade","floor":30},{"not_picked":["Moonworks:Assault+1","Moonworks:IndiscriminateFireSupport"],"picked":"Moonworks:RedAndBlue","floor":31},{"not_picked":["Moonworks:EvilMastermind","Moonworks:LeapThroughSpace"],"picked":"Moonworks:MeltingMemories","floor":33},{"not_picked":["Moonworks:ImOnFire+1","Moonworks:EvilSpyWorkPreparation+1"],"picked":"Moonworks:CookingTime+1","floor":35},{"not_picked":["Moonworks:Bloodlust+1","Moonworks:DeployBits"],"picked":"Moonworks:Flamethrower+1","floor":36},{"not_picked":["Moonworks:DeployBits","Moonworks:RagingMadness+1","Moonworks:FullSpeedAlicianrone+1"],"picked":"SKIP","floor":37},{"not_picked":["Moonworks:BigBangBell+1","Moonworks:LulusLuckyEgg"],"picked":"Moonworks:MiracleWalker+1","floor":38}],"player_experience":275389,"relics_obtained":[{"floor":10,"key":"Bag of Marbles"},{"floor":21,"key":"Ring of Searing"},{"floor":21,"key":"Ring of Fangs"},{"floor":23,"key":"Dream Catcher"},{"floor":26,"key":"Replay:Baseball"}],"event_choices":[{"damage_healed":0,"gold_gain":0,"player_choice":"Ignored","damage_taken":0,"max_hp_gain":0,"max_hp_loss":0,"event_name":"Liars Game","floor":5,"gold_loss":0},{"damage_healed":0,"gold_gain":0,"player_choice":"Ignored","damage_taken":0,"max_hp_gain":0,"max_hp_loss":0,"event_name":"Golden Wing","floor":6,"gold_loss":0},{"damage_healed":0,"gold_gain":0,"player_choice":"Ignored","damage_taken":0,"max_hp_gain":0,"max_hp_loss":0,"event_name":"Vampires","floor":22,"gold_loss":0},{"cards_removed":["Moonworks:RedAndBlue"],"damage_healed":0,"gold_gain":0,"player_choice":"Removed Skill","damage_taken":0,"max_hp_gain":0,"max_hp_loss":0,"event_name":"Falling","floor":39,"gold_loss":0}],"is_beta":false,"boss_relics":[{"not_picked":["ReplayTheSpireMod:DimensionalGlitch","Coffee Dripper"],"picked":"Replay:Bronze Core"},{"not_picked":["Cursed Key","Empty Cage"],"picked":"SlaversCollar"}],"items_purged_floors":[],"is_endless":false,"potions_floor_spawned":[1,8,12,13,14,18,23,28,31,35,38],"killed_by":"Reptomancer","ascension_level":0}}