{"host":"684z1xpuwaoqmmh1","time":1613415469,"event":{"mods":["A Magickal Journey","BaseMod","Downfall","Hermit","Jorbs\u0027s Wanderer Trilogy","Marisa????????","Minty Spire (QoL Compilation)","Robot Space Explorer","Shade Mod","StSLib","The Bug Knight","The Dragon Tamer","The Elementalist","The Hayseed","The Hierophant","The Marked","The Mystic","The Runesmith","The Saiyan","The Senshi","The Spell Scribe","The Vixen","TheBandit","TheFirefly"],"gold_per_floor":[110,121,134,144,144,144,175,175,175,189,220,234,234,254,254,358,358,283,283,61,78,78,110,110,209,209,209,242,517,533,551,551,551,551],"floor_reached":33,"language":"ENG","playtime":2537,"items_purged":["elementalist:Defend_Elemblue"],"score":350,"play_id":"f3c7d1fc-9495-4436-ae56-c0ad56dc47cb","local_time":"20210215205749","is_ascension_mode":true,"campfire_choices":[{"data":"elementalist:Spout","floor":6,"key":"SMITH"},{"floor":8,"key":"REST"},{"data":"elementalist:Rising_Vapors","floor":15,"key":"SMITH"},{"data":"elementalist:Aetheric_Shield","floor":24,"key":"SMITH"},{"data":"elementalist:Gaian_Form","floor":27,"key":"SMITH"},{"floor":32,"key":"REST"}],"circlet_count":0,"master_deck":["elementalist:Air_Emblem","elementalist:Strike+Elemblue+1","elementalist:Defend_Elemblue","elementalist:Defend_Elemblue","elementalist:Defend_Elemblue","elementalist:Defend_Elemblue","elementalist:Firestrike","elementalist:Earthstrike","elementalist:Waterstrike","elementalist:Airstrike","elementalist:Crystal_Chalk+1","elementalist:Monument","elementalist:Spout+1","elementalist:Mist","elementalist:Cauterize","elementalist:Rising_Tides","elementalist:Gaian_Form+1","elementalist:Lunar_Form","elementalist:Aegis","elementalist:Prepared_Sand","elementalist:Rising_Vapors+1","elementalist:Magma_Shot+1","elementalist:Breeze","elementalist:Aetheric_Shield+1","elementalist:Emberveil+1","downfall:Bewildered","Regret","elementalist:Low_Tides","elementalist:Prepared_Sand","elementalist:Solar_Form"],"relics":["elementalistmod:MagusStaff","elementalistmod:GraduationLetter","Blood Vial","Matryoshka","Black Star","Blue Candle","Sling","sneckomod:BabySnecko","theSenshi:SailorFukuRelic","Whetstone","sneckomod:BlankCard","Mango","Kunai","Orichalcum"],"acts_visited":["Exordium","TheCity"],"potions_floor_usage":[11,12,18,23,23],"damage_taken":[{"damage":16,"enemies":"Jaw Worm","floor":1,"turns":6},{"damage":0,"enemies":"2 Louse","floor":2,"turns":4},{"damage":6,"enemies":"Small Slimes","floor":3,"turns":7},{"damage":0,"enemies":"Looter","floor":4,"turns":3},{"damage":24,"enemies":"Gremlin Nob","floor":7,"turns":4},{"damage":6,"enemies":"2 Fungi Beasts","floor":10,"turns":4},{"damage":9,"enemies":"Lagavulin","floor":11,"turns":8},{"damage":10,"enemies":"Blue Slaver","floor":12,"turns":6},{"damage":10,"enemies":"Lots of Slimes","floor":14,"turns":11},{"damage":17,"enemies":"Slime Boss","floor":16,"turns":16},{"damage":19,"enemies":"2 Thieves","floor":18,"turns":5},{"damage":17,"enemies":"Spheric Guardian","floor":21,"turns":7},{"damage":19,"enemies":"Gremlin Leader","floor":23,"turns":14},{"damage":42,"enemies":"Slavers","floor":28,"turns":7},{"damage":9,"enemies":"Centurion and Healer","floor":30,"turns":6},{"damage":1,"enemies":"Shelled Parasite and Fungi","floor":31,"turns":5},{"damage":42,"enemies":"Automaton","floor":33,"turns":6}],"seed_played":"-1696233175743232080","potions_obtained":[{"floor":7,"key":"Energy Potion"},{"floor":11,"key":"ColorlessPotion"},{"floor":14,"key":"AttackPotion"},{"floor":16,"key":"Weak Potion"},{"floor":21,"key":"bronze:BurnAndBuffPotion"},{"floor":30,"key":"Swift Potion"}],"is_trial":false,"path_per_floor":["M","M","M","M","?","R","E","R","T","M","E","M","?","M","R","B",null,"M","?","$","M","?","E","R","?","T","R","E","?","M","M","R","B"],"character_chosen":"THE_ELEMENTALIST","items_purchased":["Sling"],"campfire_rested":2,"item_purchase_floors":[20],"current_hp_per_floor":[54,54,48,48,53,53,29,51,51,47,40,32,32,29,29,26,75,56,51,51,45,45,37,37,37,51,51,17,17,13,14,40,0,0],"gold":551,"neow_bonus":"UPGRADE_CARD","is_daily":false,"chose_seed":false,"campfire_upgraded":4,"win_rate":0.0,"timestamp":1613415469,"path_taken":["M","M","M","M","?","R","E","R","T","M","E","M","?","M","R","BOSS","M","?","$","M","?","E","R","?","T","R","E","?","?","?","R","BOSS"],"items_purchased_type":["Relic"],"build_version":"2020-12-22","purchased_purges":1,"victory":false,"max_hp_per_floor":[70,70,70,70,75,75,75,75,75,75,75,75,75,75,75,75,75,75,75,75,75,75,75,75,75,89,89,89,89,89,89,89,89,89],"card_choices":[{"not_picked":["elementalist:Flame","elementalist:Wards"],"picked":"elementalist:Monument","floor":1},{"not_picked":["elementalist:Pressurize","elementalist:Overheat"],"picked":"elementalist:Spout","floor":2},{"not_picked":["elementalist:Emberveil","elementalist:Confluence"],"picked":"elementalist:Mist","floor":3},{"not_picked":["elementalist:Flame","elementalist:Confluence"],"picked":"elementalist:Cauterize","floor":4},{"not_picked":["elementalist:Mage_Hand","elementalist:Sidereal_Form"],"picked":"elementalist:Gaian_Form","floor":7},{"not_picked":["elementalist:Spout","elementalist:Emberveil"],"picked":"elementalist:Aegis","floor":10},{"not_picked":["elementalist:Etherstrike","elementalist:Mist"],"picked":"elementalist:Prepared_Sand","floor":11},{"not_picked":["elementalist:Flame","elementalist:Confluence"],"picked":"elementalist:Rising_Vapors","floor":12},{"not_picked":["elementalist:Caution","elementalist:Gaian_Form"],"picked":"elementalist:Magma_Shot","floor":14},{"not_picked":["elementalist:Tsunami","elementalist:Impact"],"picked":"elementalist:Aetheric_Shield","floor":16},{"not_picked":["elementalist:Breeze","elementalist:Flame"],"picked":"elementalist:Emberveil+1","floor":18},{"not_picked":["elementalist:Prepared_Sand","elementalist:Mist","elementalist:Emberveil"],"picked":"SKIP","floor":21},{"not_picked":["elementalist:Overheat","elementalist:Emberveil","elementalist:Mist"],"picked":"SKIP","floor":23},{"not_picked":["elementalist:Mirror_Circlet","elementalist:Fission_Lance","elementalist:Undertow"],"picked":"SKIP","floor":28},{"not_picked":["elementalist:Flame","elementalist:Breeze"],"picked":"elementalist:Low_Tides","floor":30},{"not_picked":["elementalist:Overheat","elementalist:Momentum+1"],"picked":"elementalist:Prepared_Sand","floor":31}],"player_experience":3310037,"relics_obtained":[{"floor":7,"key":"Blood Vial"},{"floor":11,"key":"Matryoshka"},{"floor":23,"key":"theSenshi:SailorFukuRelic"},{"floor":23,"key":"Whetstone"},{"floor":26,"key":"sneckomod:BlankCard"},{"floor":26,"key":"Mango"},{"floor":28,"key":"Kunai"},{"floor":28,"key":"Orichalcum"}],"event_choices":[{"damage_healed":0,"gold_gain":0,"player_choice":"Donut","damage_taken":0,"max_hp_gain":5,"max_hp_loss":0,"event_name":"Big Fish","floor":5,"gold_loss":0},{"damage_healed":0,"gold_gain":0,"player_choice":"Ignored","damage_taken":0,"max_hp_gain":0,"max_hp_loss":0,"event_name":"Liars Game","floor":13,"gold_loss":0},{"damage_healed":0,"gold_gain":99,"player_choice":"Stole From Cult","damage_taken":0,"max_hp_gain":0,"max_hp_loss":0,"event_name":"Nest","floor":25,"gold_loss":0},{"damage_healed":0,"gold_gain":275,"player_choice":"Desecrate","damage_taken":0,"max_hp_gain":0,"max_hp_loss":0,"event_name":"Golden Shrine","floor":29,"gold_loss":0,"cards_obtained":["Regret"]}],"is_beta":false,"boss_relics":[{"not_picked":["Snecko Eye","Coffee Dripper"],"picked":"Black Star"}],"items_purged_floors":[20],"is_endless":false,"potions_floor_spawned":[7,11,14,16,21,30],"killed_by":"Automaton","ascension_level":2}}