{"host":"xb2tau8pgi8aflss","time":1613398502,"event":{"mods":["AchievementEnabler","BaseMod","Hermit","Minty Spire (QoL Compilation)","StSLib","SuperFastMode"],"gold_per_floor":[363,313,331,33,33,33,72,35,84,159,159,159,159],"floor_reached":12,"language":"KOR","playtime":315,"items_purged":["Defend_G"],"score":104,"play_id":"a21173b7-2ef1-45f7-b227-6d2e949ba5c9","local_time":"20210215231502","is_ascension_mode":true,"campfire_choices":[{"data":"Choke","floor":6,"key":"SMITH"},{"floor":11,"key":"REST"}],"circlet_count":0,"master_deck":["Strike_G","Strike_G","Strike_G","Strike_G","Defend_G","Defend_G","Defend_G","Defend_G","Survivor","Neutralize","Crippling Poison","Blur","Choke+1","Distraction","Deadly Poison"],"relics":["Ring of the Snake","Bronze Scales","Nunchaku","CeramicFish","Regal Pillow"],"acts_visited":["Exordium"],"potions_floor_usage":[],"damage_taken":[{"damage":0,"enemies":"Jaw Worm","floor":1,"turns":6},{"damage":1,"enemies":"Small Slimes","floor":3,"turns":4},{"damage":23,"enemies":"Lagavulin","floor":7,"turns":10},{"damage":42,"enemies":"Gremlin Nob","floor":12,"turns":5}],"seed_played":"-6450703844150268794","potions_obtained":[],"is_trial":false,"path_per_floor":["M","?","M","$","?","R","E","$","T","?","R","E"],"character_chosen":"THE_SILENT","items_purchased":["Bronze Scales","Choke","Deadly Poison"],"campfire_rested":1,"item_purchase_floors":[4,4,8],"current_hp_per_floor":[45,45,44,44,37,37,14,14,14,3,39,0,0],"gold":159,"neow_bonus":"TWO_FIFTY_GOLD","is_daily":false,"chose_seed":false,"campfire_upgraded":1,"win_rate":0.0,"timestamp":1613398502,"path_taken":["M","?","M","$","?","R","E","$","T","?","R","E"],"items_purchased_type":["Relic","Card","Card"],"build_version":"2020-12-22","purchased_purges":1,"victory":false,"max_hp_per_floor":[70,70,70,70,70,70,70,70,70,70,70,70,70],"card_choices":[{"not_picked":["Flying Knee","Poisoned Stab"],"picked":"Crippling Poison","floor":1},{"not_picked":["Dagger Throw","Reflex"],"picked":"Blur","floor":3},{"not_picked":["Outmaneuver","Caltrops"],"picked":"Distraction","floor":7}],"player_experience":840506,"relics_obtained":[{"floor":7,"key":"CeramicFish"},{"floor":9,"key":"Regal Pillow"}],"event_choices":[{"cards_removed":["Strike_G"],"damage_healed":0,"gold_gain":0,"player_choice":"Card Removal","damage_taken":0,"max_hp_gain":0,"max_hp_loss":0,"event_name":"The Cleric","floor":2,"gold_loss":50},{"damage_healed":0,"gold_gain":0,"player_choice":"Success","damage_taken":7,"relics_obtained":["Nunchaku"],"max_hp_gain":0,"max_hp_loss":0,"event_name":"Scrap Ooze","floor":5,"gold_loss":0},{"damage_healed":0,"gold_gain":75,"player_choice":"Gather Gold","damage_taken":11,"max_hp_gain":0,"max_hp_loss":0,"event_name":"World of Goop","floor":10,"gold_loss":0}],"is_beta":false,"boss_relics":[],"items_purged_floors":[4],"is_endless":false,"potions_floor_spawned":[],"killed_by":"Gremlin Nob","ascension_level":8}}