{"host":"6rz02yiipefhcw4r","time":1613386391,"event":{"mods":["2.2 Compatiblity","BaseMod","Block Reminder","Colored Map","Curses Come First","DeckTracker","Googly Eyes","Minty Spire (QoL Compilation)","Quick Restart","Rare Cards Sparkle","StSLib"],"gold_per_floor":[113,113,130,130,40,40,66,82,106,134,170,189,189,257,257,257,257],"floor_reached":16,"language":"ENG","playtime":424,"items_purged":[],"score":270,"play_id":"5daa56a8-48c8-41c8-9ccb-21b447c49194","local_time":"20210215085311","is_ascension_mode":true,"campfire_choices":[{"data":"Noxious Fumes","floor":6,"key":"SMITH"},{"floor":15,"key":"REST"}],"circlet_count":0,"master_deck":["AscendersBane","Strike_G","Strike_G","Strike_G","Strike_G","Strike_G","Defend_G","Defend_G","Defend_G","Defend_G","Defend_G","Survivor","Neutralize","PiercingWail","Noxious Fumes+1","Noxious Fumes","Bane","Envenom","Cloak And Dagger","Corpse Explosion"],"relics":["Ring of the Snake","NeowsBlessing","Centennial Puzzle","CeramicFish","Dream Catcher","Frozen Egg 2"],"acts_visited":["Exordium"],"potions_floor_usage":[11,12,16],"damage_taken":[{"damage":0,"enemies":"Jaw Worm","floor":1,"turns":1},{"damage":0,"enemies":"Cultist","floor":3,"turns":1},{"damage":0,"enemies":"Lagavulin","floor":7,"turns":1},{"damage":0,"enemies":"Small Slimes","floor":8,"turns":4},{"damage":2,"enemies":"Blue Slaver","floor":10,"turns":7},{"damage":48,"enemies":"Gremlin Nob","floor":11,"turns":5},{"damage":6,"enemies":"Exordium Thugs","floor":12,"turns":3},{"damage":31,"enemies":"Slime Boss","floor":16,"turns":7}],"seed_played":"4146026879868695819","potions_obtained":[{"floor":7,"key":"GamblersBrew"},{"floor":10,"key":"Dexterity Potion"},{"floor":12,"key":"DistilledChaos"}],"is_trial":false,"path_per_floor":["M","?","M","?","$","R","E","M","T","M","E","M","?","T","R","B"],"character_chosen":"THE_SILENT","items_purchased":["Noxious Fumes"],"campfire_rested":1,"item_purchase_floors":[5],"current_hp_per_floor":[59,59,59,64,64,64,64,64,64,62,14,8,8,8,29,0,0],"gold":257,"neow_bonus":"THREE_ENEMY_KILL","is_daily":false,"chose_seed":false,"campfire_upgraded":1,"win_rate":0.0,"timestamp":1613386391,"path_taken":["M","?","M","?","?","R","E","M","T","?","E","M","?","?","R","BOSS"],"items_purchased_type":["Card"],"build_version":"2020-12-22","purchased_purges":0,"victory":false,"max_hp_per_floor":[66,66,66,71,71,71,71,71,71,71,71,71,71,71,71,71,71],"card_choices":[{"not_picked":["Dodge and Roll","Reflex"],"picked":"PiercingWail","floor":1},{"not_picked":["Blade Dance","Dagger Throw"],"picked":"Noxious Fumes","floor":3},{"not_picked":["Backflip","Outmaneuver"],"picked":"Bane","floor":7},{"not_picked":["Prepared","Slice"],"picked":"Envenom","floor":8},{"not_picked":["Dodge and Roll","Concentrate"],"picked":"Cloak And Dagger","floor":10},{"not_picked":["Backstab","Night Terror"],"picked":"Corpse Explosion","floor":11},{"not_picked":["Bouncing Flask","Dagger Spray","Sucker Punch"],"picked":"SKIP","floor":12}],"player_experience":809014,"relics_obtained":[{"floor":7,"key":"Centennial Puzzle"},{"floor":9,"key":"CeramicFish"},{"floor":11,"key":"Dream Catcher"},{"floor":14,"key":"Frozen Egg 2"}],"event_choices":[{"damage_healed":0,"gold_gain":0,"player_choice":"Leave","damage_taken":0,"max_hp_gain":0,"max_hp_loss":0,"event_name":"The Cleric","floor":2,"gold_loss":0},{"damage_healed":0,"gold_gain":0,"player_choice":"Donut","damage_taken":0,"max_hp_gain":5,"max_hp_loss":0,"event_name":"Big Fish","floor":4,"gold_loss":0},{"damage_healed":0,"gold_gain":0,"player_choice":"Ignored","damage_taken":0,"max_hp_gain":0,"max_hp_loss":0,"event_name":"Shining Light","floor":13,"gold_loss":0}],"is_beta":false,"boss_relics":[],"items_purged_floors":[],"is_endless":false,"potions_floor_spawned":[7,10,12],"killed_by":"Slime Boss","ascension_level":20}}