{"host":"clcuy39u5sybassp","time":1613398788,"event":{"mods":["AchievementEnabler","BaseMod","Challenge The Spire","Lobotomy","LobotomyExtend","Minty Spire (QoL Compilation)","Quick Restart","Replay The Spire","StSLib"],"gold_per_floor":[118,132,147,147,147,182,182,212,212,245,245,14,29,58,58,157,157,169,268,268,255,255,255],"floor_reached":22,"language":"ZHS","playtime":743,"items_purged":["Defend_R"],"score":233,"play_id":"358f4129-364f-46d7-b6f0-1532c285549b","local_time":"20210215221948","is_ascension_mode":true,"campfire_choices":[{"data":"Heavy Blade","floor":7,"key":"SMITH"},{"floor":15,"key":"REST"}],"circlet_count":0,"master_deck":["Strike_R","Strike_R","Strike_R","Strike_R","Strike_R","Defend_R","Defend_R","Defend_R","Bash","CrumblingArmor","Wild Strike","Heavy Blade+1","OSAHOGD","ReplayTheSpireMod:Strike From Hell","DreamingCurrent","Replay:Undeath\u0027s Touch","Sever Soul","HeroicMonk","Berserk","Fiend Fire+1","GreedKing"],"relics":["Burning Blood","CogitoBucket","LetterFromLob","ReplayTheSpireMod:Lightbulb","Mirror","Dream Catcher","Replay:Baseball","CaptainsWheel","BranchBurnRelic","Black Star"],"acts_visited":["Exordium","TheCity"],"potions_floor_usage":[],"damage_taken":[{"damage":8,"enemies":"Small Slimes","floor":1,"turns":3},{"damage":12,"enemies":"Jaw Worm","floor":2,"turns":2},{"damage":6,"enemies":"Cultist","floor":3,"turns":3},{"damage":20,"enemies":"Gremlin Nob","floor":6,"turns":4},{"damage":27,"enemies":"Replay:BlueRogue","floor":8,"turns":5},{"damage":56,"enemies":"Gremlin Nob","floor":10,"turns":5},{"damage":36,"enemies":"Looter","floor":13,"turns":3},{"damage":36,"enemies":"Lagavulin","floor":14,"turns":7},{"damage":109,"enemies":"The Guardian","floor":16,"turns":9},{"damage":18,"enemies":"Chosen","floor":18,"turns":4},{"damage":50,"enemies":"2 Thieves","floor":21,"turns":4},{"damage":81,"enemies":"3 Cultists","floor":22,"turns":3}],"seed_played":"-6517938769713566201","potions_obtained":[{"floor":2,"key":"BlessingOfTheForge"},{"floor":6,"key":"Ancient Potion"},{"floor":8,"key":"Doom Potion"}],"is_trial":false,"path_per_floor":["M","M","M","?","?","E","R","E","T","E","?","$","M","E","R","B",null,"M","?","?","M","M"],"character_chosen":"IRONCLAD","items_purchased":["Replay:Baseball"],"campfire_rested":1,"item_purchase_floors":[12],"current_hp_per_floor":[78,72,72,77,77,63,63,72,72,52,52,52,40,52,77,30,85,85,85,85,59,0,0],"gold":255,"neow_bonus":"","is_daily":false,"chose_seed":false,"campfire_upgraded":1,"win_rate":0.0,"timestamp":1613398788,"path_taken":["M","M","M","?","?","E","R","E","T","E","?","?","M","E","R","BOSS","M","?","?","?","M"],"items_purchased_type":["Relic"],"build_version":"2020-12-22","purchased_purges":1,"victory":false,"max_hp_per_floor":[80,80,80,85,85,85,85,85,85,85,85,85,85,85,85,85,85,85,85,85,85,85,85],"card_choices":[{"not_picked":["CherryBlossoms","MeatLantern"],"picked":"CrumblingArmor","floor":1},{"not_picked":["Thunderclap","Armaments"],"picked":"Wild Strike","floor":1},{"not_picked":["GalaxyChild","Woodsman","Alriune"],"picked":"Singing Bowl","floor":2},{"not_picked":["Flex","ReplayReversal"],"picked":"Heavy Blade","floor":2},{"not_picked":["Murderer","Scarecrow"],"picked":"OSAHOGD","floor":3},{"not_picked":["Clothesline","Flex"],"picked":"ReplayTheSpireMod:Strike From Hell","floor":3},{"not_picked":["LittlePrince","MeatLantern"],"picked":"DreamingCurrent","floor":6},{"not_picked":["Carnage","Headbutt"],"picked":"Rampage","floor":6},{"not_picked":["UniverseFragment","BigBird","SpiderBud"],"picked":"Singing Bowl","floor":8},{"not_picked":["ReplayTheSpireMod:Strike From Hell","Cleave"],"picked":"Replay:Undeath\u0027s Touch","floor":8},{"not_picked":["SpiderBud","VoidDream","MeatLantern"],"picked":"Singing Bowl","floor":10},{"not_picked":["Battle Trance","Havoc","Hemokinesis"],"picked":"SKIP","floor":10},{"not_picked":["LongBird","BeautyBeast","Wellcheers"],"picked":"Singing Bowl","floor":13},{"not_picked":["Evolve","Twin Strike"],"picked":"Sever Soul","floor":13},{"not_picked":["DespairKnight","Wellcheers"],"picked":"HeroicMonk","floor":14},{"not_picked":["Whirlwind","Armaments"],"picked":"Berserk","floor":14},{"not_picked":["Rudolta","Murderer","LongBird"],"picked":"Singing Bowl","floor":16},{"not_picked":["Exhume","Double Tap"],"picked":"Fiend Fire","floor":16},{"not_picked":["Variant","SnowQueen","BigBird"],"picked":"Singing Bowl","floor":18},{"not_picked":["Infernal Blade","Power Through","Pommel Strike"],"picked":"SKIP","floor":18},{"not_picked":["WhitesApple","WallGazer"],"picked":"GreedKing","floor":21},{"not_picked":["Run Through+1","Replay:Many Hands","Sword Boomerang+1"],"picked":"SKIP","floor":21}],"player_experience":184493,"relics_obtained":[{"floor":1,"key":"LetterFromLob"},{"floor":6,"key":"ReplayTheSpireMod:Lightbulb"},{"floor":8,"key":"Dead Branch"},{"floor":9,"key":"Mirror"},{"floor":10,"key":"Dream Catcher"},{"floor":14,"key":"CaptainsWheel"}],"event_choices":[{"damage_healed":0,"gold_gain":0,"player_choice":"Donut","damage_taken":0,"max_hp_gain":5,"max_hp_loss":0,"event_name":"Big Fish","floor":4,"gold_loss":0},{"damage_healed":0,"gold_gain":0,"player_choice":"Ignored","damage_taken":0,"max_hp_gain":0,"max_hp_loss":0,"event_name":"Liars Game","floor":11,"gold_loss":0},{"damage_healed":0,"gold_gain":99,"player_choice":"Stole From Cult","damage_taken":0,"max_hp_gain":0,"max_hp_loss":0,"event_name":"Nest","floor":19,"gold_loss":0},{"damage_healed":0,"gold_gain":0,"player_choice":"Upgraded","damage_taken":0,"max_hp_gain":0,"max_hp_loss":0,"event_name":"Upgrade Shrine","floor":20,"gold_loss":0,"cards_upgraded":["Fiend Fire"]}],"is_beta":false,"boss_relics":[{"not_picked":["Runic Cube","ChewingGum"],"picked":"Black Star"}],"items_purged_floors":[12],"is_endless":false,"potions_floor_spawned":[2,6,8,18],"killed_by":"3 Cultists","ascension_level":2}}