{"host":"s0ikvqhe10eopvjn","time":1613414864,"event":{"mods":["Act Like it!","Bard","BaseMod","Better Third Choice","Block Reminder","Colored Map","Colored Powertips","Dark Map","DeckTracker","Downfall","GifTheSpireLib","Halation","Hallownest","Hermit","Highlight Path","Hubris","Infinite Spire","Mad Scientist","Minty Spire (QoL Compilation)","Permanent Neow","Random Character Button","Relic Stats","Reliquary","StSLib","The Blue Laboratory","The Bug Knight","The Construct","The Cursed","The Disciple","The Marked","The Necromancer","The Poker Player","The Runesmith","The Servant 0.9.4"],"gold_per_floor":[115,115,130,140,159,186,186,220,220,237,256,275,287,305,305,408,408,425,436,145,145,145,145,145],"floor_reached":22,"language":"ENG","playtime":2333,"items_purged":["PokerPlayerMod:Diamond1"],"score":212,"play_id":"530d12b8-194f-420f-a517-d39fa007d70b","local_time":"20210215184744","is_ascension_mode":true,"metric_token":2194,"campfire_choices":[{"floor":7,"key":"RECALL"},{"data":"PokerPlayerMod:CardPrinter","floor":15,"key":"SMITH"}],"circlet_count":0,"master_deck":["PokerPlayerMod:Diamond2","PokerPlayerMod:Diamond3","PokerPlayerMod:Diamond4","PokerPlayerMod:Diamond5","PokerPlayerMod:Spade1","PokerPlayerMod:Spade2","PokerPlayerMod:Spade3","PokerPlayerMod:Spade4","PokerPlayerMod:Club1","PokerPlayerMod:Club2","PokerPlayerMod:Heart2","PokerPlayerMod:TrumpStrike","PokerPlayerMod:BadJoker","PokerPlayerMod:Mulligan","PokerPlayerMod:SecondChance","PokerPlayerMod:MagicTrick","PokerPlayerMod:Trickery","PokerPlayerMod:CloakAndDiamond","PokerPlayerMod:Spade5","PokerPlayerMod:DamnStraight","PokerPlayerMod:Heart4","PokerPlayerMod:Spade5","PokerPlayerMod:Fold","PokerPlayerMod:CardPrinter+1","PokerPlayerMod:FakeSymbols","PokerPlayerMod:Diamond7","PokerPlayerMod:Heart3"],"relics":["PokerPlayerMod:DeckCase","PreservedInsect","infinitespire:PuzzleCube","hubris:64BitClover","Bottled Tornado","Toy Ornithopter","halation:Thesaurus","halation:MonkeysPaw","Vajra"],"acts_visited":["Exordium","TheCity"],"potions_floor_usage":[6],"damage_taken":[{"damage":2,"enemies":"Jaw Worm","floor":1,"turns":4},{"damage":0,"enemies":"Cultist","floor":3,"turns":3},{"damage":13,"enemies":"infinitespire:Voidling","floor":4,"turns":3},{"damage":0,"enemies":"Large Slime","floor":5,"turns":3},{"damage":14,"enemies":"Lagavulin","floor":6,"turns":5},{"damage":8,"enemies":"HollowMod:MossKnight","floor":8,"turns":7},{"damage":0,"enemies":"Blue Slaver","floor":10,"turns":1},{"damage":15,"enemies":"Lots of Slimes","floor":11,"turns":3},{"damage":4,"enemies":"Large Slime","floor":12,"turns":3},{"damage":9,"enemies":"Exordium Thugs","floor":13,"turns":5},{"damage":0,"enemies":"Blue Slaver","floor":14,"turns":4},{"damage":32,"enemies":"The Guardian","floor":16,"turns":10},{"damage":8,"enemies":"Spheric Guardian","floor":18,"turns":7},{"damage":28,"enemies":"Shell Parasite","floor":19,"turns":8},{"damage":47,"enemies":"3 Cultists","floor":22,"turns":4}],"seed_played":"943589998765196516","potions_obtained":[{"floor":3,"key":"blueLaboratory:FrostheartPotion"},{"floor":5,"key":"blueLaboratory:SavagePotion"},{"floor":8,"key":"BlessingOfTheForge"},{"floor":10,"key":"FearPotion"},{"floor":18,"key":"BlessingOfTheForge"}],"is_trial":false,"path_per_floor":["M","?","M","M","M","E","R","E","T","M","M","M","M","M","R","B",null,"M","M","$","?","M"],"character_chosen":"THE_POKER_PLAYER","items_purchased":["halation:Thesaurus","PokerPlayerMod:Heart3"],"campfire_rested":0,"item_purchase_floors":[20,20],"current_hp_per_floor":[50,50,52,42,45,34,34,28,28,32,27,32,38,47,47,22,52,50,27,27,27,0,0,0],"gold":145,"neow_bonus":"RANDOM_COMMON_RELIC","is_daily":false,"chose_seed":false,"campfire_upgraded":1,"win_rate":0.0,"timestamp":1613414864,"path_taken":["M","?","M","M","M","E","R","E","T","M","M","?","?","M","R","BOSS","M","M","$","?","M"],"items_purchased_type":["Relic","Card"],"build_version":"2020-12-22","purchased_purges":1,"victory":false,"max_hp_per_floor":[52,52,52,52,52,52,52,52,52,52,52,52,52,52,52,52,52,52,52,52,52,52,52,52],"relic_stats":{"counters":[15,70],"PreservedInsect":52,"obtain_stats":[{"PokerPlayerMod:DeckCase":0,"hubris:Backtick":17,"halation:MonkeysPaw":20,"hubris:64BitClover":8,"Vajra":21,"PreservedInsect":0,"halation:Thesaurus":20,"Bottled Tornado":17,"infinitespire:PuzzleCube":6,"Toy Ornithopter":18},{"PokerPlayerMod:DeckCase":0,"hubris:Backtick":12,"halation:MonkeysPaw":14,"hubris:64BitClover":6,"Vajra":14,"PreservedInsect":0,"halation:Thesaurus":14,"Bottled Tornado":12,"infinitespire:PuzzleCube":5,"Toy Ornithopter":13},{"PokerPlayerMod:DeckCase":0,"hubris:Backtick":51,"halation:MonkeysPaw":66,"hubris:64BitClover":25,"Vajra":66,"PreservedInsect":0,"halation:Thesaurus":66,"Bottled Tornado":51,"infinitespire:PuzzleCube":18,"Toy Ornithopter":58}],"Toy Ornithopter":0},"card_choices":[{"not_picked":["PokerPlayerMod:DiamondStrike","PokerPlayerMod:Diamond3"],"picked":"PokerPlayerMod:SecondChance","floor":1},{"not_picked":["PokerPlayerMod:Spade6","PokerPlayerMod:Diamond1"],"picked":"PokerPlayerMod:MagicTrick","floor":3},{"not_picked":["PokerPlayerMod:Configure","PokerPlayerMod:Raise"],"picked":"PokerPlayerMod:Trickery","floor":4},{"not_picked":["PokerPlayerMod:Diamond2","PokerPlayerMod:CardBurn"],"picked":"PokerPlayerMod:CloakAndDiamond","floor":5},{"not_picked":["PokerPlayerMod:Club2","PokerPlayerMod:CardBurn"],"picked":"PokerPlayerMod:Spade5","floor":6},{"not_picked":["PokerPlayerMod:Diamond1","PokerPlayerMod:MagicTrick"],"picked":"PokerPlayerMod:DamnStraight","floor":8},{"not_picked":["PokerPlayerMod:Diamond2","PokerPlayerMod:CloakAndDiamond"],"picked":"PokerPlayerMod:Heart4","floor":10},{"not_picked":["PokerPlayerMod:Diamond1","PokerPlayerMod:Trickery"],"picked":"PokerPlayerMod:Spade5","floor":11},{"not_picked":["PokerPlayerMod:SecondChance","PokerPlayerMod:Configure"],"picked":"PokerPlayerMod:Fold","floor":12},{"not_picked":["PokerPlayerMod:Spade3","PokerPlayerMod:Diamond4"],"picked":"PokerPlayerMod:CardPrinter","floor":13},{"not_picked":["PokerPlayerMod:Diamond3","PokerPlayerMod:Spade4","PokerPlayerMod:Diamond1"],"picked":"SKIP","floor":14},{"not_picked":["PokerPlayerMod:Spade9","PokerPlayerMod:Club7"],"picked":"PokerPlayerMod:FakeSymbols","floor":16},{"not_picked":["PokerPlayerMod:Diamond1","PokerPlayerMod:Fold"],"picked":"PokerPlayerMod:Diamond7","floor":18},{"not_picked":["PokerPlayerMod:Heart1","PokerPlayerMod:SecondChance","PokerPlayerMod:Diamond5"],"picked":"SKIP","floor":19}],"player_experience":351134,"relics_obtained":[{"floor":6,"key":"infinitespire:PuzzleCube"},{"floor":8,"key":"hubris:64BitClover"},{"floor":18,"key":"Toy Ornithopter"}],"event_choices":[{"damage_healed":0,"gold_gain":0,"player_choice":"Ignored","damage_taken":0,"max_hp_gain":0,"max_hp_loss":0,"event_name":"Purifier","floor":2,"gold_loss":0},{"damage_healed":0,"gold_gain":0,"player_choice":"Opened","damage_taken":0,"relics_obtained":["Vajra"],"max_hp_gain":0,"max_hp_loss":0,"event_name":"The Mausoleum","floor":21,"gold_loss":0}],"is_beta":false,"boss_relics":[{"not_picked":["reliquary:WritOfMandamus","construct:WeddingRing"],"picked":"hubris:Backtick"}],"items_purged_floors":[20],"is_endless":false,"potions_floor_spawned":[3,5,8,10,16,18,19],"killed_by":"3 Cultists","ascension_level":1}}