{"host":"gl5rgsfncjl28cj1","time":1613386753,"event":{"mods":["BaseMod","Colored Map","Highlight Path","Minty Spire (QoL Compilation)","Permanent Neow","StSLib"],"gold_per_floor":[112,132,144,164,180,211,211,211,235,252,252,269,269,295,295,369,369,345,359,189,203,203,203],"floor_reached":22,"language":"KOR","playtime":10137,"items_purged":["Strike_G"],"score":550,"play_id":"1ba56681-6558-4151-9d4e-7097f3917489","local_time":"20210215195913","is_ascension_mode":true,"campfire_choices":[{"floor":7,"key":"REST"},{"data":"Cloak And Dagger","floor":11,"key":"SMITH"},{"floor":13,"key":"REST"},{"data":"Terror","floor":15,"key":"SMITH"}],"circlet_count":0,"master_deck":["AscendersBane","Strike_G","Strike_G","Strike_G","Strike_G","Defend_G","Defend_G","Defend_G","Defend_G","Defend_G","Survivor","Neutralize","Cloak And Dagger+1","Cloak And Dagger+1","Backflip","Accuracy","Tactician","Dagger Throw","Terror+1","Phantasmal Killer","Reflex","Bandage Up"],"relics":["WristBlade","Ice Cream","Boot","Orichalcum","SlaversCollar"],"acts_visited":["Exordium","TheCity"],"potions_floor_usage":[6,14,16,21],"damage_taken":[{"damage":0,"enemies":"2 Louse","floor":1,"turns":4},{"damage":1,"enemies":"Cultist","floor":2,"turns":4},{"damage":1,"enemies":"Jaw Worm","floor":3,"turns":3},{"damage":6,"enemies":"Large Slime","floor":4,"turns":7},{"damage":0,"enemies":"Looter","floor":5,"turns":4},{"damage":31,"enemies":"3 Sentries","floor":6,"turns":13},{"damage":0,"enemies":"Exordium Wildlife","floor":10,"turns":5},{"damage":2,"enemies":"Blue Slaver","floor":12,"turns":2},{"damage":0,"enemies":"Lagavulin","floor":14,"turns":7},{"damage":0,"enemies":"Slime Boss","floor":16,"turns":6},{"damage":27,"enemies":"2 Thieves","floor":18,"turns":4},{"damage":24,"enemies":"3 Byrds","floor":19,"turns":6},{"damage":9,"enemies":"Centurion and Healer","floor":21,"turns":4},{"damage":8,"enemies":"Cultist and Chosen","floor":22,"turns":2}],"seed_played":"-4398236654961798463","potions_obtained":[{"floor":2,"key":"Weak Potion"},{"floor":3,"key":"SneckoOil"},{"floor":5,"key":"LiquidMemories"},{"floor":12,"key":"SteroidPotion"},{"floor":18,"key":"GamblersBrew"}],"is_trial":false,"path_per_floor":["M","M","M","M","M","E","R","?","T","M","R","M","R","E","R","B",null,"M","M","$","M","M"],"character_chosen":"THE_SILENT","items_purchased":["Bandage Up"],"campfire_rested":2,"item_purchase_floors":[20],"current_hp_per_floor":[59,58,57,51,51,20,39,39,39,39,39,37,56,56,56,56,64,37,13,13,8,0,0],"gold":203,"neow_bonus":"BOSS_RELIC","is_daily":false,"chose_seed":false,"campfire_upgraded":2,"win_rate":0.0,"timestamp":1613386753,"path_taken":["M","M","M","M","M","E","R","?","T","?","R","M","R","E","R","BOSS","M","M","$","M","M"],"items_purchased_type":["Card"],"build_version":"2020-12-22","purchased_purges":1,"victory":false,"max_hp_per_floor":[66,66,66,66,66,66,66,66,66,66,66,66,66,66,66,66,66,66,66,66,66,66,66],"card_choices":[{"not_picked":["Sucker Punch","Riddle With Holes","Heel Hook"],"picked":"SKIP","floor":1},{"not_picked":["Deflect","Quick Slash"],"picked":"Cloak And Dagger","floor":2},{"not_picked":["Deadly Poison","Unload"],"picked":"Cloak And Dagger","floor":3},{"not_picked":["Outmaneuver","Flying Knee","Underhanded Strike"],"picked":"SKIP","floor":4},{"not_picked":["Bouncing Flask","Poisoned Stab"],"picked":"Backflip","floor":5},{"not_picked":["Doppelganger","All Out Attack"],"picked":"Accuracy","floor":6},{"not_picked":["Blade Dance","Dagger Spray"],"picked":"Tactician","floor":10},{"not_picked":["Dodge and Roll","Predator"],"picked":"Dagger Throw","floor":12},{"not_picked":["Outmaneuver","Distraction"],"picked":"Terror","floor":14},{"not_picked":["Grand Finale","A Thousand Cuts"],"picked":"Phantasmal Killer","floor":16},{"not_picked":["Backstab","Acrobatics"],"picked":"Reflex","floor":18},{"not_picked":["Dagger Throw","Masterful Stab","Concentrate"],"picked":"SKIP","floor":19},{"not_picked":["Quick Slash","Dash","Backflip+1"],"picked":"SKIP","floor":21}],"player_experience":1032759,"relics_obtained":[{"floor":6,"key":"Ice Cream"},{"floor":9,"key":"Boot"},{"floor":14,"key":"Orichalcum"}],"event_choices":[{"damage_healed":0,"gold_gain":0,"player_choice":"Upgraded","damage_taken":0,"max_hp_gain":0,"max_hp_loss":0,"event_name":"Upgrade Shrine","floor":8,"gold_loss":0,"cards_upgraded":["Cloak And Dagger"]}],"is_beta":false,"boss_relics":[{"not_picked":["Empty Cage","Coffee Dripper"],"picked":"SlaversCollar"}],"items_purged_floors":[20],"is_endless":false,"potions_floor_spawned":[2,3,5,12,18],"killed_by":"Cultist and Chosen","ascension_level":20}}