{"host":"j4g6ia6asvpyu2b0","time":1613365337,"event":{"mods":["BaseMod","Colored Map","Infinite Spire","Minty Spire (QoL Compilation)","Permanent Neow","Quick Restart","Relic Stats","StSLib","Unceasing Turn Reminder"],"gold_per_floor":[113,113,113,128,203,203,237,237,237,237,61,94,94,113,113,242,242,260,260,285,310,335,335,369,369,369,405,253,287,287,320,320,440,440,458,329,345,366,366,401,401,432,481,519,535,600,631,652,652,652,652,652,33,69,69],"floor_reached":56,"language":"ENG","playtime":2606,"items_purged":["Strike_G","Strike_G","Strike_G"],"score":1719,"play_id":"7407c48d-a73b-4e2b-a96c-51f29e41852b","local_time":"20210214220217","is_ascension_mode":true,"campfire_choices":[{"floor":6,"key":"REST"},{"data":"Crippling Poison","floor":8,"key":"SMITH"},{"data":"Sadistic Nature","floor":10,"key":"SMITH"},{"data":"Noxious Fumes","floor":15,"key":"SMITH"},{"floor":23,"key":"REST"},{"floor":25,"key":"RECALL"},{"floor":30,"key":"REST"},{"floor":32,"key":"REST"},{"floor":49,"key":"REST"},{"floor":52,"key":"REST"}],"circlet_count":0,"master_deck":["Strike_G","Defend_G","Defend_G","Defend_G","Defend_G","Defend_G","Survivor","Neutralize","Sadistic Nature+1","Poisoned Stab","Crippling Poison+1","After Image","Footwork","Blade Dance","Noxious Fumes+1","A Thousand Cuts","Backflip","infinitespire:NeuralNetwork","Cloak And Dagger","Bouncing Flask+1","Footwork+1","Sucker Punch+1","Envenom","Blade Dance","Acrobatics","Tools of the Trade","Corpse Explosion","Well Laid Plans","Caltrops","Blade Dance","Reflex+1","Dagger Throw+1","Blade Dance+1","infinitespire:FutureSight","Backflip+1","Poisoned Stab","PiercingWail+1","Finisher","Footwork+1","Bouncing Flask+1","After Image","Caltrops","Backflip+1","PiercingWail+1","Sadistic Nature","Purity+1","Backflip+1"],"relics":["Ring of the Snake","Snake Skull","Golden Idol","Blood Vial","infinitespire:Joker Card","Fusion Hammer","infinitespire:Lychee Nut","Mummified Hand","Centennial Puzzle","infinitespire:Lucky Rock","Bird Faced Urn","Philosopher\u0027s Stone","Smiling Mask","Toxic Egg 2","Strawberry","infinitespire:Bottled Soul","Unceasing Top","infinitespire:BottledMercury","DollysMirror","infinitespire:CursedDice"],"acts_visited":["Exordium","TheCity","TheBeyond","TheEnding"],"potions_floor_usage":[7,24,55,55,55],"damage_taken":[{"damage":0,"enemies":"Small Slimes","floor":1,"turns":3},{"damage":2,"enemies":"Jaw Worm","floor":4,"turns":3},{"damage":16,"enemies":"Lagavulin","floor":7,"turns":8},{"damage":5,"enemies":"3 Sentries","floor":12,"turns":6},{"damage":0,"enemies":"Cultist","floor":14,"turns":2},{"damage":16,"enemies":"The Guardian","floor":16,"turns":8},{"damage":0,"enemies":"Shell Parasite","floor":18,"turns":3},{"damage":26,"enemies":"2 Thieves","floor":20,"turns":3},{"damage":11,"enemies":"Snake Plant","floor":21,"turns":4},{"damage":23,"enemies":"Sentry and Sphere","floor":22,"turns":6},{"damage":0,"enemies":"Gremlin Leader","floor":24,"turns":5},{"damage":17,"enemies":"Book of Stabbing","floor":27,"turns":3},{"damage":0,"enemies":"Nightmare","floor":29,"turns":4},{"damage":0,"enemies":"Gremlin Leader","floor":31,"turns":3},{"damage":7,"enemies":"Collector","floor":33,"turns":5},{"damage":1,"enemies":"Orb Walker","floor":35,"turns":3},{"damage":0,"enemies":"3 Shapes","floor":37,"turns":2},{"damage":19,"enemies":"Jaw Worm Horde","floor":38,"turns":2},{"damage":16,"enemies":"Nemesis","floor":40,"turns":5},{"damage":0,"enemies":"Reptomancer","floor":42,"turns":2},{"damage":0,"enemies":"Giant Head","floor":44,"turns":3},{"damage":9,"enemies":"Transient","floor":45,"turns":5},{"damage":30,"enemies":"2 Orb Walkers","floor":46,"turns":3},{"damage":5,"enemies":"Reptomancer","floor":47,"turns":3},{"damage":27,"enemies":"Writhing Mass","floor":48,"turns":3},{"damage":17,"enemies":"infinitespire:MassOfShapes","floor":50,"turns":6},{"damage":16,"enemies":"Shield and Spear","floor":54,"turns":3},{"damage":48,"enemies":"The Heart","floor":55,"turns":5}],"seed_played":"-5871953475560750123","potions_obtained":[{"floor":1,"key":"Regen Potion"},{"floor":7,"key":"FearPotion"},{"floor":14,"key":"LiquidBronze"},{"floor":20,"key":"SteroidPotion"},{"floor":24,"key":"Dexterity Potion"},{"floor":29,"key":"PowerPotion"},{"floor":45,"key":"PowerPotion"},{"floor":48,"key":"PowerPotion"}],"is_trial":false,"path_per_floor":["M","?","?","M","?","R","E","R","T","R","$","E","?","M","R","B",null,"M","AVR","M","M","M","R","E","R","T","E","$","NM","R","E","R","B",null,"M","$","M","M","?","E","AVR","E","T","E","M","?","E","M","R","B",null,"R","$","E","B",null],"character_chosen":"THE_SILENT","items_purchased":["Footwork","Blade Dance","Blade Dance","Caltrops","Blade Dance","DollysMirror","Caltrops","Backflip+1","PiercingWail+1","Sadistic Nature","Purity+1"],"campfire_rested":6,"item_purchase_floors":[11,11,28,36,36,53,53,53,53,53,53],"current_hp_per_floor":[49,37,20,18,7,28,27,27,27,27,27,24,24,26,26,12,70,70,70,44,35,14,35,37,37,37,28,28,36,51,52,52,52,52,52,52,52,37,37,36,36,49,56,56,56,37,54,39,55,56,56,56,56,56,19],"gold":69,"neow_bonus":"RANDOM_COLORLESS_2","is_daily":false,"chose_seed":false,"campfire_upgraded":3,"win_rate":0.0,"timestamp":1613365337,"path_taken":["M","?","?","M","?","R","E","R","T","R","?","E","?","M","R","BOSS","M","AVR","M","?","M","R","E","R","T","E","$","NM","R","E","R","BOSS","M","$","M","M","?","E","AVR","E","T","E","M","?","E","M","R","BOSS","R","$","E","BOSS"],"items_purchased_type":["Card","Card","Card","Card","Card","Relic","Card","Card","Card","Card","Card"],"build_version":"2020-12-22","purchased_purges":3,"victory":true,"max_hp_per_floor":[70,70,70,70,70,70,70,70,70,70,70,70,70,70,70,70,70,70,70,70,70,70,70,52,52,52,52,52,52,52,52,52,52,52,52,52,52,52,49,49,49,49,56,56,56,56,56,56,56,56,56,56,56,56,56],"relic_stats":{"Blood Vial":26,"Centennial Puzzle":[33],"counters":[28,111],"Golden Idol":233,"Mummified Hand":[181],"Bird Faced Urn":[110],"Snake Skull":[368],"Smiling Mask":75,"obtain_stats":[{"infinitespire:BottledMercury":47,"Golden Idol":3,"infinitespire:CursedDice":54,"Snake Skull":2,"infinitespire:Joker Card":12,"infinitespire:Lucky Rock":29,"Smiling Mask":40,"Blood Vial":7,"Centennial Puzzle":27,"infinitespire:Lychee Nut":24,"Mummified Hand":26,"infinitespire:Bottled Soul":44,"DollysMirror":53,"Bird Faced Urn":31,"Strawberry":43,"Philosopher\u0027s Stone":34,"Fusion Hammer":17,"Toxic Egg 2":42,"Unceasing Top":46,"Ring of the Snake":0},{"infinitespire:BottledMercury":24,"Golden Idol":1,"infinitespire:CursedDice":27,"Snake Skull":1,"infinitespire:Joker Card":4,"infinitespire:Lucky Rock":13,"Smiling Mask":19,"Blood Vial":3,"Centennial Puzzle":12,"infinitespire:Lychee Nut":11,"Mummified Hand":11,"infinitespire:Bottled Soul":21,"DollysMirror":26,"Bird Faced Urn":14,"Strawberry":20,"Philosopher\u0027s Stone":15,"Fusion Hammer":6,"Toxic Egg 2":20,"Unceasing Top":23,"Ring of the Snake":0},{"infinitespire:BottledMercury":94,"Golden Idol":3,"infinitespire:CursedDice":106,"Snake Skull":3,"infinitespire:Joker Card":20,"infinitespire:Lucky Rock":58,"Smiling Mask":78,"Blood Vial":14,"Centennial Puzzle":54,"infinitespire:Lychee Nut":51,"Mummified Hand":51,"infinitespire:Bottled Soul":83,"DollysMirror":103,"Bird Faced Urn":61,"Strawberry":80,"Philosopher\u0027s Stone":66,"Fusion Hammer":30,"Toxic Egg 2":80,"Unceasing Top":91,"Ring of the Snake":0}],"Unceasing Top":[27],"Ring of the Snake":[56]},"card_choices":[{"not_picked":["Metamorphosis","Master of Strategy"],"picked":"Sadistic Nature","floor":0},{"not_picked":["Dodge and Roll","Backflip"],"picked":"Poisoned Stab","floor":1},{"not_picked":["Eviscerate","Poisoned Stab"],"picked":"Crippling Poison","floor":4},{"not_picked":["Expertise","Well Laid Plans"],"picked":"After Image","floor":7},{"not_picked":["Underhanded Strike","Reflex","Slice"],"picked":"SKIP","floor":12},{"not_picked":["Acrobatics","Choke"],"picked":"Noxious Fumes","floor":14},{"not_picked":["Grand Finale","Unload"],"picked":"A Thousand Cuts","floor":16},{"not_picked":["Blade Dance","Flying Knee"],"picked":"Backflip","floor":18},{"not_picked":["Sucker Punch","Prepared"],"picked":"Cloak And Dagger","floor":20},{"not_picked":["Bane","Dodge and Roll"],"picked":"Bouncing Flask+1","floor":21},{"not_picked":["Blade Dance","Flying Knee+1"],"picked":"Footwork+1","floor":22},{"not_picked":["Backflip","Acrobatics+1"],"picked":"Sucker Punch+1","floor":24},{"not_picked":["Predator","Bane"],"picked":"Envenom","floor":27},{"not_picked":["Distraction","Bane"],"picked":"Acrobatics","floor":29},{"not_picked":["Storm of Steel","Bouncing Flask"],"picked":"Tools of the Trade","floor":31},{"not_picked":["Envenom","Storm of Steel"],"picked":"Corpse Explosion","floor":33},{"not_picked":["Deadly Poison+1","PiercingWail+1"],"picked":"Well Laid Plans","floor":35},{"not_picked":["Bane+1","Eviscerate+1"],"picked":"Reflex+1","floor":37},{"not_picked":["Underhanded Strike+1","Unload"],"picked":"Dagger Throw+1","floor":38},{"not_picked":["Outmaneuver","Quick Slash+1"],"picked":"Blade Dance+1","floor":40},{"not_picked":["Corpse Explosion+1","Accuracy"],"picked":"Backflip+1","floor":42},{"not_picked":["Unload","Skewer"],"picked":"Poisoned Stab","floor":44},{"not_picked":["Outmaneuver+1","Eviscerate"],"picked":"PiercingWail+1","floor":45},{"not_picked":["Setup+1","Bane+1"],"picked":"Finisher","floor":46},{"not_picked":["infinitespire:Neurotoxin+1","Flying Knee"],"picked":"Footwork+1","floor":47},{"not_picked":["Concentrate+1","Finisher+1"],"picked":"Bouncing Flask+1","floor":48},{"not_picked":["Deadly Poison+1","Heel Hook"],"picked":"Backflip+1","floor":54}],"player_experience":1245011,"relics_obtained":[{"floor":7,"key":"Blood Vial"},{"floor":12,"key":"infinitespire:Joker Card"},{"floor":24,"key":"infinitespire:Lychee Nut"},{"floor":26,"key":"Mummified Hand"},{"floor":27,"key":"Centennial Puzzle"},{"floor":29,"key":"infinitespire:Lucky Rock"},{"floor":31,"key":"Bird Faced Urn"},{"floor":40,"key":"Smiling Mask"},{"floor":42,"key":"Toxic Egg 2"},{"floor":43,"key":"Strawberry"},{"floor":44,"key":"infinitespire:Bottled Soul"},{"floor":46,"key":"Unceasing Top"},{"floor":47,"key":"infinitespire:BottledMercury"},{"floor":54,"key":"infinitespire:CursedDice"}],"event_choices":[{"damage_healed":0,"gold_gain":0,"player_choice":"Success","damage_taken":12,"relics_obtained":["Snake Skull"],"max_hp_gain":0,"max_hp_loss":0,"event_name":"Scrap Ooze","floor":2,"gold_loss":0},{"damage_healed":0,"gold_gain":0,"player_choice":"Take Damage","damage_taken":17,"relics_obtained":["Golden Idol"],"max_hp_gain":0,"max_hp_loss":0,"event_name":"Golden Idol","floor":3,"gold_loss":0},{"damage_healed":0,"gold_gain":75,"player_choice":"Gather Gold","damage_taken":11,"max_hp_gain":0,"max_hp_loss":0,"event_name":"World of Goop","floor":5,"gold_loss":0},{"cards_removed":["Strike_G"],"damage_healed":0,"gold_gain":0,"player_choice":"Purged","damage_taken":0,"max_hp_gain":0,"max_hp_loss":0,"event_name":"Purifier","floor":13,"gold_loss":0},{"damage_healed":0,"gold_gain":0,"player_choice":"Max HP","damage_taken":0,"max_hp_gain":0,"max_hp_loss":3,"event_name":"Winding Halls","floor":39,"gold_loss":0},{"damage_healed":0,"gold_gain":0,"player_choice":"Fight","damage_taken":0,"max_hp_gain":0,"max_hp_loss":0,"event_name":"Mysterious Sphere","floor":46,"gold_loss":0}],"is_beta":false,"boss_relics":[{"not_picked":["SacredBark","Runic Pyramid"],"picked":"Fusion Hammer"},{"not_picked":["Velvet Choker","Sozu"],"picked":"Philosopher\u0027s Stone"}],"items_purged_floors":[11,28,53],"is_endless":false,"potions_floor_spawned":[1,7,14,20,24,29,33,40,42,44,45,48],"ascension_level":2}}