{"host":"jngeqill3bw7azzz","time":1613415723,"event":{"mods":["BaseMod","Highlight Path","Minty Spire (QoL Compilation)","Permanent Neow","Relic Stats"],"gold_per_floor":[117,117,129,148,161,161,180,41,41,41,41],"floor_reached":10,"language":"ENG","playtime":382,"items_purged":[],"score":120,"play_id":"250a043f-c007-42ee-8918-c4956d54ed53","local_time":"20210215140203","is_ascension_mode":true,"campfire_choices":[{"data":"Eruption","floor":6,"key":"SMITH"}],"circlet_count":0,"master_deck":["AscendersBane","Strike_P","Strike_P","Strike_P","Strike_P","Defend_P","Defend_P","Defend_P","Defend_P","Eruption+1","Vigilance","CurseOfTheBell","CrushJoints","Wireheading","EmptyFist","LessonLearned","DeceiveReality","Flash of Steel"],"relics":["Calling Bell","Tiny Chest","Pantograph","CaptainsWheel","Yang","StrikeDummy"],"acts_visited":["Exordium"],"potions_floor_usage":[10],"damage_taken":[{"damage":6,"enemies":"Small Slimes","floor":1,"turns":5},{"damage":0,"enemies":"2 Louse","floor":3,"turns":2},{"damage":9,"enemies":"Jaw Worm","floor":4,"turns":4},{"damage":5,"enemies":"Large Slime","floor":5,"turns":4},{"damage":14,"enemies":"Looter","floor":7,"turns":5},{"damage":1,"enemies":"Gremlin Nob","floor":10,"turns":3}],"seed_played":"-6504301001601750857","potions_obtained":[{"floor":3,"key":"Ancient Potion"}],"is_trial":false,"path_per_floor":["M","?","M","M","M","R","M","$","T","E"],"character_chosen":"WATCHER","items_purchased":["DeceiveReality","Flash of Steel"],"campfire_rested":0,"item_purchase_floors":[8,8],"current_hp_per_floor":[55,50,50,41,36,36,22,22,22,21,21],"gold":41,"neow_bonus":"BOSS_RELIC","is_daily":false,"chose_seed":false,"campfire_upgraded":1,"win_rate":0.0,"timestamp":1613415723,"path_taken":["M","?","M","M","M","R","M","$","T","E"],"items_purchased_type":["Card","Card"],"build_version":"2020-12-22","purchased_purges":0,"victory":false,"max_hp_per_floor":[68,68,68,68,68,68,68,68,68,68,68],"relic_stats":{"counters":[6,23],"Pantograph":0,"Tiny Chest":0,"Yang":[32],"obtain_stats":[{"Calling Bell":0,"CaptainsWheel":0,"Pantograph":0,"Tiny Chest":0,"Yang":2,"PureWater":0,"StrikeDummy":9},{"Calling Bell":0,"CaptainsWheel":0,"Pantograph":0,"Tiny Chest":0,"Yang":1,"PureWater":0,"StrikeDummy":5},{"Calling Bell":0,"CaptainsWheel":0,"Pantograph":0,"Tiny Chest":0,"Yang":5,"PureWater":0,"StrikeDummy":20}]},"card_choices":[{"not_picked":["EmptyBody","BowlingBash"],"picked":"CrushJoints","floor":1},{"not_picked":["Crescendo","ThirdEye"],"picked":"Wireheading","floor":3},{"not_picked":["EmptyBody","Prostrate"],"picked":"EmptyFist","floor":4},{"not_picked":["SandsOfTime","PathToVictory"],"picked":"LessonLearned","floor":5},{"not_picked":["CrushJoints","BowlingBash","FlyingSleeves"],"picked":"SKIP","floor":7}],"player_experience":2649571,"relics_obtained":[{"floor":0,"key":"Tiny Chest"},{"floor":0,"key":"Pantograph"},{"floor":0,"key":"CaptainsWheel"},{"floor":9,"key":"StrikeDummy"}],"event_choices":[{"damage_healed":0,"gold_gain":0,"player_choice":"Success","damage_taken":5,"relics_obtained":["Yang"],"max_hp_gain":0,"max_hp_loss":0,"event_name":"Scrap Ooze","floor":2,"gold_loss":0}],"is_beta":false,"boss_relics":[],"items_purged_floors":[],"is_endless":false,"potions_floor_spawned":[3],"killed_by":"Gremlin Nob","ascension_level":20}}