{"host":"eglukmwb6rueyn6u","time":1613389104,"event":{"mods":["BaseMod","Colored Map","Minty Spire (QoL Compilation)"],"gold_per_floor":[119,51,51,63,63,93,109,126,198,215,31,31,46,62,62,162,162,182,182,182,182,107,107,119,137,137,137,157,157,157,169,169,270,270,284,297,297,38,19,45,45,73,73,73,84,43,54,64,64,64],"floor_reached":51,"language":"ENG","playtime":9369,"items_purged":["Strike_B"],"score":718,"play_id":"ae44e9be-8858-40cd-8c51-9220c7be7fd4","local_time":"20210215133824","is_ascension_mode":true,"campfire_choices":[{"data":"Defragment","floor":12,"key":"SMITH"},{"data":"Fusion","floor":15,"key":"SMITH"},{"data":"Dualcast","floor":23,"key":"SMITH"},{"data":"Strike_B","floor":27,"key":"PURGE"},{"data":"Self Repair","floor":29,"key":"SMITH"},{"data":"Defend_B","floor":32,"key":"PURGE"},{"data":"Streamline","floor":41,"key":"SMITH"},{"data":"Defend_B","floor":44,"key":"PURGE"},{"data":"Strike_B","floor":49,"key":"PURGE"}],"circlet_count":0,"master_deck":["Zap","Dualcast+1","Doom and Gloom+1","Hello World","Skim","Ball Lightning","Self Repair+1","Fusion+1","Defragment+1","Leap","Reboot","CurseOfTheBell","Redo+1","Streamline+1","Turbo","Melter","Chill","Leap","Heatsinks+1","Sunder","Echo Form+1","Compile Driver+1","Aggregate+1","Self Repair+1","Loop+1","Conserve Battery+1","FTL+1","Chaos+1","Capacitor+1","Hologram+1","Loop+1"],"relics":["Cracked Core","NeowsBlessing","HornCleat","Pen Nib","Kunai","Membership Card","Calling Bell","PreservedInsect","Frozen Egg 2","Peace Pipe","Nuclear Battery","Nunchaku","Bronze Scales","Bird Faced Urn","Incense Burner","Bag of Preparation","Bottled Lightning"],"acts_visited":["Exordium","TheCity","TheBeyond"],"potions_floor_usage":[18,50],"damage_taken":[{"damage":0,"enemies":"Cultist","floor":1,"turns":1},{"damage":0,"enemies":"Small Slimes","floor":4,"turns":1},{"damage":0,"enemies":"Lagavulin","floor":6,"turns":1},{"damage":1,"enemies":"Jaw Worm","floor":7,"turns":2},{"damage":19,"enemies":"Exordium Thugs","floor":8,"turns":4},{"damage":3,"enemies":"Lots of Slimes","floor":10,"turns":5},{"damage":6,"enemies":"2 Fungi Beasts","floor":13,"turns":3},{"damage":6,"enemies":"3 Louse","floor":14,"turns":3},{"damage":11,"enemies":"Hexaghost","floor":16,"turns":8},{"damage":24,"enemies":"2 Thieves","floor":18,"turns":4},{"damage":10,"enemies":"Shell Parasite","floor":24,"turns":3},{"damage":0,"enemies":"3 Cultists","floor":25,"turns":4},{"damage":14,"enemies":"Snake Plant","floor":28,"turns":5},{"damage":0,"enemies":"Sentry and Sphere","floor":31,"turns":3},{"damage":71,"enemies":"Collector","floor":33,"turns":9},{"damage":6,"enemies":"Orb Walker","floor":35,"turns":3},{"damage":36,"enemies":"3 Darklings","floor":36,"turns":5},{"damage":12,"enemies":"Reptomancer","floor":40,"turns":4},{"damage":16,"enemies":"Nemesis","floor":42,"turns":5},{"damage":43,"enemies":"Maw","floor":45,"turns":7},{"damage":0,"enemies":"Transient","floor":47,"turns":5},{"damage":1,"enemies":"Sphere and 2 Shapes","floor":48,"turns":2},{"damage":45,"enemies":"Donu and Deca","floor":50,"turns":8}],"seed_played":"2629056723318119678","potions_obtained":[{"floor":1,"key":"FearPotion"},{"floor":4,"key":"Strength Potion"},{"floor":6,"key":"DistilledChaos"},{"floor":14,"key":"SkillPotion"},{"floor":25,"key":"FocusPotion"},{"floor":33,"key":"Explosive Potion"},{"floor":40,"key":"Regen Potion"}],"is_trial":false,"path_per_floor":["M","$","?","M","T","E","M","M","T","M","$","R","M","M","R","B",null,"M","?","?","?","$","R","M","M","T","R","M","R","?","M","R","B",null,"M","M","?","$","$","E","R","E","T","R","M","$","M","M","R","B",null],"character_chosen":"DEFECT","items_purchased":["Hello World","Membership Card","Defragment","Melter","Bronze Scales","Bird Faced Urn","Self Repair+1","Loop+1","Capacitor+1"],"campfire_rested":0,"item_purchase_floors":[2,11,11,22,38,38,38,39,46],"current_hp_per_floor":[75,75,75,75,75,75,74,55,55,59,59,59,60,61,61,50,75,58,44,44,44,44,44,41,48,48,48,41,41,67,77,77,16,80,80,54,54,54,54,76,76,80,80,80,67,67,80,80,80,66],"gold":64,"neow_bonus":"THREE_ENEMY_KILL","is_daily":false,"chose_seed":false,"campfire_upgraded":5,"win_rate":0.0,"timestamp":1613389104,"path_taken":["M","?","?","M","?","E","?","?","T","M","$","R","M","M","R","BOSS","M","?","?","?","$","R","M","M","T","R","M","R","?","?","R","BOSS","M","M","?","?","$","E","R","E","T","R","M","$","M","M","R","BOSS"],"items_purchased_type":["Card","Relic","Card","Card","Relic","Relic","Card","Card","Card"],"build_version":"2020-12-22","purchased_purges":1,"victory":true,"max_hp_per_floor":[75,75,75,75,75,75,75,75,75,75,75,75,75,75,75,75,75,75,80,80,80,80,80,80,80,80,80,80,80,80,80,80,80,80,80,80,80,80,80,80,80,80,80,80,80,80,80,80,80,80],"card_choices":[{"not_picked":["Stack","Ball Lightning"],"picked":"Doom and Gloom","floor":1},{"not_picked":["Steam","Reinforced Body"],"picked":"Skim","floor":4},{"not_picked":["Biased Cognition","Hologram"],"picked":"Ball Lightning","floor":6},{"not_picked":["Cold Snap","Turbo","Sweeping Beam"],"picked":"SKIP","floor":7},{"not_picked":["Leap","Chill"],"picked":"Self Repair","floor":8},{"not_picked":["Beam Cell","Thunder Strike"],"picked":"Fusion","floor":10},{"not_picked":["Sweeping Beam","Consume"],"picked":"Leap","floor":13},{"not_picked":["White Noise","Consume","Turbo"],"picked":"SKIP","floor":14},{"not_picked":["Thunder Strike","All For One"],"picked":"Reboot","floor":16},{"not_picked":["Turbo+1","Force Field"],"picked":"Redo+1","floor":18},{"not_picked":["Scrape","Cold Snap"],"picked":"Chill","floor":24},{"not_picked":["Streamline+1","Aggregate+1"],"picked":"Leap","floor":25},{"not_picked":["Cold Snap","Turbo"],"picked":"Heatsinks+1","floor":28},{"not_picked":["Stack","Rebound"],"picked":"Sunder","floor":31},{"not_picked":["Rainbow","Seek"],"picked":"Echo Form+1","floor":33},{"not_picked":["Blizzard","Stack"],"picked":"Compile Driver+1","floor":35},{"not_picked":["Steam Power","Chill+1"],"picked":"Aggregate+1","floor":36},{"not_picked":["Compile Driver","Gash"],"picked":"Conserve Battery+1","floor":40},{"not_picked":["White Noise","Gash"],"picked":"FTL+1","floor":42},{"not_picked":["Melter+1","Streamline"],"picked":"Chaos+1","floor":45},{"not_picked":["Self Repair+1","Beam Cell"],"picked":"Hologram+1","floor":47},{"not_picked":["Barrage+1","BootSequence"],"picked":"Loop+1","floor":48}],"player_experience":36173,"relics_obtained":[{"floor":5,"key":"HornCleat"},{"floor":6,"key":"Pen Nib"},{"floor":9,"key":"Kunai"},{"floor":17,"key":"PreservedInsect"},{"floor":17,"key":"Frozen Egg 2"},{"floor":17,"key":"Peace Pipe"},{"floor":40,"key":"Incense Burner"},{"floor":42,"key":"Bag of Preparation"},{"floor":43,"key":"Bottled Lightning"}],"event_choices":[{"damage_healed":0,"gold_gain":0,"player_choice":"Grow","damage_taken":0,"max_hp_gain":0,"max_hp_loss":0,"event_name":"Living Wall","floor":3,"gold_loss":0,"cards_upgraded":["Doom and Gloom"]},{"damage_healed":0,"gold_gain":0,"player_choice":"Shed Blood","damage_taken":19,"max_hp_gain":5,"max_hp_loss":0,"event_name":"Forgotten Altar","floor":19,"gold_loss":0},{"damage_healed":0,"gold_gain":0,"cards_transformed":["Defend_B","Strike_B"],"player_choice":"Became Test Subject","damage_taken":0,"max_hp_gain":0,"max_hp_loss":0,"event_name":"Drug Dealer","floor":20,"gold_loss":0,"cards_obtained":["Streamline","Turbo"]},{"cards_removed":["Defend_B"],"damage_healed":0,"gold_gain":0,"player_choice":"Elegance","damage_taken":0,"max_hp_gain":0,"max_hp_loss":0,"event_name":"Back to Basics","floor":21,"gold_loss":0},{"damage_healed":26,"gold_gain":0,"player_choice":"Heal","damage_taken":0,"max_hp_gain":0,"max_hp_loss":0,"event_name":"The Library","floor":30,"gold_loss":0},{"damage_healed":0,"gold_gain":0,"player_choice":"Gave Potion","damage_taken":0,"relics_obtained":["Nunchaku"],"max_hp_gain":0,"max_hp_loss":0,"event_name":"WeMeetAgain","floor":37,"gold_loss":0}],"is_beta":false,"boss_relics":[{"not_picked":["SlaversCollar","Velvet Choker"],"picked":"Calling Bell"},{"not_picked":["Tiny House","FrozenCore"],"picked":"Nuclear Battery"}],"items_purged_floors":[22],"is_endless":false,"potions_floor_spawned":[1,4,6,14,25,31,33,35,40,47,48],"ascension_level":1}}