{"host":"9rehsd5oi9uaydbk","time":1613372256,"event":{"mods":["AchievementEnabler","Act Like it!","BaseMod","Colored Powertips","Curses Come First","Downfall","Hallownest","Hermit","Hubris","Jorbs\u0027s Wanderer Trilogy","Minty Spire (QoL Compilation)","Reliquary","Shop Mod","StSLib","The Bug Knight","The Runesmith"],"gold_per_floor":[118,118,118,118,130,149,149,149,149,149,42,56,89,105,105,207,207,218,229,229,241,259,259,278,278,305,305,168,168,168,168,168,268,268,279,296,67,67,78,78,88,88,88,88,103,118,131,142,142,142,142,142,19,53,53,53],"floor_reached":55,"language":"ENG","playtime":3725,"items_purged":["hermit:Strike_Hermit+1"],"score":619,"play_id":"d2572a02-5d20-4b50-b65b-0bf1493461f3","local_time":"20210215015736","is_ascension_mode":false,"campfire_choices":[{"floor":7,"key":"RECALL"},{"data":"hermit:Coalescence","floor":10,"key":"SMITH"},{"floor":15,"key":"REST"},{"floor":23,"key":"REST"},{"floor":27,"key":"REST"},{"data":"hermit:Combo","floor":29,"key":"SMITH"},{"data":"hermit:TakeAim","floor":32,"key":"SMITH"},{"data":"hermit:EyeOfTheStorm","floor":40,"key":"SMITH"},{"floor":42,"key":"REST"},{"floor":49,"key":"REST"},{"data":"hermit:LoneWolf","floor":52,"key":"SMITH"}],"circlet_count":0,"master_deck":["hermit:Strike_Hermit+1","hermit:Strike_Hermit+1","hermit:Strike_Hermit+1","hermit:Defend_Hermit+1","hermit:Defend_Hermit+1","hermit:Defend_Hermit+1","hermit:Defend_Hermit+1","hermit:Snapshot+1","hermit:Covet","hubris:Wrath","hermit:Dissolve","hermit:Snipe+1","hermit:Coalescence+1","Pain","hermit:Combo+1","hermit:FlashPowder","hermit:CalledShot","hermit:LoneWolf+1","hermit:EyeOfTheStorm+1","hermit:BlackWind","hermit:ItchyTrigger","hermit:TakeAim+1","hermit:Quickdraw","hermit:Gambit","hermit:Ricochet+1","hermit:Quickdraw","hermit:Glare+1"],"relics":["hermit:Momento","hubris:Towel","WarpedTongs","Centennial Puzzle","hermit:BartenderGlass","MealTicket","MerchantsRug","hubris:Potato","hubris:Icosahedron","SacredBark","Singing Bowl","Bird Faced Urn"],"acts_visited":["Exordium","TheCity","TheBeyond","TheEnding"],"potions_floor_usage":[13,16,16,19,21,21,21,22,24,24,24,24,39,39,41,45,45,45,45,50,50,50,54,54,54],"damage_taken":[{"damage":0,"enemies":"2 Louse","floor":1,"turns":3},{"damage":1,"enemies":"Small Slimes","floor":5,"turns":3},{"damage":0,"enemies":"Cultist","floor":6,"turns":3},{"damage":10,"enemies":"Large Slime","floor":12,"turns":7},{"damage":23,"enemies":"3 Sentries","floor":13,"turns":8},{"damage":2,"enemies":"Gremlin Gang","floor":14,"turns":6},{"damage":12,"enemies":"Hexaghost","floor":16,"turns":8},{"damage":5,"enemies":"3 Byrds","floor":18,"turns":4},{"damage":4,"enemies":"Spheric Guardian","floor":19,"turns":4},{"damage":30,"enemies":"Chosen and Byrds","floor":21,"turns":7},{"damage":3,"enemies":"Snake Plant","floor":22,"turns":5},{"damage":30,"enemies":"Centurion and Healer","floor":24,"turns":4},{"damage":53,"enemies":"hubris:MusketHawk","floor":33,"turns":10},{"damage":8,"enemies":"3 Shapes","floor":35,"turns":5},{"damage":12,"enemies":"Orb Walker","floor":36,"turns":3},{"damage":0,"enemies":"Jaw Worm Horde","floor":39,"turns":3},{"damage":33,"enemies":"3 Darklings","floor":41,"turns":6},{"damage":2,"enemies":"Transient","floor":45,"turns":5},{"damage":12,"enemies":"4 Shapes","floor":46,"turns":5},{"damage":15,"enemies":"Sphere and 2 Shapes","floor":48,"turns":5},{"damage":54,"enemies":"Awakened One","floor":50,"turns":13},{"damage":73,"enemies":"Shield and Spear","floor":54,"turns":9},{"damage":8,"enemies":"The Heart","floor":55,"turns":2}],"seed_played":"-331584408612679837","potions_obtained":[{"floor":1,"key":"FearPotion"},{"floor":12,"key":"AttackPotion"},{"floor":14,"key":"hexamod:SoulburnPotion"},{"floor":18,"key":"Fire Potion"},{"floor":19,"key":"bronze:BurnAndBuffPotion"},{"floor":22,"key":"BlessingOfTheForge"},{"floor":24,"key":"Weak Potion"},{"floor":33,"key":"SpeedPotion"},{"floor":36,"key":"Dexterity Potion"},{"floor":41,"key":"hexamod:SoulburnPotion"}],"is_trial":false,"path_per_floor":["M","?","?","?","M","M","R","?","T","R","$","M","E","M","R","B",null,"M","M","?","M","M","R","M","?","T","R","$","R","T","?","R","B",null,"M","M","$","?","M","R","M","R","T","?","M","M","$","M","R","B",null,"R","$","E","B"],"character_chosen":"HERMIT","items_purchased":["hermit:Combo","hermit:FlashPowder","MerchantsRug","Singing Bowl","hermit:Tonic","Fire Potion"],"campfire_rested":5,"item_purchase_floors":[11,11,28,37,47,53],"current_hp_per_floor":[75,75,75,75,74,74,74,74,74,74,74,64,41,39,61,49,75,70,66,75,45,42,64,34,34,34,56,71,71,71,71,71,18,75,67,55,70,70,70,70,39,60,60,60,60,50,65,50,73,19,77,77,77,6,0,0],"gold":53,"neow_bonus":"THREE_RARE_CARDS","is_daily":false,"chose_seed":false,"campfire_upgraded":5,"win_rate":0.0,"timestamp":1613372256,"path_taken":["M","?","?","?","M","M","R","?","T","R","$","M","E","?","R","BOSS","M","M","?","M","?","R","M","?","T","R","$","R","?","?","R","BOSS","M","M","$","?","M","R","M","R","T","?","M","?","$","M","R","BOSS","R","$","E","BOSS"],"items_purchased_type":["Card","Card","Relic","Relic","Potion","Potion"],"build_version":"2020-12-22","purchased_purges":1,"victory":false,"max_hp_per_floor":[75,75,75,75,75,75,75,75,75,75,75,75,75,75,75,75,75,75,75,75,75,75,75,75,75,75,75,75,75,75,75,75,75,75,75,75,75,71,71,71,73,73,73,73,75,77,77,77,77,77,77,77,77,79,79,79],"card_choices":[{"not_picked":["hermit:Roughhouse","hermit:DeadOrAlive"],"picked":"hermit:Dissolve","floor":0},{"not_picked":["hermit:HoleUp","hermit:Glare"],"picked":"hermit:Snipe","floor":1},{"not_picked":["hermit:PistolWhip","hermit:Misfire","hermit:FullyLoaded"],"picked":"SKIP","floor":5},{"not_picked":["hermit:Roulette","hermit:LuckOfTheDraw"],"picked":"hermit:Coalescence","floor":6},{"not_picked":["hermit:BodyArmor","hermit:Dive"],"picked":"hermit:CalledShot","floor":12},{"not_picked":["hermit:GoldenBullet","hermit:BodyArmor"],"picked":"hermit:LoneWolf","floor":13},{"not_picked":["hermit:Cheat","hermit:SprayPray"],"picked":"hermit:EyeOfTheStorm","floor":14},{"not_picked":["hermit:OverwhelmingPower","hermit:Adapt"],"picked":"hermit:BlackWind","floor":16},{"not_picked":["hermit:BodyArmor+1","hermit:Feint+1"],"picked":"hermit:ItchyTrigger","floor":18},{"not_picked":["hermit:Scavenge","hermit:Determination"],"picked":"hermit:TakeAim","floor":19},{"not_picked":["hermit:Feint","hermit:Adapt"],"picked":"hermit:Quickdraw","floor":21},{"not_picked":["hermit:ItchyTrigger+1","hermit:GoldenBullet"],"picked":"hermit:Gambit","floor":22},{"not_picked":["hermit:Dive","hermit:HoleUp"],"picked":"hermit:Ricochet+1","floor":24},{"not_picked":["hermit:Coalescence+1","hermit:CalledShot+1","hermit:BodyArmor"],"picked":"SKIP","floor":35},{"not_picked":["hermit:GoldenBullet+1","hermit:Misfire+1","hermit:Desperado"],"picked":"SKIP","floor":36},{"not_picked":["hermit:Misfire","hermit:HighCaliber+1"],"picked":"hermit:Quickdraw","floor":39},{"not_picked":["hermit:Roulette+1","hermit:Brawl+1","hermit:Gestalt"],"picked":"Singing Bowl","floor":41},{"not_picked":["hermit:Deadeye+1","hermit:CalledShot+1","hermit:Manifest"],"picked":"Singing Bowl","floor":45},{"not_picked":["hermit:FullyLoaded+1","hermit:Snipe","hermit:Gestalt"],"picked":"Singing Bowl","floor":46},{"not_picked":["hermit:CalledShot+1","hermit:SprayPray"],"picked":"hermit:Glare+1","floor":48},{"not_picked":["hermit:Purgatory","hermit:Dive+1","hermit:EyeOfTheStorm+1"],"picked":"Singing Bowl","floor":54}],"player_experience":199678,"relics_obtained":[{"floor":13,"key":"Centennial Puzzle"},{"floor":26,"key":"MealTicket"},{"floor":30,"key":"hubris:Potato"},{"floor":43,"key":"HollowMod:LifeEnderRelic"},{"floor":54,"key":"Bird Faced Urn"}],"event_choices":[{"damage_healed":0,"gold_gain":0,"player_choice":"Grow","damage_taken":0,"max_hp_gain":0,"max_hp_loss":0,"event_name":"Living Wall","floor":4,"gold_loss":0,"cards_upgraded":["hermit:Snapshot"]},{"damage_healed":0,"gold_gain":0,"player_choice":"Rummage","damage_taken":0,"relics_obtained":["WarpedTongs"],"max_hp_gain":0,"max_hp_loss":0,"event_name":"Accursed Blacksmith","floor":8,"gold_loss":0,"cards_obtained":["Pain"]},{"damage_healed":25,"gold_gain":0,"player_choice":"Heal","damage_taken":0,"max_hp_gain":0,"max_hp_loss":0,"event_name":"The Library","floor":20,"gold_loss":0},{"damage_healed":0,"gold_gain":0,"player_choice":"Simplicity","damage_taken":0,"max_hp_gain":0,"max_hp_loss":0,"event_name":"Back to Basics","floor":25,"gold_loss":0,"cards_upgraded":["hermit:Strike_Hermit","hermit:Strike_Hermit","hermit:Strike_Hermit","hermit:Strike_Hermit","hermit:Defend_Hermit","hermit:Defend_Hermit","hermit:Defend_Hermit","hermit:Defend_Hermit"]},{"damage_healed":0,"gold_gain":0,"player_choice":"Max HP","damage_taken":0,"max_hp_gain":0,"max_hp_loss":4,"event_name":"Winding Halls","floor":38,"gold_loss":0},{"damage_healed":0,"gold_gain":0,"player_choice":"Ignored","damage_taken":0,"max_hp_gain":0,"max_hp_loss":0,"event_name":"SecretPortal","floor":44,"gold_loss":0}],"is_beta":false,"boss_relics":[{"not_picked":["Empty Cage","Snecko Eye"],"picked":"hermit:BartenderGlass"},{"not_picked":["bronze:MakeshiftBattery","Black Star"],"picked":"SacredBark"}],"items_purged_floors":[53],"is_endless":false,"potions_floor_spawned":[1,12,14,18,19,22,24,33,36,41],"killed_by":"The Heart","ascension_level":0}}