{"host":"as9fo7ctujj2pdsp","time":1613364460,"event":{"mods":["BaseMod","Downfall","Gremlin Mod","Marisa（霧雨　魔理沙）","Minty Spire (QoL Compilation)","StSLib","The Cursed","The Judge","The Senshi","The Servant 0.9.4"],"gold_per_floor":[99,114,134,151,151,178,214,125,152,152,172,187,187,218,228,328,328,328,345,345,356,431,458,458,174,193,212,3,20,78,114,114,114,114],"floor_reached":32,"language":"ENG","playtime":5618,"items_purged":["Writhe"],"score":321,"play_id":"47b86e1c-c6fa-4d4b-910a-7b8a4e928e93","local_time":"20210215174740","is_ascension_mode":false,"campfire_choices":[{"data":"Guardian:CurlUp","floor":1.0,"key":"SMITH"},{"data":"Guardian:StasisField","floor":18.0,"key":"SMITH"}],"circlet_count":0,"master_deck":["Guardian:Strike_Guardian+1","Guardian:Strike_Guardian","Guardian:Strike_Guardian","Guardian:Strike_Guardian+1","Guardian:Defend_Guardian","Guardian:Defend_Guardian","Guardian:Defend_Guardian","Guardian:Defend_Guardian","Guardian:CurlUp+1","Guardian:TwinSlam+1","Guardian:PrimingBeam","Guardian:AncientConstruct","Guardian:Planning","CurseOfTheBell","CurseOfTheBell","Guardian:Suspension","Guardian:Gem_Orange","expansioncontent:AwakenDeath","Guardian:Preprogram","Guardian:PrimingBeam","Guardian:SpikerProtocol","Guardian:StasisField+1","Guardian:ShieldCharger","Guardian:FastForward","Guardian:Gem_Cyan","Guardian:Incinerate","Magnetism","Guardian:ExploitGems","Guardian:TemporalShield","Guardian:Gem_Crimson","Mayhem","Guardian:Gem_Cyan"],"relics":["Guardian:ModeShifter","downfall:ExtraCursedBell","MawBank","Letter Opener","Unceasing Top","Happy Flower","Juzu Bracelet","Question Card","Sozu","Potion Belt","theSenshi:SailorFukuRelic","Torii","Frozen Egg 2"],"acts_visited":["Exordium","TheCity"],"potions_floor_usage":[],"damage_taken":[{"damage":3.0,"enemies":"Small Slimes","floor":2.0,"turns":4.0},{"damage":9.0,"enemies":"2 Louse","floor":3.0,"turns":2.0},{"damage":0.0,"enemies":"Cultist","floor":4.0,"turns":4.0},{"damage":10.0,"enemies":"Exordium Thugs","floor":6.0,"turns":5.0},{"damage":5.0,"enemies":"downfall:FleeingMerchant","floor":8.0,"turns":4.0},{"damage":28.0,"enemies":"Gremlin Nob","floor":9.0,"turns":8.0},{"damage":10.0,"enemies":"Large Slime","floor":11.0,"turns":6.0},{"damage":7.0,"enemies":"3 Louse","floor":12.0,"turns":2.0},{"damage":0.0,"enemies":"3 Sentries","floor":14.0,"turns":4.0},{"damage":0.0,"enemies":"Gremlin Gang","floor":15.0,"turns":4.0},{"damage":47.0,"enemies":"IC_STATUS_ARCHETYPE","floor":16.0,"turns":14.0},{"damage":1.0,"enemies":"Chosen","floor":19.0,"turns":5.0},{"damage":5.0,"enemies":"3 Byrds","floor":21.0,"turns":6.0},{"damage":14.0,"enemies":"Book of Stabbing","floor":23.0,"turns":7.0},{"damage":0.0,"enemies":"downfall:FleeingMerchant","floor":25.0,"turns":4.0},{"damage":8.0,"enemies":"3 Cultists","floor":26.0,"turns":5.0},{"damage":2.0,"enemies":"Shelled Parasite and Fungi","floor":27.0,"turns":6.0},{"damage":3.0,"enemies":"downfall:FleeingMerchant","floor":28.0,"turns":4.0},{"damage":1.0,"enemies":"Centurion and Healer","floor":29.0,"turns":6.0},{"damage":19.0,"enemies":"Gremlin Leader","floor":30.0,"turns":11.0},{"damage":12,"enemies":"Snecko","floor":31,"turns":6},{"damage":30,"enemies":"Snake Plant","floor":32,"turns":5}],"seed_played":"-7277068439312730532","potions_obtained":[{"floor":3.0,"key":"Guardian:BlockOnCardUsePotion"},{"floor":4.0,"key":"Explosive Potion"},{"floor":9.0,"key":"SpeedPotion"},{"floor":12.0,"key":"Regen Potion"},{"floor":15.0,"key":"Block Potion"}],"is_trial":false,"path_per_floor":["R","M","M","M","?","M","T","$","E","?","M","M","?","E","M","B",null,"R","M","?","M","?","E","T","$","M","M","$","M","E","M","M"],"character_chosen":"GUARDIAN","items_purchased":["expansioncontent:AwakenDeath","Magnetism","Mayhem"],"campfire_rested":0,"item_purchase_floors":[8,25,28],"current_hp_per_floor":[88,85,76,76,76,66,66,61,33,33,23,16,16,28,28,2,88,88,87,87,82,88,74,74,74,66,64,61,60,41,29,0,0,0],"gold":114,"neow_bonus":"TEN_PERCENT_HP_BONUS","is_daily":false,"chose_seed":false,"campfire_upgraded":2,"win_rate":0.0,"timestamp":1613364460,"path_taken":["R","M","M","M","?","M","T","$","E","?","M","M","?","E","M","BOSS","R","M","?","M","?","E","T","$","M","M","$","M","E","M","M"],"items_purchased_type":["Card","Card","Card"],"build_version":"2020-12-22","purchased_purges":1,"victory":false,"max_hp_per_floor":[88,88,88,88,88,88,88,88,88,88,88,88,88,88,88,88,88,88,88,88,88,88,88,88,88,88,88,88,88,88,88,88,88,88],"card_choices":[{"not_picked":["Guardian:TemporalStrike","Guardian:Harden"],"picked":"Guardian:PrimingBeam","floor":2.0},{"not_picked":["Guardian:RollAttack","Guardian:ChargeCore"],"picked":"Guardian:AncientConstruct","floor":3.0},{"not_picked":["Guardian:Gem_Yellow","Guardian:RollAttack"],"picked":"Guardian:Planning","floor":4.0},{"not_picked":["Guardian:CrystalBeam","Guardian:TemporalStrike"],"picked":"Guardian:Suspension","floor":6.0},{"not_picked":["Guardian:PiercingHide","Guardian:Planning"],"picked":"Guardian:Gem_Orange","floor":8.0},{"not_picked":["Guardian:FloatingOrbs","Guardian:ShieldCharger"],"picked":"Guardian:Gem_Yellow","floor":9.0},{"not_picked":["Guardian:Gem_Cyan","Guardian:Gem_Crimson"],"picked":"Guardian:Gem_Blue","floor":11.0},{"not_picked":["Guardian:Recover","Guardian:Planning"],"picked":"Guardian:Preprogram","floor":12.0},{"not_picked":["Guardian:ArmoredProtocol","Guardian:Gem_Purple"],"picked":"Guardian:PrimingBeam","floor":14.0},{"not_picked":["Guardian:Reroute","Guardian:ShieldCharger","Guardian:CrystalBeam"],"picked":"Guardian:SpikerProtocol","floor":15.0},{"not_picked":["Guardian:ConstructionForm","Guardian:BaubleBeam","Guardian:HyperBeam_Guardian"],"picked":"Guardian:StasisField","floor":16.0},{"not_picked":["Guardian:Gem_Green","Guardian:VentSteam","Guardian:Recover"],"picked":"Guardian:ShieldCharger","floor":19.0},{"not_picked":["Guardian:Emergency+1","Guardian:DonusPower","Guardian:PolyBeam"],"picked":"Guardian:FastForward","floor":21.0},{"not_picked":["Guardian:Recover","Guardian:TemporalStrike","Guardian:Suspension"],"picked":"Guardian:Gem_Cyan","floor":23.0},{"not_picked":["Guardian:PrimingBeam","Guardian:Recover+1","Guardian:Gem_Red"],"picked":"Guardian:Incinerate","floor":25.0},{"not_picked":["Guardian:GuardianWhirl","Guardian:ChargeCore","Guardian:Incinerate+1"],"picked":"Guardian:ExploitGems","floor":26.0},{"not_picked":["Guardian:WalkerClaw","Guardian:PrismaticBeam","Guardian:Gem_Cyan"],"picked":"Guardian:TemporalShield","floor":27.0},{"not_picked":["Guardian:Suspension+1","Guardian:Gem_Purple","Guardian:BaubleBeam"],"picked":"Guardian:Gem_Crimson","floor":28.0},{"not_picked":["Guardian:Gem_Red","Guardian:Reroute","Guardian:Emergency"],"picked":"Guardian:Gem_Cyan","floor":29.0},{"not_picked":["Guardian:BodySlam","Guardian:Gem_Red","Guardian:Planning+1","Guardian:Emergency"],"picked":"SKIP","floor":30.0},{"not_picked":["Guardian:CrystalBeam+1","Guardian:RefractedBeam","Guardian:Gem_Purple","Guardian:Recover"],"picked":"SKIP","floor":31}],"player_experience":207132,"relics_obtained":[{"floor":5.0,"key":"MawBank"},{"floor":5.0,"key":"Letter Opener"},{"floor":5.0,"key":"Unceasing Top"},{"floor":7.0,"key":"Happy Flower"},{"floor":9.0,"key":"Juzu Bracelet"},{"floor":14.0,"key":"Question Card"},{"floor":23.0,"key":"theSenshi:SailorFukuRelic"},{"floor":24.0,"key":"Torii"},{"floor":30.0,"key":"Frozen Egg 2"}],"event_choices":[],"is_beta":false,"boss_relics":[{"not_picked":["Empty Cage","Runic Dome"],"picked":"Sozu"}],"items_purged_floors":[25],"is_endless":false,"potions_floor_spawned":[3,4,9,12,15,21,23,30,31],"killed_by":"Snake Plant","ascension_level":0}}