{"host":"ggy1mjjy92c62u6a","time":1613394872,"event":{"mods":["10 clothes from DAL","ATMod(阿瑾Mod)","Act Like it!","BaseMod","Colored Powertips","GifTheSpireLib","Infinite Spire","Library of Ruina","Library of Ruina Extra","Lobotomy","LobotomyExtend","Minty Spire (QoL Compilation)","Quick Restart","Relic Filter Mod","Relic Stats","Reliquary","Replay The Spire","Shop Mod","Spicy Shops","StSLib","SuperFastMode","TestMod","【功能Mod】混沌之环修复补丁","【遗物Mod】死灵法师NEW","【遗物卡牌】REMEMod"],"gold_per_floor":[112,124,124,124,124,140,168,168,195,66,66,66,80,155,155,253,253,271,271,260,260,260],"floor_reached":21,"language":"ZHS","playtime":733,"items_purged":[],"score":221,"play_id":"603d9feb-f885-4efd-8e8b-2488344abba6","local_time":"20210215211432","is_ascension_mode":true,"campfire_choices":[{"data":"Prepared","floor":8,"key":"SMITH"},{"data":"AT_ShadowStep","floor":11,"key":"SMITH"},{"floor":15,"key":"REST"}],"circlet_count":0,"master_deck":["Strike_G","Strike_G","Strike_G","Strike_G","Defend_G","Defend_G","Defend_G","Defend_G","Defend_G","Survivor","Neutralize","AT_ShadowStep+1","Blade Dance","Defend_G","Prepared+1","REME_SpectralBlade","Prepared","Prepared"],"relics":["PureWater","REME_ComplimentaryCards","testmod-TestBox","CogitoBucket","RabbitCall","testmod-ArcanaOfDestiny","LetterFromLob","AT_ATBox","infinitespire:Cubic Diamond","Potion Belt","Happy Flower","Matryoshka","reliquary:KinkedSpring"],"acts_visited":["Exordium","TheCity"],"potions_floor_usage":[],"damage_taken":[{"damage":3.0,"enemies":"2 Louse","floor":1.0,"turns":3.0},{"damage":4.0,"enemies":"Jaw Worm","floor":2.0,"turns":3.0},{"damage":0.0,"enemies":"Small Slimes","floor":6.0,"turns":3.0},{"damage":28,"enemies":"3 Sentries","floor":7,"turns":7},{"damage":3,"enemies":"Gremlin Gang","floor":13,"turns":6},{"damage":35,"enemies":"Fading Forest","floor":16,"turns":11},{"damage":43,"enemies":"Chosen","floor":18,"turns":6},{"damage":3,"enemies":"2 Thieves","floor":20,"turns":4},{"damage":10,"enemies":"Snake Plant","floor":21,"turns":5}],"seed_played":"5750182556027150691","potions_obtained":[{"floor":7,"key":"REME_GoldPotion"},{"floor":16,"key":"BlessingOfTheForge"},{"floor":18,"key":"ColorlessPotion"}],"is_trial":false,"path_per_floor":["M","M","?","?","?","M","E","R","T","$","R","?","M","?","R","B",null,"M","?","M","M"],"character_chosen":"THE_SILENT","items_purchased":["Matryoshka"],"campfire_rested":1,"item_purchase_floors":[10],"current_hp_per_floor":[67,63,63,63,63,63,35,35,35,35,35,35,32,21,42,15,56,13,13,10,0,0],"gold":260,"neow_bonus":"","is_daily":false,"chose_seed":false,"campfire_upgraded":2,"win_rate":0.0,"timestamp":1613394872,"path_taken":["M","M","?","?","?","M","E","R","T","$","R","?","?","?","R","BOSS","M","?","M","M"],"items_purchased_type":["Relic"],"build_version":"2020-12-22","purchased_purges":0,"victory":false,"max_hp_per_floor":[70,70,70,70,70,70,70,70,70,70,70,70,70,70,70,70,70,70,70,70,70,70],"relic_stats":{"Happy Flower":[11],"counters":[10,49],"obtain_stats":[{"Potion Belt":7,"RabbitCall":0,"AT_ATBox":0,"testmod-TestBox":0,"Happy Flower":9,"infinitespire:Cubic Diamond":4,"reliquary:KinkedSpring":17,"CogitoBucket":0,"Matryoshka":10,"LetterFromLob":1,"PureWater":4,"testmod-ArcanaOfDestiny":0,"Ring of the Snake":0,"REME_ComplimentaryCards":0},{"Potion Belt":4,"RabbitCall":0,"AT_ATBox":0,"testmod-TestBox":0,"Happy Flower":4,"infinitespire:Cubic Diamond":2,"reliquary:KinkedSpring":6,"CogitoBucket":0,"Matryoshka":4,"LetterFromLob":1,"PureWater":2,"testmod-ArcanaOfDestiny":0,"Ring of the Snake":0,"REME_ComplimentaryCards":0},{"Potion Belt":16,"RabbitCall":0,"AT_ATBox":0,"testmod-TestBox":0,"Happy Flower":16,"infinitespire:Cubic Diamond":6,"reliquary:KinkedSpring":33,"CogitoBucket":0,"Matryoshka":16,"LetterFromLob":3,"PureWater":6,"testmod-ArcanaOfDestiny":0,"Ring of the Snake":0,"REME_ComplimentaryCards":0}]},"card_choices":[{"not_picked":["PiercingWail","Dodge and Roll"],"picked":"Blade Dance","floor":1.0},{"not_picked":["Underhanded Strike","Outmaneuver"],"picked":"Blade Dance","floor":2.0},{"not_picked":["Dagger Throw","Masterful Stab","Bane"],"picked":"SKIP","floor":6.0},{"not_picked":["Bane","Blade Dance"],"picked":"Prepared","floor":7},{"not_picked":["Crippling Poison","Underhanded Strike","AT_WindFlip"],"picked":"SKIP","floor":13},{"not_picked":["Malaise","Poison Darts"],"picked":"REME_SpectralBlade","floor":16},{"not_picked":["ReplayTheSpireMod:Exploit Weakness+1","Quick Slash+1"],"picked":"Prepared","floor":18},{"not_picked":["Underhanded Strike","Dagger Spray+1"],"picked":"Prepared","floor":20}],"player_experience":131212,"relics_obtained":[{"floor":1.0,"key":"LetterFromLob"},{"floor":7,"key":"Potion Belt"},{"floor":9,"key":"Happy Flower"}],"event_choices":[{"damage_healed":0.0,"max_hp_gain":0.0,"max_hp_loss":0.0,"gold_gain":0.0,"event_name":"给自己的盒子","player_choice":"Swap Relic","floor":3.0,"relics_lost":["AT_ATBox"],"gold_loss":0.0,"damage_taken":0.0,"relics_obtained":["AT_ATBox"]},{"damage_healed":0,"gold_gain":0,"player_choice":"0 cards matched","damage_taken":0,"max_hp_gain":0,"max_hp_loss":0,"event_name":"Match and Keep!","floor":12,"gold_loss":0,"cards_obtained":[]},{"damage_healed":0,"gold_gain":75,"player_choice":"Gather Gold","damage_taken":11,"max_hp_gain":0,"max_hp_loss":0,"event_name":"World of Goop","floor":14,"gold_loss":0}],"is_beta":false,"boss_relics":[{"not_picked":["Runic Dome","reliquary:WritOfMandamus"],"picked":"reliquary:KinkedSpring"}],"items_purged_floors":[],"is_endless":false,"potions_floor_spawned":[7,16,18],"killed_by":"Snake Plant","ascension_level":5}}