{"host":"8j9942ssdstg70ua","time":1613373547,"event":{"mods":["BaseMod","Colored Map","Downfall","Minty Spire (QoL Compilation)","Relic Sorter","StSLib"],"gold_per_floor":[99,110,20,30,30,30,80,100,100,85,116,131,157,157,170,266,266,266,280,20,35,35,70,96,109,59,59,44,73,73,177,193,295,295,195,206,225,225,242,252,252,264,292,92,92,108,121,132,150,150,150,150],"floor_reached":50,"language":"ENG","playtime":4541,"items_purged":["Slimebound:Defend_Slimebound","Slimebound:Tackle"],"score":556,"play_id":"58e990d9-e836-4a2e-a8bb-6423fd1d862f","local_time":"20210214231907","is_ascension_mode":false,"campfire_choices":[{"data":"Slimebound:Split","floor":1.0,"key":"SMITH"},{"data":"Slimebound:Prepare","floor":6.0,"key":"SMITH"},{"data":"Slimebound:CorrosiveSpit","floor":9.0,"key":"SMITH"},{"floor":18.0,"key":"RECALL"},{"data":"Slimebound:SlimeSlap","floor":27.0,"key":"SMITH"},{"data":"Slimebound:WasteNot","floor":35,"key":"SMITH"},{"data":"Slimebound:SelfFormingGoo","floor":44,"key":"SMITH"}],"circlet_count":0,"master_deck":["Slimebound:Strike_Slimebound","Slimebound:Strike_Slimebound","Slimebound:Defend_Slimebound","Slimebound:Defend_Slimebound","Slimebound:Defend_Slimebound","Slimebound:Split+1","Slimebound:CorrosiveSpit+1","Slimebound:Prepare+1","Slimebound:LivingWall","Slimebound:AcidTongue","Slimebound:LeechEnergy","Slimebound:TagTeam","Slimebound:LeadByExample","Slimebound:DuplicatedForm","Slimebound:Equalize","Slimebound:SlimeSlap+1","Slimebound:SamplingLick+1","Slimebound:LeechEnergy+1","Slimebound:HauntingLick","Slimebound:MegaLick+1","Slimebound:OozeBath","Slimebound:WasteNot+1","Slimebound:SpikyOuterGoop+1","Slimebound:SlimeSpikes","Slimebound:SelfFormingGoo+1","Slimebound:SlimeSpikes","Slimebound:RejuvenatingLick","Slimebound:MegaLick+1","Slimebound:SamplingLick+1","Slimebound:Grow","Slimebound:LeechLife","Slimebound:ViciousTackle+1"],"relics":["Slimebound:AbsorbEndCombatUpgraded","Nunchaku","Lantern","Bottled Lightning","Pantograph","CaptainsWheel","Omamori","Red Mask","PreservedInsect","Slimebound:TarBlob","downfall:HeartBlessingRed","Bag of Preparation","downfall:HeartBlessingGreen","downfall:HeartBlessingBlue"],"acts_visited":["Exordium","TheCity","TheBeyond"],"potions_floor_usage":[43,48,50],"damage_taken":[{"damage":3.0,"enemies":"2 Louse","floor":2.0,"turns":2.0},{"damage":5.0,"enemies":"downfall:FleeingMerchant","floor":3.0,"turns":4.0},{"damage":3.0,"enemies":"Cultist","floor":4.0,"turns":3.0},{"damage":0.0,"enemies":"Jaw Worm","floor":8.0,"turns":4.0},{"damage":6.0,"enemies":"downfall:FleeingMerchant","floor":10.0,"turns":4.0},{"damage":7.0,"enemies":"3 Sentries","floor":11.0,"turns":5.0},{"damage":3.0,"enemies":"Exordium Thugs","floor":12.0,"turns":4.0},{"damage":10.0,"enemies":"Lagavulin","floor":13.0,"turns":5.0},{"damage":22.0,"enemies":"Blue Slaver","floor":15.0,"turns":4.0},{"damage":41.0,"enemies":"SI_SHIV_ARCHETYPE","floor":16.0,"turns":5.0},{"damage":8.0,"enemies":"Shell Parasite","floor":19.0,"turns":7.0},{"damage":1.0,"enemies":"downfall:FleeingMerchant","floor":20.0,"turns":4.0},{"damage":35.0,"enemies":"3 Byrds","floor":21.0,"turns":4.0},{"damage":31.0,"enemies":"Book of Stabbing","floor":23.0,"turns":6.0},{"damage":39.0,"enemies":"Cultist and Chosen","floor":25.0,"turns":6.0},{"damage":14.0,"enemies":"downfall:FleeingMerchant","floor":28.0,"turns":4.0},{"damage":35.0,"enemies":"Masked Bandits","floor":29.0,"turns":7.0},{"damage":20.0,"enemies":"downfall:FleeingMerchant","floor":31.0,"turns":3.0},{"damage":7.0,"enemies":"Shelled Parasite and Fungi","floor":32.0,"turns":5.0},{"damage":65.0,"enemies":"IC_MUSHROOM_ARCHETYPE","floor":33.0,"turns":9.0},{"damage":8,"enemies":"Orb Walker","floor":36,"turns":3},{"damage":17,"enemies":"3 Shapes","floor":37,"turns":6},{"damage":1,"enemies":"Writhing Mass","floor":39,"turns":6},{"damage":36,"enemies":"4 Shapes","floor":40,"turns":7},{"damage":3,"enemies":"Jaw Worm Horde","floor":42,"turns":5},{"damage":20,"enemies":"Reptomancer","floor":43,"turns":7},{"damage":22,"enemies":"Maw","floor":46,"turns":7},{"damage":22,"enemies":"4 Shapes","floor":47,"turns":5},{"damage":16,"enemies":"Transient","floor":48,"turns":5},{"damage":0,"enemies":"Sphere and 2 Shapes","floor":49,"turns":5},{"damage":108,"enemies":"WA_ARCHETYPE_DIVINITY","floor":50,"turns":7}],"seed_played":"-415262907778736445","potions_obtained":[{"floor":2.0,"key":"Energy Potion"},{"floor":11.0,"key":"PowerPotion"},{"floor":16.0,"key":"bronze:BurnAndBuffPotion"},{"floor":19.0,"key":"Ancient Potion"},{"floor":23.0,"key":"Fire Potion"},{"floor":29.0,"key":"PowerPotion"},{"floor":33.0,"key":"CultistPotion"},{"floor":36,"key":"SteroidPotion"},{"floor":40,"key":"LiquidMemories"},{"floor":43,"key":"sneckomod:MuddlingPotion"},{"floor":49,"key":"PowerPotion"}],"is_trial":false,"path_per_floor":["R","M","$","M","?","R","T","M","R","$","E","M","E","?","M","B",null,"R","M","$","M","?","E","T","M","?","R","$","?","?","$","M","B",null,"R","M","M","?","M","M","T","M","E","R","$","M","M","M","M","B"],"character_chosen":"SLIMEBOUND","items_purchased":["Pantograph","PreservedInsect"],"campfire_rested":0,"item_purchase_floors":[20,31],"current_hp_per_floor":[71,70,70,71,71,71,71,71,71,68,66,69,65,65,60,67,71,71,71,71,71,71,50,50,38,66,66,66,54,54,49,64,37,71,71,69,70,70,70,56,56,68,57,67,67,81,81,81,81,0,0,0],"gold":150,"neow_bonus":"TEN_PERCENT_HP_BONUS","is_daily":false,"chose_seed":false,"campfire_upgraded":6,"win_rate":0.0,"timestamp":1613373547,"path_taken":["R","M","$","M","?","R","T","?","R","$","E","M","E","?","M","BOSS","R","M","$","M","?","E","T","M","?","R","$","?","?","?","M","BOSS","R","?","M","?","?","M","T","M","E","R","$","M","M","?","M","BOSS"],"items_purchased_type":["Relic","Relic"],"build_version":"2020-12-22","purchased_purges":2,"victory":false,"max_hp_per_floor":[71,71,71,71,71,71,71,71,71,71,71,71,71,71,71,71,71,71,71,71,71,71,71,71,71,71,71,71,71,71,71,71,71,71,71,71,71,71,71,71,71,71,71,81,81,81,81,81,81,81,81,81],"card_choices":[{"not_picked":["Slimebound:DisruptingSlam","Slimebound:TongueLash"],"picked":"Slimebound:Prepare","floor":2.0},{"not_picked":["Slimebound:FormOfPuddle","Slimebound:FinishingTackle"],"picked":"Slimebound:LivingWall","floor":3.0},{"not_picked":["Slimebound:LivingWall","Slimebound:LeechEnergy"],"picked":"Slimebound:AcidTongue","floor":4.0},{"not_picked":["Slimebound:SplitMire","Slimebound:GoopTackle","Slimebound:SplitAcid"],"picked":"SKIP","floor":8.0},{"not_picked":["Slimebound:ItLooksTasty","Slimebound:Dissolve"],"picked":"Slimebound:TagTeam","floor":10.0},{"not_picked":["Slimebound:ItLooksTasty","Slimebound:LivingWall"],"picked":"Slimebound:LeadByExample","floor":11.0},{"not_picked":["Slimebound:RollThrough","Slimebound:ProtectTheBoss","Slimebound:Replication"],"picked":"SKIP","floor":12.0},{"not_picked":["Slimebound:SplitLeeching","Slimebound:ServeAndProtect"],"picked":"Slimebound:DuplicatedForm","floor":13.0},{"not_picked":["Slimebound:FormOfPuddle","Slimebound:SlimeSpikes"],"picked":"Slimebound:Equalize","floor":15.0},{"not_picked":["Slimebound:Teamwork","Slimebound:MassFeed"],"picked":"Slimebound:SlimeSlap","floor":16.0},{"not_picked":["Slimebound:HauntingLick+1","Slimebound:Chomp+1"],"picked":"Slimebound:SamplingLick+1","floor":19.0},{"not_picked":["Slimebound:ProtectTheBoss","Slimebound:Schlurp","Slimebound:Nibble"],"picked":"SKIP","floor":20.0},{"not_picked":["Slimebound:FinishingTackle","Slimebound:PressTheAttack"],"picked":"Slimebound:LeechEnergy+1","floor":21.0},{"not_picked":["Slimebound:LeechEnergy+1","Slimebound:Equalize"],"picked":"Slimebound:HauntingLick","floor":23.0},{"not_picked":["Slimebound:SplitMire","Slimebound:Schlurp","Slimebound:ItLooksTasty"],"picked":"SKIP","floor":25.0},{"not_picked":["Slimebound:SlimeSpikes","Slimebound:ProtectTheBoss","Slimebound:PressTheAttack"],"picked":"SKIP","floor":28.0},{"not_picked":["Slimebound:SamplingLick","Slimebound:Replication+1"],"picked":"Slimebound:MegaLick+1","floor":31.0},{"not_picked":["Slimebound:Schlurp","Slimebound:SplitLeeching"],"picked":"Slimebound:OozeBath","floor":32.0},{"not_picked":["Slimebound:CheckThePlaybook","Slimebound:DuplicatedForm"],"picked":"Slimebound:WasteNot","floor":33.0},{"not_picked":["Slimebound:LeadByExample+1","Slimebound:LeechingTouch"],"picked":"Slimebound:SpikyOuterGoop+1","floor":36},{"not_picked":["Slimebound:SplitLeeching+1","Slimebound:PressTheAttack+1","Slimebound:Prepare"],"picked":"SKIP","floor":37},{"not_picked":["Slimebound:SplitLeeching","Slimebound:GrowthPunch+1"],"picked":"Slimebound:SlimeSpikes","floor":39},{"not_picked":["Slimebound:ItLooksTasty+1","Slimebound:ComboTackle+1"],"picked":"Slimebound:RejuvenatingLick","floor":40},{"not_picked":["Slimebound:LeechEnergy+1","Slimebound:SplitBruiser+1"],"picked":"Slimebound:MegaLick+1","floor":42},{"not_picked":["Slimebound:SplitAcid+1","Slimebound:SlimeBrawl+1"],"picked":"Slimebound:SamplingLick+1","floor":43},{"not_picked":["Slimebound:SlimeSpikes","Slimebound:HauntingLick+1"],"picked":"Slimebound:Grow","floor":46},{"not_picked":["Slimebound:GoopTackle+1","Slimebound:Chomp"],"picked":"Slimebound:LeechLife","floor":47},{"not_picked":["Slimebound:Chomp","Slimebound:PressTheAttack","Slimebound:Nibble"],"picked":"SKIP","floor":48},{"not_picked":["Slimebound:GrowthPunch","Slimebound:ComboTackle+1"],"picked":"Slimebound:ViciousTackle+1","floor":49}],"player_experience":38416,"relics_obtained":[{"floor":7.0,"key":"Nunchaku"},{"floor":11.0,"key":"Lantern"},{"floor":13.0,"key":"Bottled Lightning"},{"floor":23.0,"key":"CaptainsWheel"},{"floor":24.0,"key":"Omamori"},{"floor":29.0,"key":"Red Mask"},{"floor":43,"key":"Bag of Preparation"}],"event_choices":[{"damage_healed":0.0,"max_hp_gain":0.0,"max_hp_loss":0.0,"gold_gain":0.0,"event_name":"NoteForYourself","player_choice":"Ignored","floor":14.0,"gold_loss":0.0,"damage_taken":0.0},{"damage_healed":0.0,"max_hp_gain":0.0,"max_hp_loss":0.0,"gold_gain":0.0,"event_name":"Ghosts","player_choice":"Ignored","floor":22.0,"gold_loss":0.0,"damage_taken":0.0},{"damage_healed":0.0,"max_hp_gain":0.0,"max_hp_loss":0.0,"gold_gain":0.0,"event_name":"Masked Bandits","player_choice":"Fought Bandits","floor":29.0,"gold_loss":0.0,"damage_taken":0.0},{"damage_healed":0.0,"max_hp_gain":0.0,"max_hp_loss":0.0,"gold_gain":0.0,"event_name":"Vampires","player_choice":"Ignored","floor":30.0,"gold_loss":0.0,"damage_taken":0.0}],"is_beta":false,"boss_relics":[{"not_picked":["bronze:MakeshiftBattery","Black Star"],"picked":"Slimebound:AbsorbEndCombatUpgraded"},{"not_picked":["Runic Pyramid","Astrolabe"],"picked":"Slimebound:TarBlob"}],"items_purged_floors":[3,31],"is_endless":false,"potions_floor_spawned":[2,11,16,19,23,29,33,36,37,40,43,49],"killed_by":"WA_ARCHETYPE_DIVINITY","ascension_level":0}}