{"host":"bpnwh7vpv9k3tssc","time":1613394038,"event":{"mods":["BaseMod","Colored Map","Colored Powertips","Curses Come First","Highlight Path","Minty Spire (QoL Compilation)","Quick Restart","Random Character Button","Relic Sorter","StSLib"],"gold_per_floor":[110,126,126,49,61,61,94,94,94,107,119,144,144,157,157,234,234,246,246,256,256,256],"floor_reached":21,"language":"ENG","playtime":766,"items_purged":[],"score":389,"play_id":"545b94fa-665d-45f2-8256-fed52cf76f70","local_time":"20210215140038","is_ascension_mode":true,"campfire_choices":[{"data":"Whirlwind","floor":6,"key":"SMITH"},{"floor":13,"key":"REST"},{"floor":15,"key":"REST"}],"circlet_count":0,"master_deck":["AscendersBane","Strike_R","Strike_R","Strike_R","Strike_R","Strike_R","Defend_R","Defend_R","Defend_R","Defend_R","Bash","Flex","Burning Pact","Warcry","Whirlwind+1","True Grit","Barricade+1","Power Through","Double Tap","Shrug It Off","Exhume","Armaments","Dual Wield"],"relics":["Black Star","Mango","Toy Ornithopter","Bottled Flame","Regal Pillow","Bottled Lightning","Cursed Key","Nilry\u0027s Codex"],"acts_visited":["Exordium","TheCity"],"potions_floor_usage":[7,7,12,16,21],"damage_taken":[{"damage":18,"enemies":"Jaw Worm","floor":1,"turns":4},{"damage":1,"enemies":"Cultist","floor":2,"turns":3},{"damage":9,"enemies":"2 Louse","floor":5,"turns":3},{"damage":0,"enemies":"Lagavulin","floor":7,"turns":1},{"damage":22,"enemies":"Looter","floor":10,"turns":4},{"damage":10,"enemies":"2 Fungi Beasts","floor":11,"turns":3},{"damage":25,"enemies":"3 Sentries","floor":12,"turns":5},{"damage":20,"enemies":"Blue Slaver","floor":14,"turns":6},{"damage":59,"enemies":"The Guardian","floor":16,"turns":16},{"damage":0,"enemies":"Spheric Guardian","floor":18,"turns":1},{"damage":0,"enemies":"3 Byrds","floor":20,"turns":1},{"damage":53,"enemies":"Snake Plant","floor":21,"turns":5}],"seed_played":"-6233687523061110700","potions_obtained":[{"floor":1,"key":"DuplicationPotion"},{"floor":2,"key":"ColorlessPotion"},{"floor":5,"key":"DistilledChaos"},{"floor":10,"key":"BlessingOfTheForge"},{"floor":12,"key":"Weak Potion"},{"floor":18,"key":"ColorlessPotion"}],"is_trial":false,"path_per_floor":["M","M","?","$","M","R","E","?","T","M","M","E","R","M","R","B",null,"M","?","M","M"],"character_chosen":"IRONCLAD","items_purchased":["Whirlwind"],"campfire_rested":2,"item_purchase_floors":[4],"current_hp_per_floor":[50,49,49,49,40,40,54,54,54,32,22,2,43,23,64,10,69,69,48,48,0,0],"gold":256,"neow_bonus":"BOSS_RELIC","is_daily":false,"chose_seed":false,"campfire_upgraded":1,"win_rate":0.0,"timestamp":1613394038,"path_taken":["M","M","?","?","M","R","E","?","T","M","M","E","R","M","R","BOSS","M","?","M","M"],"items_purchased_type":["Card"],"build_version":"2020-12-22","purchased_purges":0,"victory":false,"max_hp_per_floor":[75,75,75,75,75,75,89,89,89,89,89,89,89,89,89,89,89,89,89,89,89,89],"card_choices":[{"not_picked":["Battle Trance","Dual Wield"],"picked":"Flex","floor":1},{"not_picked":["Rage","Anger"],"picked":"Burning Pact","floor":2},{"not_picked":["Feel No Pain","Anger"],"picked":"True Grit","floor":5},{"not_picked":["Disarm","Thunderclap"],"picked":"Barricade","floor":7},{"not_picked":["Dual Wield","Sword Boomerang"],"picked":"Power Through","floor":10},{"not_picked":["Havoc","Blood for Blood","Pommel Strike"],"picked":"SKIP","floor":11},{"not_picked":["Combust","Sword Boomerang"],"picked":"Double Tap","floor":12},{"not_picked":["Clothesline","Sword Boomerang"],"picked":"Shrug It Off","floor":14},{"not_picked":["Immolate","Fiend Fire"],"picked":"Exhume","floor":16},{"not_picked":["Perfected Strike","Havoc"],"picked":"Armaments","floor":18},{"not_picked":["Havoc+1","Metallicize"],"picked":"Dual Wield","floor":20}],"player_experience":394486,"relics_obtained":[{"floor":7,"key":"Mango"},{"floor":7,"key":"Toy Ornithopter"},{"floor":9,"key":"Bottled Flame"},{"floor":12,"key":"Regal Pillow"},{"floor":12,"key":"Bottled Lightning"},{"floor":19,"key":"Nilry\u0027s Codex"}],"event_choices":[{"damage_healed":0,"gold_gain":0,"player_choice":"1 cards matched","damage_taken":0,"max_hp_gain":0,"max_hp_loss":0,"event_name":"Match and Keep!","floor":3,"gold_loss":0,"cards_obtained":["Warcry"]},{"damage_healed":0,"gold_gain":0,"player_choice":"Grow","damage_taken":0,"max_hp_gain":0,"max_hp_loss":0,"event_name":"Living Wall","floor":8,"gold_loss":0,"cards_upgraded":["Barricade"]},{"damage_healed":0,"gold_gain":0,"player_choice":"Obtained Book","damage_taken":21,"max_hp_gain":0,"max_hp_loss":0,"event_name":"Cursed Tome","floor":19,"gold_loss":0}],"is_beta":false,"boss_relics":[{"not_picked":["Pandora\u0027s Box","Runic Cube"],"picked":"Cursed Key"}],"items_purged_floors":[],"is_endless":false,"potions_floor_spawned":[1,2,5,10,12,18],"killed_by":"Snake Plant","ascension_level":16}}