{"host":"y0i0tbisecj7yjyn","time":1613366921,"event":{"mods":["AchievementEnabler","AlwaysNeverKeys","BaseMod","BetterRewards","Colored Map","Colored Powertips","Curses Come First","Disable Question Mark Monsters","Displayed Cursed Tome","Highlight Path","Keyboard Shortcuts","Minty Spire (QoL Compilation)","Quick Restart","Random Character Button","Rare Cards Sparkle","StSLib","SuperFastMode","Transform Curses","Weighted Paths"],"gold_per_floor":[113,131,149,167,7,35,46,74,74,74,99,119,119,129,129,225,225,242,242,258,258,291,324,335,347,347,347,376,74,92,92,92,197,197,211,211,221,443,443,443],"floor_reached":39,"language":"ENG","playtime":1941,"items_purged":[],"score":537,"play_id":"cabd7b46-735b-489e-b057-de9119e2b692","local_time":"20210214232841","is_ascension_mode":true,"campfire_choices":[{"data":"Armaments","floor":13.0,"key":"SMITH"},{"data":"Armaments","floor":15.0,"key":"SMITH"},{"data":"Spot Weakness","floor":32.0,"key":"SMITH"}],"circlet_count":0,"master_deck":["Defend_R+1","Defend_R+1","Defend_R+1","Defend_R+1","Bash","Cleave","Flex","Cleave","Anger","Reaper","Bandage Up","Iron Wave","Armaments+1","Armaments+1","Cleave","Inflame","Anger","Reaper","Bite","Bite","Bite","Bite","Bite","Spot Weakness+1","Whirlwind+1","Havoc+1","Whirlwind","Doubt","Sword Boomerang+1","Iron Wave+1","Juggernaut","Sword Boomerang+1","Enlightenment","Cleave+1"],"relics":["Burning Blood","Centennial Puzzle","Pocketwatch","Darkstone Periapt","Potion Belt","Bronze Scales","Cursed Key","Red Mask","Blue Candle","Bottled Tornado","Molten Egg 2","Chemical X","Pen Nib","MutagenicStrength","Velvet Choker"],"acts_visited":["Exordium","TheCity","TheBeyond"],"potions_floor_usage":[39],"damage_taken":[{"damage":0.0,"enemies":"Cultist","floor":1.0,"turns":4.0},{"damage":7.0,"enemies":"2 Louse","floor":2.0,"turns":2.0},{"damage":12.0,"enemies":"Jaw Worm","floor":3.0,"turns":2.0},{"damage":0.0,"enemies":"2 Fungi Beasts","floor":4.0,"turns":2.0},{"damage":26.0,"enemies":"3 Sentries","floor":6.0,"turns":6.0},{"damage":24.0,"enemies":"Blue Slaver","floor":7.0,"turns":4.0},{"damage":31.0,"enemies":"Lagavulin","floor":8.0,"turns":5.0},{"damage":15.0,"enemies":"Gremlin Nob","floor":11.0,"turns":4.0},{"damage":0.0,"enemies":"Large Slime","floor":12.0,"turns":4.0},{"damage":5.0,"enemies":"3 Louse","floor":14.0,"turns":3.0},{"damage":41.0,"enemies":"Hexaghost","floor":16.0,"turns":7.0},{"damage":1.0,"enemies":"3 Byrds","floor":18.0,"turns":3.0},{"damage":17.0,"enemies":"2 Thieves","floor":20.0,"turns":2.0},{"damage":0.0,"enemies":"Masked Bandits","floor":22.0,"turns":3.0},{"damage":38.0,"enemies":"Book of Stabbing","floor":23.0,"turns":5.0},{"damage":27.0,"enemies":"Snecko","floor":24.0,"turns":4.0},{"damage":14.0,"enemies":"Shelled Parasite and Fungi","floor":25.0,"turns":2.0},{"damage":3.0,"enemies":"Slavers","floor":28.0,"turns":2.0},{"damage":10.0,"enemies":"Snake Plant","floor":30.0,"turns":3.0},{"damage":57.0,"enemies":"Collector","floor":33.0,"turns":7.0},{"damage":0,"enemies":"3 Shapes","floor":35,"turns":1},{"damage":20,"enemies":"3 Darklings","floor":37,"turns":2},{"damage":65,"enemies":"Spire Growth","floor":39,"turns":3}],"seed_played":"-8808389924885935792","potions_obtained":[{"floor":4.0,"key":"FearPotion"},{"floor":8.0,"key":"AttackPotion"},{"floor":12.0,"key":"DistilledChaos"},{"floor":14.0,"key":"Regen Potion"},{"floor":16.0,"key":"Energy Potion"},{"floor":22.0,"key":"SneckoOil"},{"floor":23.0,"key":"PowerPotion"},{"floor":25.0,"key":"Weak Potion"},{"floor":30.0,"key":"SpeedPotion"},{"floor":35,"key":"Explosive Potion"}],"is_trial":false,"path_per_floor":["M","M","M","M","$","E","M","E","T","$","E","M","R","M","R","B",null,"M","?","M","?","?","E","M","M","T","?","E","$","M","?","R","B",null,"M","?","M","?","M"],"character_chosen":"IRONCLAD","items_purchased":["Reaper","Bandage Up","Chemical X","Pen Nib"],"campfire_rested":0,"item_purchase_floors":[5,5,29,29],"current_hp_per_floor":[80,79,73,79,79,77,69,48,48,48,48,62,62,67,67,50,80,80,56,51,51,56,46,35,35,41,41,44,44,44,44,44,38,62,62,62,48,48,0,0],"gold":443,"neow_bonus":"RANDOM_COMMON_RELIC","is_daily":false,"chose_seed":false,"campfire_upgraded":3,"win_rate":0.0,"timestamp":1613366921,"path_taken":["M","M","M","M","$","E","M","E","T","?","E","?","R","M","R","BOSS","M","?","M","?","?","E","M","M","T","?","E","$","?","?","R","BOSS","M","?","M","?","M"],"items_purchased_type":["Card","Card","Relic","Relic"],"build_version":"2020-12-22","purchased_purges":0,"victory":false,"max_hp_per_floor":[80,80,80,80,80,80,80,80,80,80,80,80,80,80,80,80,80,80,56,56,56,56,56,56,56,62,62,62,62,62,62,62,62,62,62,62,62,62,62,62],"card_choices":[{"not_picked":["Clash","Wild Strike"],"picked":"Cleave","floor":1.0},{"not_picked":["Dropkick","Twin Strike"],"picked":"Flex","floor":2.0},{"not_picked":["Shrug It Off","Iron Wave"],"picked":"Cleave","floor":3.0},{"not_picked":["Evolve","Rupture"],"picked":"Anger","floor":4.0},{"not_picked":["Heavy Blade","Body Slam"],"picked":"Iron Wave","floor":6.0},{"not_picked":["Anger","Havoc"],"picked":"Armaments","floor":7.0},{"not_picked":["Perfected Strike","Hemokinesis"],"picked":"Armaments","floor":8.0},{"not_picked":["Armaments","Warcry"],"picked":"Cleave","floor":11.0},{"not_picked":["Demon Form","Twin Strike"],"picked":"Inflame","floor":12.0},{"not_picked":["Sword Boomerang","Heavy Blade"],"picked":"Anger","floor":14.0},{"not_picked":["Offering","Corruption"],"picked":"Reaper","floor":16.0},{"not_picked":["Warcry","Havoc+1","Armaments"],"picked":"SKIP","floor":18.0},{"not_picked":["Infernal Blade","Burning Pact"],"picked":"Spot Weakness","floor":20.0},{"not_picked":["Barricade","Dropkick"],"picked":"Whirlwind+1","floor":23.0},{"not_picked":["Shrug It Off","Entrench"],"picked":"Havoc+1","floor":24.0},{"not_picked":["Warcry+1","Battle Trance"],"picked":"Whirlwind","floor":25.0},{"not_picked":["Reaper+1","Iron Wave+1"],"picked":"Sword Boomerang+1","floor":28.0},{"not_picked":["Clash+1","Heavy Blade+1"],"picked":"Iron Wave+1","floor":30.0},{"not_picked":["Exhume","Fiend Fire+1"],"picked":"Juggernaut","floor":33.0},{"not_picked":["Shockwave+1","Heavy Blade+1"],"picked":"Sword Boomerang+1","floor":35},{"not_picked":["Swift Strike+1","The Bomb"],"picked":"Enlightenment","floor":36},{"not_picked":["Thunderclap+1","Clothesline+1"],"picked":"Cleave+1","floor":37}],"player_experience":461433,"relics_obtained":[{"floor":6.0,"key":"Pocketwatch"},{"floor":8.0,"key":"Darkstone Periapt"},{"floor":9.0,"key":"Potion Belt"},{"floor":11.0,"key":"Bronze Scales"},{"floor":22.0,"key":"Red Mask"},{"floor":23.0,"key":"Blue Candle"},{"floor":26.0,"key":"Bottled Tornado"},{"floor":28.0,"key":"Molten Egg 2"}],"event_choices":[{"damage_healed":0.0,"max_hp_gain":0.0,"max_hp_loss":24.0,"gold_gain":0.0,"event_name":"Vampires","player_choice":"Became a vampire","floor":19.0,"gold_loss":0.0,"damage_taken":0.0,"cards_obtained":["Bite","Bite","Bite","Bite","Bite"]},{"damage_healed":0.0,"max_hp_gain":0.0,"max_hp_loss":0.0,"gold_gain":0.0,"event_name":"Back to Basics","player_choice":"Simplicity","floor":21.0,"gold_loss":0.0,"damage_taken":0.0,"cards_upgraded":["Defend_R","Defend_R","Defend_R","Defend_R"]},{"damage_healed":0.0,"max_hp_gain":0.0,"max_hp_loss":0.0,"gold_gain":0.0,"event_name":"Masked Bandits","player_choice":"Fought Bandits","floor":22.0,"gold_loss":0.0,"damage_taken":0.0},{"damage_healed":0.0,"max_hp_gain":0.0,"max_hp_loss":0.0,"gold_gain":0.0,"event_name":"Ghosts","player_choice":"Ignored","floor":27.0,"gold_loss":0.0,"damage_taken":0.0},{"damage_healed":0.0,"max_hp_gain":0.0,"max_hp_loss":0.0,"gold_gain":0.0,"event_name":"Drug Dealer","player_choice":"Inject Mutagens","floor":31.0,"gold_loss":0.0,"damage_taken":0.0,"relics_obtained":["MutagenicStrength"]},{"damage_healed":0,"gold_gain":0,"player_choice":"Memory 1","damage_taken":0,"max_hp_gain":0,"max_hp_loss":0,"event_name":"SensoryStone","floor":36,"gold_loss":0},{"damage_healed":0,"gold_gain":222,"player_choice":"Wore Mask","damage_taken":0,"max_hp_gain":0,"max_hp_loss":0,"event_name":"Tomb of Lord Red Mask","floor":38,"gold_loss":0}],"is_beta":false,"boss_relics":[{"not_picked":["Runic Pyramid","Coffee Dripper"],"picked":"Cursed Key"},{"not_picked":["Philosopher\u0027s Stone","Pandora\u0027s Box"],"picked":"Velvet Choker"}],"items_purged_floors":[],"is_endless":false,"potions_floor_spawned":[4,8,12,14,16,22,23,25,30,35],"killed_by":"Spire Growth","ascension_level":2}}