{"host":"1y3caoxlf2txzqg0","time":1613426931,"event":{"mods":["Alarm Clock","BaseMod","Colored Map","DeckTracker","Downfall","GifTheSpireLib","Minty Spire (QoL Compilation)","Rare Cards Sparkle","Relic Stats","Spire Birthday Party","StSLib"],"gold_per_floor":[99,118,138,150,0,33,33,33,33,46,46,62,62,91,104,206,206,6,19,29,14,30,48,48,64,97,97,59,59,86,102,112,214,214,114,129,38,138,157,191,191,209,536,536,569,569,619,619,633,633,633,659,250,250,250,250],"floor_reached":57,"language":"DEU","playtime":14227,"items_purged":[],"score":1396,"play_id":"41f04f51-bd26-4bb6-b670-56795b2055d5","local_time":"20210215230851","is_ascension_mode":true,"campfire_choices":[{"floor":1.0,"key":"RECALL"},{"data":"Guardian:Orbwalk","floor":8.0,"key":"SMITH"},{"floor":11.0,"key":"REST"},{"data":"Guardian:SentryBeam","floor":13.0,"key":"SMITH"},{"data":"Guardian:CompilePackage","floor":18.0,"key":"SMITH"},{"floor":29.0,"key":"REST"},{"floor":35.0,"key":"REST"},{"floor":44.0,"key":"REST"},{"floor":46.0,"key":"REST"},{"data":"Guardian:Defend_Guardian","floor":54,"key":"PURGE"}],"circlet_count":0,"master_deck":["Guardian:Strike_Guardian","Guardian:Strike_Guardian","Guardian:Strike_Guardian","Guardian:Strike_Guardian","Guardian:Defend_Guardian","Guardian:Defend_Guardian","Guardian:Defend_Guardian","Guardian:CurlUp","Guardian:TwinSlam","Guardian:SentryBeam+1","Guardian:ShieldSpikes","Guardian:Orbwalk+1","Guardian:TemporalStrike","Guardian:WalkerClaw","Guardian:ShieldCharger","Guardian:Recover","Guardian:CompilePackage+1","Guardian:Planning","Guardian:TemporalStrike","Guardian:VentSteam","Guardian:FloatingOrbs","Guardian:BaubleBeam","Guardian:Recover","Guardian:TemporalStrike","Guardian:HyperBeam_Guardian","Guardian:GemFinder","expansioncontent:StudyTheSpire","Guardian:RollAttack","Guardian:ChargeCore+1","Guardian:PiercingHide+1","Guardian:Gem_Green","Guardian:TemporalShield+1","Guardian:Clone+1","Guardian:Gem_Red","Guardian:BodySlam","Guardian:Gem_Red","Guardian:FuturePlans+1","Guardian:ShieldCharger","expansioncontent:DashGenerateEvil"],"relics":["Guardian:ModeShifter","Slimebound:PreparedRelic","downfall:ShatteredFragment","Art of War","Busted Crown","downfall:HeartBlessingBlue","downfall:HeartBlessingGreen","Question Card","Kunai","Enchiridion","White Beast Statue","Fusion Hammer","downfall:HeartBlessingRed","Eternal Feather","Shuriken","Blue Candle","Old Coin","Toy Ornithopter","Peace Pipe","Bottled Lightning","Bag of Marbles","Membership Card","Lizard Tail"],"acts_visited":["Exordium","TheCity","TheBeyond","TheEnding"],"potions_floor_usage":[52,56],"damage_taken":[{"damage":0.0,"enemies":"Small Slimes","floor":2.0,"turns":3.0},{"damage":5.0,"enemies":"Jaw Worm","floor":3.0,"turns":5.0},{"damage":1.0,"enemies":"Cultist","floor":4.0,"turns":4.0},{"damage":5.0,"enemies":"downfall:FleeingMerchant","floor":5.0,"turns":4.0},{"damage":7.0,"enemies":"Gremlin Nob","floor":6.0,"turns":6.0},{"damage":0.0,"enemies":"Large Slime","floor":10.0,"turns":3.0},{"damage":0.0,"enemies":"downfall:LooterAlt","floor":12.0,"turns":3.0},{"damage":10.0,"enemies":"Lagavulin","floor":14.0,"turns":5.0},{"damage":0.0,"enemies":"Exordium Wildlife","floor":15.0,"turns":4.0},{"damage":21.0,"enemies":"DF_ARCHETYPE_STREAMLINE","floor":16.0,"turns":9.0},{"damage":0.0,"enemies":"3 Byrds","floor":19.0,"turns":5.0},{"damage":0.0,"enemies":"Spheric Guardian","floor":20.0,"turns":4.0},{"damage":8.0,"enemies":"downfall:FleeingMerchant","floor":21.0,"turns":4.0},{"damage":0.0,"enemies":"Chosen and Byrds","floor":22.0,"turns":7.0},{"damage":9.0,"enemies":"Snecko","floor":23.0,"turns":5.0},{"damage":17.0,"enemies":"Snake Plant","floor":25.0,"turns":4.0},{"damage":22.0,"enemies":"Gremlin Leader","floor":26.0,"turns":9.0},{"damage":0.0,"enemies":"downfall:FleeingMerchant","floor":28.0,"turns":4.0},{"damage":8.0,"enemies":"Book of Stabbing","floor":30.0,"turns":4.0},{"damage":2.0,"enemies":"Shelled Parasite and Fungi","floor":31.0,"turns":5.0},{"damage":0.0,"enemies":"Chosen and Byrds","floor":32.0,"turns":5.0},{"damage":17.0,"enemies":"IC_MUSHROOM_ARCHETYPE","floor":33.0,"turns":8.0},{"damage":10.0,"enemies":"3 Darklings","floor":36.0,"turns":4.0},{"damage":0.0,"enemies":"downfall:FleeingMerchant","floor":37.0,"turns":3.0},{"damage":5.0,"enemies":"3 Shapes","floor":39.0,"turns":4.0},{"damage":20.0,"enemies":"Giant Head","floor":40.0,"turns":9.0},{"damage":0.0,"enemies":"Jaw Worm Horde","floor":42.0,"turns":2.0},{"damage":14.0,"enemies":"Reptomancer","floor":43.0,"turns":6.0},{"damage":0.0,"enemies":"Giant Head","floor":45.0,"turns":6.0},{"damage":0.0,"floor":47.0,"turns":4.0},{"damage":0.0,"enemies":"Spire Growth","floor":49.0,"turns":5.0},{"damage":13.0,"enemies":"SI_POISON_ARCHETYPE","floor":50.0,"turns":7.0},{"damage":11,"enemies":"downfall:CharBossMerchant","floor":52,"turns":6},{"damage":37,"enemies":"downfall:NeowBoss","floor":55,"turns":13},{"damage":43,"enemies":"downfall:NeowBossFinal","floor":56,"turns":10}],"seed_played":"-4914022078949628673","potions_obtained":[{"floor":0.0,"key":"FairyPotion"},{"floor":0.0,"key":"bronze:BurnAndBuffPotion"},{"floor":0.0,"key":"Guardian:DefensiveModePotion"},{"floor":4.0,"key":"Slimebound:ThreeZeroPotion"},{"floor":14.0,"key":"Guardian:DefensiveModePotion"},{"floor":23.0,"key":"SmokeBomb"},{"floor":25.0,"key":"LiquidMemories"},{"floor":30.0,"key":"AttackPotion"},{"floor":32.0,"key":"sneckomod:MuddlingPotion"},{"floor":33.0,"key":"DistilledChaos"},{"floor":36.0,"key":"Dexterity Potion"},{"floor":37.0,"key":"Ancient Potion"},{"floor":39.0,"key":"ColorlessPotion"},{"floor":40.0,"key":"LiquidBronze"},{"floor":42.0,"key":"BlessingOfTheForge"},{"floor":43.0,"key":"hexamod:SoulburnPotion"},{"floor":45.0,"key":"Guardian:DefensiveModePotion"},{"floor":52,"key":"SmokeBomb"}],"is_trial":false,"path_per_floor":["R","M","M","M","$","E","T","R","?","M","R","M","R","E","M","B",null,"R","M","M","$","M","M","T","M","E","?","$","R","E","M","M","B",null,"R","M","$","?","M","E","T","M","E","R","E","R","?","?","M","B",null,"E","$","R","B","B",null],"character_chosen":"GUARDIAN","items_purchased":["Guardian:Orbwalk","Guardian:TemporalStrike","Guardian:WalkerClaw","Guardian:Gem_Cyan","expansioncontent:StudyTheSpire","Guardian:RollAttack","Eternal Feather","Membership Card","Lizard Tail","Guardian:ShieldCharger","expansioncontent:DashGenerateEvil"],"campfire_rested":5,"item_purchase_floors":[5,5,5,28,37,37,37,53,53,53,53],"current_hp_per_floor":[80,80,75,74,69,62,62,62,38,38,62,62,62,52,52,31,80,90,90,90,82,82,73,73,56,34,18,18,45,37,35,35,18,90,90,80,80,80,75,55,55,55,41,89,89,90,90,90,90,77,90,84,84,90,53,15],"gold":250,"neow_bonus":"THREE_SMALL_POTIONS","is_daily":false,"chose_seed":false,"campfire_upgraded":3,"win_rate":0.0,"timestamp":1613426931,"path_taken":["R","M","M","M","$","E","T","R","?","M","R","M","R","E","M","BOSS","R","M","M","$","M","M","T","M","E","?","$","R","E","M","M","BOSS","R","M","$","?","M","E","T","?","E","R","E","R","?","?","M","BOSS","E","$","R","BOSS","BOSS"],"items_purchased_type":["Card","Card","Card","Card","Card","Card","Relic","Relic","Relic","Card","Card"],"build_version":"2020-12-22","purchased_purges":0,"victory":true,"max_hp_per_floor":[80,80,80,80,80,80,80,80,80,80,80,80,80,80,80,80,80,90,90,90,90,90,90,90,90,90,90,90,90,90,90,90,90,90,90,90,90,90,90,90,90,90,90,90,90,90,90,90,90,90,90,90,90,90,90,90],"relic_stats":{"Peace Pipe":1,"Lizard Tail":0,"Busted Crown":60,"counters":[35,189],"Shuriken":[51],"Blue Candle":[6],"Eternal Feather":28,"Art of War":[1],"Kunai":[91],"Question Card":25,"obtain_stats":[{"downfall:ShatteredFragment":9,"downfall:HeartBlessingRed":35,"Blue Candle":41,"Guardian:ModeShifter":0,"Enchiridion":27,"downfall:HeartBlessingGreen":18,"Eternal Feather":37,"Question Card":24,"White Beast Statue":30,"Old Coin":43,"Peace Pipe":47,"Lizard Tail":53,"Busted Crown":17,"downfall:HeartBlessingBlue":18,"Shuriken":40,"Slimebound:PreparedRelic":6,"Fusion Hammer":34,"Art of War":14,"Bag of Marbles":52,"Kunai":26,"Bottled Lightning":48,"Membership Card":53,"Toy Ornithopter":45},{"downfall:ShatteredFragment":5,"downfall:HeartBlessingRed":22,"Blue Candle":26,"Guardian:ModeShifter":0,"Enchiridion":17,"downfall:HeartBlessingGreen":10,"Eternal Feather":24,"Question Card":15,"White Beast Statue":19,"Old Coin":28,"Peace Pipe":30,"Lizard Tail":33,"Busted Crown":10,"downfall:HeartBlessingBlue":10,"Shuriken":26,"Slimebound:PreparedRelic":5,"Fusion Hammer":22,"Art of War":8,"Bag of Marbles":33,"Kunai":17,"Bottled Lightning":30,"Membership Card":33,"Toy Ornithopter":29},{"downfall:ShatteredFragment":22,"downfall:HeartBlessingRed":110,"Blue Candle":130,"Guardian:ModeShifter":0,"Enchiridion":84,"downfall:HeartBlessingGreen":46,"Eternal Feather":117,"Question Card":71,"White Beast Statue":92,"Old Coin":138,"Peace Pipe":148,"Lizard Tail":166,"Busted Crown":46,"downfall:HeartBlessingBlue":46,"Shuriken":130,"Slimebound:PreparedRelic":22,"Fusion Hammer":110,"Art of War":33,"Bag of Marbles":166,"Kunai":84,"Bottled Lightning":148,"Membership Card":166,"Toy Ornithopter":144}],"Toy Ornithopter":10},"card_choices":[{"not_picked":["Guardian:Planning","Guardian:Gem_Cyan"],"picked":"Guardian:Gem_Blue","floor":2.0},{"not_picked":["Guardian:Reroute","Guardian:TemporalStrike"],"picked":"Guardian:Gem_Cyan","floor":3.0},{"not_picked":["Guardian:RollAttack","Guardian:TemporalStrike"],"picked":"Guardian:SentryBeam","floor":4.0},{"not_picked":["Guardian:Suspension","Guardian:GuardianWhirl"],"picked":"Guardian:ShieldSpikes","floor":5.0},{"not_picked":["Guardian:WalkerClaw","Guardian:SpikerProtocol"],"picked":"Guardian:Gem_Green","floor":6.0},{"not_picked":["Guardian:WalkerClaw","Guardian:Gem_Lightblue"],"picked":"Guardian:ShieldCharger","floor":10.0},{"not_picked":["Guardian:Gem_Red","Guardian:HyperBeam_Guardian"],"picked":"Guardian:Recover","floor":12.0},{"not_picked":["Guardian:VentSteam","Guardian:ShieldSpikes"],"picked":"Guardian:CompilePackage","floor":14.0},{"not_picked":["Guardian:SpikerProtocol","Guardian:ChargeUp"],"picked":"Guardian:Planning","floor":15.0},{"not_picked":["Guardian:RevengeProtocol","Guardian:AncientConstruct"],"picked":"Guardian:Gem_Orange","floor":16.0},{"not_picked":[],"picked":"Guardian:Gem_Purple","floor":19.0},{"not_picked":[],"picked":"Guardian:TemporalStrike","floor":20.0},{"not_picked":[],"picked":"Guardian:VentSteam","floor":21.0},{"not_picked":["Guardian:VentSteam"],"picked":"SKIP","floor":22.0},{"not_picked":["Guardian:VentSteam"],"picked":"SKIP","floor":23.0},{"not_picked":["Guardian:WalkerClaw"],"picked":"Guardian:FloatingOrbs","floor":25.0},{"not_picked":["Guardian:ChargeUp"],"picked":"Guardian:Gem_Lightblue","floor":26.0},{"not_picked":["Guardian:StasisField"],"picked":"Guardian:Gem_Green","floor":28.0},{"not_picked":["Guardian:Gem_Cyan"],"picked":"Guardian:BaubleBeam","floor":30.0},{"not_picked":["Guardian:Suspension"],"picked":"Guardian:Recover","floor":31.0},{"not_picked":["Guardian:FloatingOrbs"],"picked":"Guardian:TemporalStrike","floor":32.0},{"not_picked":["Guardian:GemFire"],"picked":"Guardian:HyperBeam_Guardian","floor":33.0},{"not_picked":["Guardian:PrimingBeam"],"picked":"Guardian:Gem_White","floor":36.0},{"not_picked":["Guardian:ChargeCore"],"picked":"Guardian:GemFinder","floor":37.0},{"not_picked":["Guardian:Gem_Green"],"picked":"Guardian:Gem_Cyan","floor":39.0},{"not_picked":["Guardian:Gem_Green","Guardian:Gem_Lightblue"],"picked":"Guardian:Gem_Red","floor":40.0},{"not_picked":["Guardian:Clone+1"],"picked":"Guardian:ChargeCore+1","floor":40.0},{"not_picked":["Guardian:Clone+1"],"picked":"Guardian:Gem_Cyan","floor":42.0},{"not_picked":["Guardian:Gem_Green","Guardian:Gem_Lightblue"],"picked":"Guardian:Gem_Cyan","floor":43.0},{"not_picked":["Guardian:Gem_Yellow"],"picked":"Guardian:PiercingHide+1","floor":43.0},{"not_picked":["Guardian:Gem_Lightblue","Guardian:Gem_Cyan"],"picked":"Guardian:Gem_Green","floor":45.0},{"not_picked":["Guardian:ShieldCharger+1"],"picked":"Guardian:TemporalShield+1","floor":45.0},{"not_picked":["Guardian:Recover"],"picked":"Guardian:Clone+1","floor":47.0},{"not_picked":["Guardian:Gem_Green","Guardian:Gem_Lightblue"],"picked":"Guardian:Gem_Red","floor":49.0},{"not_picked":["Guardian:VentSteam"],"picked":"Guardian:BodySlam","floor":49.0},{"not_picked":["Guardian:Gem_Lightblue","Guardian:Gem_Cyan"],"picked":"Guardian:Gem_Red","floor":52},{"not_picked":["Guardian:Incinerate"],"picked":"Guardian:FuturePlans+1","floor":52}],"player_experience":1005932,"relics_obtained":[{"floor":6.0,"key":"Slimebound:PreparedRelic"},{"floor":14.0,"key":"Art of War"},{"floor":24.0,"key":"Question Card"},{"floor":26.0,"key":"Kunai"},{"floor":27.0,"key":"Enchiridion"},{"floor":30.0,"key":"White Beast Statue"},{"floor":40.0,"key":"Shuriken"},{"floor":41.0,"key":"Blue Candle"},{"floor":43.0,"key":"Old Coin"},{"floor":45.0,"key":"Toy Ornithopter"},{"floor":47.0,"key":"Peace Pipe"},{"floor":48.0,"key":"Bottled Lightning"},{"floor":52,"key":"Bag of Marbles"}],"event_choices":[],"is_beta":false,"boss_relics":[{"not_picked":["Philosopher\u0027s Stone","SacredBark"],"picked":"Busted Crown"},{"not_picked":["bronze:MakeshiftBattery","Velvet Choker"],"picked":"Fusion Hammer"}],"items_purged_floors":[],"is_endless":false,"potions_floor_spawned":[3,4,14,15,19,23,25,30,31,32,33,36,37,39,40,42,43,45,47,49,52],"ascension_level":1}}