{"host":"o9hzw3x4uayx38l5","time":1613380612,"event":{"mods":["Act Like it!","BaseMod","Colored Map","Decade(王小明)","GifTheSpireLib","Good Game Mod","Hallownest","Hero for Fun","Marisa（F雨　魔理沙）","Minty Spire (QoL Compilation)","Quick Restart","Reimu（博丽灵梦）","Remove Card Discount Mod","Replay The Spire","Ryuuou龙王","SIMod","Shop Mod","StSLib","TestMod","The Construct","The Poker Player","The Runesmith","The Saiyan","The Servant 0.9.4","Youmu（魂魄妖梦）","Yuyuko","[IsaacMod]以撒尖塔","noobMod","篝火指南"],"gold_per_floor":[115,115,135,129,146,9349,9376,8666,8666,8683,9083,9097,9138,9155,8366,8513,8513,8533,8549,8582,8504,8536,8593,8593,8593,8593,8729,8792,8792,8818,8835,8835,8987,8987,9014,9029,9029,9029,9082,10112,10112,10112,10138,11151,12168,13185,13185,14202,14202,15209],"floor_reached":51,"language":"ZHS","playtime":2785,"items_purged":["Strike_R","Defend_R","Strike_R","Defend_R","Strike_R","Strike_R","Defend_R","Defend_R"],"score":788,"play_id":"935a332a-5169-424d-9fc1-f284257633db","local_time":"20210215171652","is_ascension_mode":false,"campfire_choices":[{"data":"Ryuuou:NotRegret","floor":42,"key":"SMITH"}],"circlet_count":0,"master_deck":["Bash+1","Reaper+1","Demon Form+1","Eclipse+1","Infernal Blade+1","Infernal Blade+1","Pommel Strike+1","Flex+1","Thunderclap+1","Pommel Strike+1","Heavy Blade+1","ReplayTheSpireMod:Stacked+1","Limit Break+1","Armaments+1","Seeing Red+1","Spot Weakness+1","ReplayTheSpireMod:Private Reserves+1","Bloodletting+1","Heavy Blade+1","Shrug It Off+1","Flex+1","Warcry+1","Feel No Pain+1","CommonCold","Fire Breathing+1","Burning Pact+1","Flex+1","Limit Break+1","Metallicize+1","Ryuuou:NotRegret+1","Pommel Strike+1","Metallicize+1","Run Through+1","Limit Break","Limit Break"],"relics":["Burning Blood","HushsDoor","ice","REME:ComplimentaryCards","SalivaCoin","testmod-GoldenSoul","NeowsBlessing","TentaclePot:ReiMu","Ice Cream","DeathBook","HowToJump","Boot","TheBattery","Charon\u0027s Ashes","Sundial","Matryoshka","SteamSale","DeadEye","MealTicket","MerchantsRug","Mark of Pain","Membership Card","Meat on the Bone","ReplayTheSpireMod:TigerMarble","Torii","Orichalcum","Darkstone Periapt","Replay:WaspNest","Ring of Hypnosis","Ring of Misfortune","Brimstone","Busted Crown","Girya","Lantern","StoneCalendar","Kunai","Strange Spoon","Gremlin Food","Whetstone"],"acts_visited":["Exordium","Hallownest:CityofTears","TheBeyond"],"potions_floor_usage":[50,50,50],"damage_taken":[{"damage":0.0,"enemies":"Small Slimes","floor":1.0,"turns":1.0},{"damage":0.0,"enemies":"Cultist","floor":3.0,"turns":1.0},{"damage":0.0,"enemies":"Jaw Worm","floor":5.0,"turns":1.0},{"damage":0.0,"enemies":"3 Sentries","floor":7.0,"turns":1.0},{"damage":0.0,"enemies":"Looter","floor":10.0,"turns":1.0},{"damage":0.0,"enemies":"Large Slime","floor":12.0,"turns":2.0},{"damage":13.0,"enemies":"Lagavulin","floor":13.0,"turns":6.0},{"damage":0.0,"enemies":"3 Louse","floor":14.0,"turns":2.0},{"damage":24.0,"enemies":"The Guardian","floor":16.0,"turns":4.0},{"damage":8.0,"enemies":"Hallownest:2_Mistakes","floor":18.0,"turns":2.0},{"damage":0.0,"enemies":"Hallownest:3_Youths","floor":19.0,"turns":1.0},{"damage":7.0,"enemies":"Hallownest:monsterShrumalOgre","floor":20.0,"turns":2.0},{"damage":22.0,"enemies":"Hallownest:Master_and_Novice","floor":22.0,"turns":3.0},{"damage":21.0,"enemies":"Hallownest:eliteWatcherKnight","floor":23.0,"turns":8.0},{"damage":18.0,"enemies":"Hallownest:2_Flukemon","floor":28.0,"turns":4.0},{"damage":1.0,"enemies":"Hallownest:monsterMisterMushroom","floor":30.0,"turns":4.0},{"damage":7.0,"enemies":"Hallownest:Warrior_and_Youth","floor":31.0,"turns":2.0},{"damage":37.0,"enemies":"Hallownest:BossMantisLord","floor":33.0,"turns":4.0},{"damage":7.0,"enemies":"3 Shapes","floor":35.0,"turns":2.0},{"damage":0.0,"enemies":"Orb Walker","floor":36.0,"turns":1.0},{"damage":1,"enemies":"2 Orb Walkers","floor":39,"turns":2},{"damage":0,"enemies":"Nemesis","floor":40,"turns":3},{"damage":0,"enemies":"Transient","floor":44,"turns":1},{"damage":0,"enemies":"3 Darklings","floor":45,"turns":1},{"damage":0,"enemies":"Writhing Mass","floor":46,"turns":1},{"damage":0,"enemies":"Spire Growth","floor":48,"turns":1},{"damage":16,"enemies":"Replay:Hell Engine","floor":50,"turns":3}],"seed_played":"-5052214968971955928","potions_obtained":[{"floor":1.0,"key":"Reflective Coating"},{"floor":5.0,"key":"testmod-SpacePotion"},{"floor":7.0,"key":"SteroidPotion"},{"floor":12.0,"key":"ColorlessPotion"},{"floor":16.0,"key":"MagicPotion:ReiMu"},{"floor":19.0,"key":"Adrenaline Potion"},{"floor":27.0,"key":"DistilledChaos"},{"floor":30.0,"key":"testmod-SpacePotion"},{"floor":40,"key":"Swift Potion"},{"floor":45,"key":"EssenceOfSteel"},{"floor":46,"key":"Adrenaline Potion"}],"is_trial":false,"path_per_floor":["M","?","M","$","M","R","E","R","T","M","?","M","E","M","R","B",null,"M","M","M","$","M","E","$","?","T","?","M","?","M","M","R","B",null,"M","M","?","?","?","E","$","R","T","M","M","M","$","M","R_BF","B",null],"character_chosen":"IRONCLAD","items_purchased":["TentaclePot:ReiMu","Ice Cream","DeathBook","MagicPotion:ReiMu","Boot","TheBattery","Charon\u0027s Ashes","Flashbang","SteamSale","DeadEye","MealTicket","Heavy Blade","ReplayTheSpireMod:Stacked","MerchantsRug","Membership Card","Meat on the Bone","ReplayTheSpireMod:Private Reserves","Elixir","Torii","Shrug It Off+1","Strength Potion","EssenceOfSteel","Brimstone","Flex","testmod-TestPotion","Elixir","StoneCalendar","Kunai","Strange Spoon","Limit Break","Whetstone"],"campfire_rested":0,"item_purchase_floors":[6,6,6,6,8,8,8,8,15,15,15,15,15,15,21,21,21,21,24,24,24,24,32,32,32,32,41,41,41,47,49],"current_hp_per_floor":[20,20,20,20,20,20,20,20,20,20,20,20,13,20,20,20,22,20,24,23,24,22,24,24,24,24,15,24,30,39,38,38,32,40,40,40,40,40,40,40,40,40,40,40,40,40,40,40,40,40],"gold":15209,"neow_bonus":"THREE_ENEMY_KILL","is_daily":false,"chose_seed":false,"campfire_upgraded":1,"win_rate":0.0,"timestamp":1613380612,"path_taken":["M","?","M","$","?","R","E","R","T","M","?","M","E","M","R","BOSS","M","M","M","$","M","E","$","?","T","?","M","?","?","M","R","BOSS","M","M","?","?","?","E","$","R","T","M","?","M","$","M","R_BF","BOSS"],"items_purchased_type":["Relic","Relic","Relic","Potion","Relic","Relic","Relic","Potion","Relic","Relic","Relic","Card","Card","Relic","Relic","Relic","Card","Potion","Relic","Card","Potion","Potion","Relic","Card","Potion","Potion","Relic","Relic","Relic","Card","Relic"],"build_version":"2020-12-22","purchased_purges":8,"victory":true,"max_hp_per_floor":[20,20,20,20,20,20,20,20,20,20,20,20,20,20,20,22,22,24,24,24,24,24,24,24,24,24,24,32,38,39,40,40,40,40,40,40,40,40,40,40,40,40,40,40,40,40,40,40,40,40],"card_choices":[{"not_picked":[],"picked":"Bomb","floor":0.0},{"not_picked":["Flex","Anger"],"picked":"Demon Form","floor":1.0},{"not_picked":["Warcry","Inflame"],"picked":"Infernal Blade","floor":3.0},{"not_picked":["Replay:Undeath\u0027s Touch","Bomb"],"picked":"Infernal Blade","floor":5.0},{"not_picked":["Disarm","Bludgeon"],"picked":"Pommel Strike","floor":7.0},{"not_picked":["Headbutt","Anger"],"picked":"Flex","floor":10.0},{"not_picked":["Twin Strike","Disarm"],"picked":"Thunderclap","floor":12.0},{"not_picked":["Cleave","Replay:Undeath\u0027s Touch","Carnage"],"picked":"SKIP","floor":13.0},{"not_picked":["Headbutt","ReplayReversal"],"picked":"Pommel Strike","floor":14.0},{"not_picked":["Immolate","Feed"],"picked":"Limit Break","floor":16.0},{"not_picked":["Warcry","Sword Boomerang"],"picked":"Armaments","floor":18.0},{"not_picked":["True Grit+1","Perfected Strike"],"picked":"Seeing Red+1","floor":19.0},{"not_picked":["Uppercut","Pummel+1"],"picked":"Spot Weakness+1","floor":20.0},{"not_picked":["Pummel","Rage"],"picked":"Bloodletting+1","floor":22.0},{"not_picked":["Sword Boomerang","Dark Embrace"],"picked":"Heavy Blade+1","floor":23.0},{"not_picked":["Eclipse","Armaments"],"picked":"Flex+1","floor":27.0},{"not_picked":["Armaments+1","Twin Strike"],"picked":"Warcry+1","floor":27.0},{"not_picked":["Twin Strike","Perfected Strike"],"picked":"Feel No Pain+1","floor":28.0},{"not_picked":["Seeing Red","Shrug It Off"],"picked":"Fire Breathing","floor":30.0},{"not_picked":["Impervious","Uppercut+1"],"picked":"Burning Pact","floor":31.0},{"not_picked":["Impervious","Eclipse"],"picked":"Limit Break","floor":33.0},{"not_picked":["Rampage+1"],"picked":"SKIP","floor":35.0},{"not_picked":[],"picked":"Metallicize+1","floor":36.0},{"not_picked":[],"picked":"Pommel Strike+1","floor":40},{"not_picked":[],"picked":"Metallicize+1","floor":44},{"not_picked":[],"picked":"Run Through","floor":45},{"not_picked":["Heavy Blade+1"],"picked":"SKIP","floor":46},{"not_picked":["Replay:Many Hands"],"picked":"SKIP","floor":48}],"player_experience":37494,"relics_obtained":[{"floor":7.0,"key":"HowToJump"},{"floor":9.0,"key":"Sundial"},{"floor":13.0,"key":"Matryoshka"},{"floor":23.0,"key":"ReplayTheSpireMod:TigerMarble"},{"floor":26.0,"key":"Orichalcum"},{"floor":26.0,"key":"Darkstone Periapt"},{"floor":27.0,"key":"Replay:WaspNest"},{"floor":29.0,"key":"Ring of Hypnosis"},{"floor":29.0,"key":"Ring of Misfortune"},{"floor":39,"key":"Girya"},{"floor":40,"key":"Lantern"},{"floor":43,"key":"Gremlin Food"}],"event_choices":[{"damage_healed":0.0,"max_hp_gain":0.0,"max_hp_loss":0.0,"gold_gain":0.0,"cards_transformed":["Strike_R"],"event_name":"Living Wall","player_choice":"Change","floor":2.0,"gold_loss":0.0,"damage_taken":0.0,"cards_obtained":["Eclipse"]},{"damage_healed":0.0,"max_hp_gain":0.0,"max_hp_loss":0.0,"gold_gain":400.0,"event_name":"恩洛斯的盘子","player_choice":"Sell","floor":11.0,"relics_lost":["testmod-TestBox"],"gold_loss":0.0,"damage_taken":0.0},{"damage_healed":0.0,"max_hp_gain":0.0,"max_hp_loss":0.0,"gold_gain":0.0,"event_name":"给自己的盒子","player_choice":"Ignored","floor":37.0,"gold_loss":0.0,"damage_taken":0.0},{"damage_healed":0,"gold_gain":0,"player_choice":"Fight","damage_taken":0,"max_hp_gain":0,"max_hp_loss":0,"event_name":"Mysterious Sphere","floor":39,"gold_loss":0}],"is_beta":false,"boss_relics":[{"not_picked":["Calling Bell","Runic Dome"],"picked":"Mark of Pain"},{"not_picked":[]},{"not_picked":["testmod-TimeTraveler","Astrolabe"],"picked":"Busted Crown"},{"not_picked":[]}],"items_purged_floors":[4,4,4,6,15,15,15,15],"is_endless":false,"potions_floor_spawned":[1,5,7,12,16,19,22,30,40,45,46,48],"ascension_level":0}}