{"host":"epc8efk9vrywpcsw","time":1613387818,"event":{"mods":["BaseMod","Minty Spire (QoL Compilation)","Relic Stats","StSLib"],"gold_per_floor":[112,37,37,37,37,37,61,61,61,97,97,97,115,136,136,232,232,246,8,8,24,74,74,74,74,74],"floor_reached":25,"language":"ENG","playtime":594,"items_purged":[],"score":444,"play_id":"16b08dbe-bb03-47a3-8042-235da0cf6a8e","local_time":"20210215121658","is_ascension_mode":true,"campfire_choices":[{"data":"Neutralize","floor":6,"key":"SMITH"},{"data":"Predator","floor":8,"key":"SMITH"},{"data":"Strike_G","floor":11,"key":"SMITH"},{"data":"Leg Sweep","floor":15,"key":"SMITH"},{"floor":23,"key":"REST"}],"circlet_count":0,"master_deck":["AscendersBane","Strike_G","Strike_G","Strike_G","Strike_G+1","Defend_G","Defend_G","Defend_G","Defend_G","Defend_G","Survivor","Neutralize+1","Predator+1","Regret","Escape Plan","Leg Sweep+1","Die Die Die","Sadistic Nature","Caltrops","Shame"],"relics":["Ring of the Serpent","NeowsBlessing","Ginger","Bloody Idol","Smiling Mask","Gremlin Horn","Paper Crane","Bronze Scales"],"acts_visited":["Exordium","TheCity"],"potions_floor_usage":[16,21,25],"damage_taken":[{"damage":0,"enemies":"Small Slimes","floor":1,"turns":1},{"damage":0,"enemies":"2 Louse","floor":7,"turns":1},{"damage":0,"enemies":"Lagavulin","floor":10,"turns":1},{"damage":4,"enemies":"Jaw Worm","floor":13,"turns":3},{"damage":5,"enemies":"3 Louse","floor":14,"turns":4},{"damage":43,"enemies":"The Guardian","floor":16,"turns":21},{"damage":12,"enemies":"Chosen","floor":18,"turns":6},{"damage":20,"enemies":"Spheric Guardian","floor":21,"turns":8},{"damage":35,"enemies":"Slavers","floor":25,"turns":4}],"seed_played":"-847514416210849024","potions_obtained":[{"floor":7,"key":"Dexterity Potion"},{"floor":13,"key":"Block Potion"},{"floor":16,"key":"SmokeBomb"},{"floor":18,"key":"Fire Potion"}],"is_trial":false,"path_per_floor":["M","?","$","?","?","R","M","R","T","E","R","T","M","M","R","B",null,"M","$","?","M","?","R","?","E"],"character_chosen":"THE_SILENT","items_purchased":["Sadistic Nature","Caltrops"],"campfire_rested":1,"item_purchase_floors":[19,19],"current_hp_per_floor":[59,59,59,59,59,59,59,59,59,59,59,59,55,50,50,7,47,35,35,35,20,25,43,43,8,8],"gold":74,"neow_bonus":"THREE_ENEMY_KILL","is_daily":false,"chose_seed":false,"campfire_upgraded":4,"win_rate":0.0,"timestamp":1613387818,"path_taken":["M","?","$","?","?","R","M","R","T","E","R","?","M","?","R","BOSS","M","$","?","M","?","R","?","E"],"items_purchased_type":["Card","Card"],"build_version":"2020-12-22","purchased_purges":0,"victory":false,"max_hp_per_floor":[66,66,66,66,60,60,60,60,60,60,60,60,60,60,60,60,60,60,60,60,60,60,60,60,60,60],"relic_stats":{"Gremlin Horn":[3,3],"counters":[9,49],"Bloody Idol":10,"Bronze Scales":[21],"Ginger":[9],"Smiling Mask":0,"obtain_stats":[{"NeowsBlessing":0,"Gremlin Horn":10,"Golden Idol":5,"Bloody Idol":20,"Bronze Scales":24,"Ginger":4,"Paper Crane":12,"Smiling Mask":9,"Ring of the Serpent":17,"Ring of the Snake":0},{"NeowsBlessing":0,"Gremlin Horn":3,"Golden Idol":1,"Bloody Idol":7,"Bronze Scales":8,"Ginger":1,"Paper Crane":3,"Smiling Mask":2,"Ring of the Serpent":6,"Ring of the Snake":0},{"NeowsBlessing":0,"Gremlin Horn":3,"Golden Idol":1,"Bloody Idol":37,"Bronze Scales":45,"Ginger":1,"Paper Crane":3,"Smiling Mask":2,"Ring of the Serpent":31,"Ring of the Snake":0}]},"card_choices":[{"not_picked":["Backflip","Catalyst"],"picked":"Predator","floor":1},{"not_picked":["Poisoned Stab","Slice"],"picked":"Escape Plan","floor":7},{"not_picked":["PiercingWail","Night Terror","Outmaneuver"],"picked":"SKIP","floor":10},{"not_picked":["Outmaneuver","PiercingWail"],"picked":"Leg Sweep","floor":13},{"not_picked":["Noxious Fumes","Catalyst","Dodge and Roll"],"picked":"SKIP","floor":14},{"not_picked":["Wraith Form v2","Envenom"],"picked":"Die Die Die","floor":16},{"not_picked":["Acrobatics","Underhanded Strike","Choke+1"],"picked":"SKIP","floor":18},{"not_picked":["Poisoned Stab","Deflect","Accuracy"],"picked":"SKIP","floor":21}],"player_experience":529041,"relics_obtained":[{"floor":9,"key":"Smiling Mask"},{"floor":10,"key":"Gremlin Horn"},{"floor":12,"key":"Paper Crane"}],"event_choices":[{"cards_removed":["Strike_G"],"damage_healed":0,"gold_gain":0,"player_choice":"Card Removal","damage_taken":0,"max_hp_gain":0,"max_hp_loss":0,"event_name":"The Cleric","floor":2,"gold_loss":75},{"damage_healed":0,"gold_gain":0,"player_choice":"Box","damage_taken":0,"relics_obtained":["Ginger"],"max_hp_gain":0,"max_hp_loss":0,"event_name":"Big Fish","floor":4,"gold_loss":0,"cards_obtained":["Regret"]},{"damage_healed":0,"gold_gain":0,"player_choice":"Lose Max HP","damage_taken":0,"relics_obtained":["Golden Idol"],"max_hp_gain":0,"max_hp_loss":6,"event_name":"Golden Idol","floor":5,"gold_loss":0},{"damage_healed":0,"gold_gain":0,"player_choice":"Gave Idol","damage_taken":0,"relics_obtained":["Bloody Idol"],"max_hp_gain":0,"max_hp_loss":0,"event_name":"Forgotten Altar","floor":20,"relics_lost":["Golden Idol"],"gold_loss":0},{"damage_healed":0,"gold_gain":50,"player_choice":"Stole From Cult","damage_taken":0,"max_hp_gain":0,"max_hp_loss":0,"event_name":"Nest","floor":22,"gold_loss":0},{"damage_healed":0,"gold_gain":0,"player_choice":"Stole Relic","damage_taken":0,"relics_obtained":["Bronze Scales"],"max_hp_gain":0,"max_hp_loss":0,"event_name":"Addict","floor":24,"gold_loss":0,"cards_obtained":["Shame"]}],"is_beta":false,"boss_relics":[{"not_picked":["SlaversCollar","Ectoplasm"],"picked":"Ring of the Serpent"}],"items_purged_floors":[],"is_endless":false,"potions_floor_spawned":[7,13,16,18],"killed_by":"Slavers","ascension_level":20}}