{"host":"w7pthw6r6331n954","time":1613374643,"event":{"mods":["AchievementEnabler","Act Like it!","BaseMod","BetterRewards","Colored Map","Colored Powertips","Custom Start","Downfall","Hallownest","Hermit","Jorbs\u0027s Wanderer Trilogy","Minty Spire (QoL Compilation)","Replay The Spire","Shop Mod","StSLib","SuperFastMode"],"gold_per_floor":[116,128,128,128,138,138,173,53,53,53,87,107,107,107,107,238,238,262,262,287,287,22,22,22,22,22,56,87,87,99,150,162,174,174],"floor_reached":33,"language":"ENG","playtime":1958,"items_purged":[],"score":461,"play_id":"0791612f-7a9d-4afc-8de4-3b95ff074928","local_time":"20210215023723","is_ascension_mode":true,"campfire_choices":[{"floor":6,"key":"RECALL"},{"floor":10,"key":"REST"},{"floor":13,"key":"REST"},{"floor":15,"key":"REST"},{"floor":23,"key":"REST"},{"floor":25,"key":"REST"},{"floor":32,"key":"REST"}],"circlet_count":0,"master_deck":["Strike_B","Strike_B","Strike_B","Defend_B","Defend_B","Defend_B","Zap","Dualcast","Rip and Tear","Reprogram","Beam Cell","White Noise","Streamline","Go for the Eyes","Panache","Go for the Eyes","Conserve Battery","Injury","Echo Form","Stack","Echo Form","Panic Button+1","Ball Lightning","Beam Cell+1","Double Energy","FTL+1"],"relics":["Cracked Core","MerchantsRug","Raider\u0027s Mask","Geode","Bloody Idol","Honey Jar","Juzu Bracelet","ReplayFunnel","Tiny Chest","Red Mask","MawBank"],"acts_visited":["Exordium","TheCity"],"potions_floor_usage":[11,16,18,30,33],"damage_taken":[{"damage":6,"enemies":"Jaw Worm","floor":1,"turns":2},{"damage":2,"enemies":"2 Louse","floor":2,"turns":3},{"damage":0,"enemies":"Cultist","floor":5,"turns":3},{"damage":31,"enemies":"Replay:BlueRogue","floor":7,"turns":4},{"damage":18,"enemies":"Gremlin Nob","floor":11,"turns":3},{"damage":10,"enemies":"Red Slaver","floor":12,"turns":1},{"damage":19,"enemies":"Fading Forest","floor":16,"turns":11},{"damage":42,"enemies":"Shell Parasite","floor":18,"turns":4},{"damage":9,"enemies":"Chosen","floor":20,"turns":5},{"damage":13,"enemies":"Replay:Snechameleon","floor":27,"turns":4},{"damage":36,"enemies":"Masked Bandits","floor":28,"turns":4},{"damage":28,"enemies":"Centurion and Healer","floor":30,"turns":5},{"damage":71,"enemies":"Collector","floor":33,"turns":6}],"seed_played":"-3107573506167704147","potions_obtained":[{"floor":2,"key":"Regen Potion"},{"floor":7,"key":"DuplicationPotion"},{"floor":12,"key":"ColorlessPotion"},{"floor":20,"key":"Languid Potion"},{"floor":28,"key":"Ancient Potion"}],"is_trial":false,"path_per_floor":["M","M","?","?","M","R","E","$","T","R","E","M","R","?","R","B",null,"M","?","M","?","$","R","?","R","T","E","?","?","M","T","R","B"],"character_chosen":"DEFECT","items_purchased":["MerchantsRug","Raider\u0027s Mask","Rip and Tear","Reprogram","Panache","Juzu Bracelet","FairyPotion","Ball Lightning"],"campfire_rested":6,"item_purchase_floors":[0,0,0,0,8,22,22,22],"current_hp_per_floor":[54,52,52,52,52,52,21,21,21,43,30,20,42,42,64,53,70,28,28,19,19,19,41,66,75,75,62,26,26,27,32,59,0,0],"gold":174,"neow_bonus":"","is_daily":false,"chose_seed":false,"campfire_upgraded":0,"win_rate":0.0,"timestamp":1613374643,"path_taken":["M","M","?","?","?","R","E","?","T","R","E","?","R","?","R","BOSS","M","?","?","?","?","R","?","R","T","E","?","?","M","?","R","BOSS"],"items_purchased_type":["Relic","Relic","Card","Card","Card","Relic","Potion","Card"],"build_version":"2020-12-22","purchased_purges":0,"victory":false,"max_hp_per_floor":[75,75,75,75,75,75,75,75,75,75,75,75,75,75,75,75,75,75,75,75,75,75,75,75,75,75,75,75,75,75,75,75,75,75],"card_choices":[{"not_picked":["Coolheaded","Barrage"],"picked":"Beam Cell","floor":1},{"not_picked":["Cold Snap","Gash"],"picked":"White Noise","floor":2},{"not_picked":["Storm","Turbo"],"picked":"Streamline","floor":5},{"not_picked":["Melter","Compile Driver"],"picked":"Go for the Eyes","floor":7},{"not_picked":["Scrape","Redo"],"picked":"Go for the Eyes","floor":11},{"not_picked":["Gash","Compile Driver"],"picked":"Conserve Battery","floor":12},{"not_picked":["Hyperbeam","Buffer"],"picked":"Echo Form","floor":16},{"not_picked":["Coolheaded","Rebound+1","Compile Driver"],"picked":"Stack","floor":18},{"not_picked":["ReplaySort","Hello World","Conserve Battery"],"picked":"Panic Button+1","floor":20},{"not_picked":["Gash","Reprogram","Coolheaded"],"picked":"Beam Cell+1","floor":27},{"not_picked":["Doom and Gloom","Electrodynamics","BasicCrystalCard"],"picked":"Double Energy","floor":28},{"not_picked":["Steam","Stack","Darkness"],"picked":"FTL+1","floor":30}],"player_experience":1260679,"relics_obtained":[{"floor":7,"key":"Blue Candle"},{"floor":11,"key":"Geode"},{"floor":26,"key":"ReplayFunnel"},{"floor":27,"key":"Tiny Chest"},{"floor":28,"key":"Red Mask"},{"floor":31,"key":"MawBank"}],"event_choices":[{"cards_removed":["Strike_B"],"damage_healed":0,"gold_gain":0,"player_choice":"Purged","damage_taken":0,"max_hp_gain":0,"max_hp_loss":0,"event_name":"Purifier","floor":4,"gold_loss":0},{"damage_healed":0,"gold_gain":0,"player_choice":"Take Wound","damage_taken":0,"relics_obtained":["Golden Idol"],"max_hp_gain":0,"max_hp_loss":0,"event_name":"Golden Idol","floor":14,"gold_loss":0,"cards_obtained":["Injury"]},{"damage_healed":0,"gold_gain":0,"player_choice":"Copied","damage_taken":0,"max_hp_gain":0,"max_hp_loss":0,"event_name":"Duplicator","floor":19,"gold_loss":0,"cards_obtained":["Echo Form"]},{"damage_healed":0,"gold_gain":0,"player_choice":"Ignored","damage_taken":0,"max_hp_gain":0,"max_hp_loss":0,"event_name":"Vampires","floor":21,"gold_loss":0},{"damage_healed":25,"gold_gain":0,"player_choice":"Heal","damage_taken":0,"max_hp_gain":0,"max_hp_loss":0,"event_name":"The Library","floor":24,"gold_loss":0},{"damage_healed":0,"gold_gain":0,"player_choice":"Fought Bandits","damage_taken":0,"max_hp_gain":0,"max_hp_loss":0,"event_name":"Masked Bandits","floor":28,"gold_loss":0},{"damage_healed":0,"gold_gain":0,"player_choice":"Gave Idol","damage_taken":0,"relics_obtained":["Bloody Idol"],"max_hp_gain":0,"max_hp_loss":0,"event_name":"Forgotten Altar","floor":29,"relics_lost":["Golden Idol"],"gold_loss":0}],"is_beta":false,"boss_relics":[{"not_picked":["Ectoplasm","Black Star"],"picked":"Honey Jar"}],"items_purged_floors":[],"is_endless":false,"potions_floor_spawned":[2,7,12,20,28],"killed_by":"Collector","ascension_level":5}}