{"host":"vumwfieg2b2mnrfl","time":1613351237,"event":{"mods":["AchievementEnabler","BaseMod","Minty Spire (QoL Compilation)","Rare Cards Sparkle","Relic Stats"],"gold_per_floor":[119,119,119,136,148,148,179,329,329,344,344,344,369,389,389,465,465,475,475,490,252,272,305,305,339,339,339,13,26,26,39,39,114,114,126,151,167,22,40,70,82,100,180,215,215,215,235,20,20,20,20],"floor_reached":52,"language":"ENG","playtime":2246,"items_purged":["Defend_G","Doubt","Defend_G"],"score":2099,"play_id":"49ef44e2-b73b-4a26-870f-b7ef16503f6f","local_time":"20210214190717","is_ascension_mode":true,"campfire_choices":[{"data":"Predator","floor":6,"key":"SMITH"},{"floor":12,"key":"REST"},{"floor":15,"key":"DIG"},{"floor":24,"key":"REST"},{"data":"Well Laid Plans","floor":32,"key":"SMITH"},{"data":"Accuracy","floor":45,"key":"SMITH"},{"floor":49,"key":"REST"}],"circlet_count":0,"master_deck":["AscendersBane","Strike_G+1","Strike_G","Strike_G+1","Defend_G","Defend_G","Defend_G","Survivor","Neutralize","CurseOfTheBell","Predator+1","Terror+1","Phantasmal Killer+1","Prepared+1","Prepared+1","Blade Dance+1","Predator","Dodge and Roll+1","Malaise+1","Malaise+1","Accuracy+1","Tactician+1","Blade Dance+1","Well Laid Plans+1","Adrenaline+1","Accuracy+1","Acrobatics+1","Leg Sweep+1","Cloak And Dagger+1","PiercingWail+1","Night Terror+1","Envenom","After Image","Prepared+1","Leg Sweep+1","Tactician+1"],"relics":["Calling Bell","MealTicket","Question Card","Shovel","Toxic Egg 2","Pear","InkBottle","Shuriken","Whetstone","SlaversCollar","Orrery","Prayer Wheel","Molten Egg 2","Meat on the Bone","Chemical X","Nilry\u0027s Codex","Busted Crown","StoneCalendar","Happy Flower","Bottled Lightning","Anchor"],"acts_visited":["Exordium","TheCity","TheBeyond"],"potions_floor_usage":[7,40,40,40],"damage_taken":[{"damage":7,"enemies":"Cultist","floor":1,"turns":5},{"damage":0,"enemies":"2 Louse","floor":4,"turns":3},{"damage":0,"enemies":"Small Slimes","floor":5,"turns":4},{"damage":32,"enemies":"Gremlin Nob","floor":7,"turns":4},{"damage":14,"enemies":"2 Fungi Beasts","floor":10,"turns":3},{"damage":22,"enemies":"Lagavulin","floor":13,"turns":5},{"damage":0,"enemies":"3 Louse","floor":14,"turns":2},{"damage":0,"enemies":"The Guardian","floor":16,"turns":9},{"damage":6,"enemies":"Spheric Guardian","floor":18,"turns":4},{"damage":10,"enemies":"3 Byrds","floor":20,"turns":6},{"damage":15,"enemies":"Shelled Parasite and Fungi","floor":22,"turns":4},{"damage":22,"enemies":"Book of Stabbing","floor":23,"turns":6},{"damage":1,"enemies":"Gremlin Leader","floor":25,"turns":4},{"damage":0,"enemies":"Centurion and Healer","floor":29,"turns":5},{"damage":0,"enemies":"Cultist and Chosen","floor":31,"turns":2},{"damage":16,"enemies":"Automaton","floor":33,"turns":4},{"damage":0,"enemies":"Orb Walker","floor":35,"turns":2},{"damage":0,"enemies":"Mind Bloom Boss Battle","floor":36,"turns":1},{"damage":10,"enemies":"3 Shapes","floor":37,"turns":3},{"damage":12,"enemies":"Sphere and 2 Shapes","floor":39,"turns":6},{"damage":35,"enemies":"Reptomancer","floor":40,"turns":6},{"damage":0,"enemies":"Writhing Mass","floor":41,"turns":3},{"damage":0,"enemies":"Maw","floor":42,"turns":7},{"damage":0,"enemies":"Nemesis","floor":44,"turns":7},{"damage":18,"enemies":"3 Darklings","floor":47,"turns":3},{"damage":17,"enemies":"Time Eater","floor":50,"turns":7},{"damage":1,"enemies":"Awakened One","floor":51,"turns":7}],"seed_played":"8873685233895842347","potions_obtained":[{"floor":5,"key":"EssenceOfSteel"},{"floor":13,"key":"Energy Potion"},{"floor":14,"key":"EntropicBrew"},{"floor":25,"key":"Block Potion"},{"floor":39,"key":"LiquidMemories"},{"floor":40,"key":"DuplicationPotion"}],"is_trial":false,"path_per_floor":["M","T","?","M","M","R","E","?","T","M","?","R","E","M","R","B",null,"M","?","M","$","M","E","R","E","T","?","$","M","?","M","R","B",null,"M","?","M","$","M","E","M","M","T","E","R","?","M","$","R","B","B",null],"character_chosen":"THE_SILENT","items_purchased":["Orrery","Chemical X","Cloak And Dagger+1","After Image","Prepared+1","Tactician+1"],"campfire_rested":3,"item_purchase_floors":[21,28,28,38,38,48],"current_hp_per_floor":[52,52,52,52,52,52,30,30,30,16,16,38,16,16,16,16,61,55,55,45,60,45,23,45,44,44,44,59,59,38,50,50,46,69,69,69,59,74,62,39,39,39,39,39,39,39,33,48,70,53,52],"gold":20,"neow_bonus":"BOSS_RELIC","is_daily":false,"chose_seed":false,"campfire_upgraded":3,"win_rate":0.0,"timestamp":1613351237,"path_taken":["M","?","?","?","M","R","E","?","T","M","?","R","E","M","R","BOSS","M","?","M","$","M","E","R","E","T","?","$","M","?","M","R","BOSS","M","?","M","$","M","E","M","M","T","E","R","?","?","?","R","BOSS","BOSS"],"items_purchased_type":["Relic","Relic","Card","Card","Card","Card"],"build_version":"2020-12-22","purchased_purges":3,"victory":true,"max_hp_per_floor":[66,66,66,66,66,66,76,76,76,76,76,76,76,76,76,76,76,76,76,76,76,76,76,76,76,76,76,76,76,76,76,76,76,76,76,76,76,76,76,76,76,76,76,76,76,76,76,76,76,76,76],"relic_stats":{"Happy Flower":[11],"counters":[27,122],"StoneCalendar":[0],"Whetstone":["Strike_G","Strike_G"],"Question Card":38,"Shovel":1,"Busted Crown":30,"Shuriken":[64],"MealTicket":60,"Prayer Wheel":8,"Chemical X":[20],"obtain_stats":[{"Pear":7,"Happy Flower":40,"Nilry\u0027s Codex":30,"StoneCalendar":36,"Whetstone":15,"Question Card":0,"Calling Bell":0,"SlaversCollar":17,"Anchor":44,"Shovel":0,"Busted Crown":34,"Shuriken":13,"Orrery":21,"MealTicket":0,"Prayer Wheel":23,"Molten Egg 2":25,"Chemical X":28,"Bottled Lightning":43,"Toxic Egg 2":2,"InkBottle":9,"Ring of the Snake":0,"Meat on the Bone":26},{"Pear":4,"Happy Flower":21,"Nilry\u0027s Codex":14,"StoneCalendar":18,"Whetstone":7,"Question Card":0,"Calling Bell":0,"SlaversCollar":8,"Anchor":24,"Shovel":0,"Busted Crown":16,"Shuriken":6,"Orrery":10,"MealTicket":0,"Prayer Wheel":12,"Molten Egg 2":13,"Chemical X":13,"Bottled Lightning":23,"Toxic Egg 2":1,"InkBottle":4,"Ring of the Snake":0,"Meat on the Bone":13},{"Pear":16,"Happy Flower":88,"Nilry\u0027s Codex":64,"StoneCalendar":73,"Whetstone":26,"Question Card":0,"Calling Bell":0,"SlaversCollar":35,"Anchor":105,"Shovel":0,"Busted Crown":70,"Shuriken":24,"Orrery":45,"MealTicket":0,"Prayer Wheel":55,"Molten Egg 2":59,"Chemical X":59,"Bottled Lightning":98,"Toxic Egg 2":5,"InkBottle":16,"Ring of the Snake":0,"Meat on the Bone":59}],"InkBottle":[59],"Meat on the Bone":48},"card_choices":[{"not_picked":["Deflect","Choke","Setup"],"picked":"Predator","floor":1},{"not_picked":["Flying Knee","PiercingWail+1","Dodge and Roll+1"],"picked":"Phantasmal Killer+1","floor":4},{"not_picked":["Deflect+1","Setup+1","Backstab"],"picked":"Prepared+1","floor":5},{"not_picked":["Heel Hook","Caltrops","Predator"],"picked":"Prepared+1","floor":7},{"not_picked":["Expertise+1","Endless Agony","Poisoned Stab"],"picked":"Blade Dance+1","floor":10},{"not_picked":["Masterful Stab","Sucker Punch","Deadly Poison+1"],"picked":"Dodge and Roll+1","floor":13},{"not_picked":["Slice","Calculated Gamble+1","Eviscerate"],"picked":"Malaise+1","floor":14},{"not_picked":["Die Die Die","Envenom","Tools of the Trade"],"picked":"Malaise+1","floor":16},{"not_picked":["Expertise+1","Dagger Throw","Bane"],"picked":"Accuracy","floor":18},{"not_picked":["Underhanded Strike+1","Flying Knee","Deadly Poison+1"],"picked":"Tactician+1","floor":20},{"not_picked":["Dodge and Roll+1","PiercingWail+1","Blur+1"],"picked":"Blade Dance+1","floor":21},{"not_picked":["Blur+1","Setup+1","Calculated Gamble+1"],"picked":"Well Laid Plans","floor":21},{"not_picked":["Flying Knee","Infinite Blades","Sucker Punch"],"picked":"Adrenaline+1","floor":21},{"not_picked":["Well Laid Plans","Blade Dance+1","Quick Slash"],"picked":"Accuracy+1","floor":22},{"not_picked":["All Out Attack","Quick Slash","Noxious Fumes"],"picked":"Acrobatics+1","floor":23},{"not_picked":["Outmaneuver+1","Bouncing Flask+1","Crippling Poison+1"],"picked":"Leg Sweep+1","floor":25},{"not_picked":["Eviscerate+1","Deadly Poison+1","Dagger Spray+1"],"picked":"PiercingWail+1","floor":29},{"not_picked":["Backflip+1","Backstab+1","Finisher+1","Slice+1"],"picked":"SKIP","floor":29},{"not_picked":["Infinite Blades","Well Laid Plans","Catalyst+1"],"picked":"Night Terror+1","floor":31},{"not_picked":["Quick Slash+1","Backstab+1","Distraction+1","Dagger Throw+1"],"picked":"SKIP","floor":31},{"not_picked":["Grand Finale+1","Glass Knife+1","Venomology+1"],"picked":"Envenom","floor":33},{"not_picked":["PiercingWail+1","Underhanded Strike+1"],"picked":"SKIP","floor":35},{"not_picked":["Setup+1","Distraction+1"],"picked":"SKIP","floor":35},{"not_picked":["Sucker Punch+1","Blade Dance+1"],"picked":"SKIP","floor":37},{"not_picked":["Endless Agony+1","Expertise+1"],"picked":"SKIP","floor":37},{"not_picked":["Poisoned Stab+1"],"picked":"Leg Sweep+1","floor":39},{"not_picked":["Prepared+1","Concentrate+1"],"picked":"SKIP","floor":39},{"not_picked":["Prepared+1","Concentrate+1"],"picked":"SKIP","floor":39},{"not_picked":["Crippling Poison+1","Acrobatics+1"],"picked":"SKIP","floor":40},{"not_picked":["Quick Slash+1","Underhanded Strike+1"],"picked":"SKIP","floor":41},{"not_picked":["Deflect+1","Infinite Blades"],"picked":"SKIP","floor":41},{"not_picked":["Slice+1","Sucker Punch+1"],"picked":"SKIP","floor":42},{"not_picked":["Dodge and Roll+1","Deflect+1"],"picked":"SKIP","floor":42},{"not_picked":["Deflect+1","PiercingWail+1"],"picked":"SKIP","floor":44},{"not_picked":["Grand Finale+1","Prepared+1"],"picked":"SKIP","floor":47},{"not_picked":["Skewer+1","Cloak And Dagger+1"],"picked":"SKIP","floor":47}],"player_experience":559774,"relics_obtained":[{"floor":0,"key":"MealTicket"},{"floor":0,"key":"Question Card"},{"floor":0,"key":"Shovel"},{"floor":2,"key":"Toxic Egg 2"},{"floor":7,"key":"Pear"},{"floor":9,"key":"InkBottle"},{"floor":13,"key":"Shuriken"},{"floor":15,"key":"Whetstone"},{"floor":23,"key":"Prayer Wheel"},{"floor":25,"key":"Molten Egg 2"},{"floor":26,"key":"Meat on the Bone"},{"floor":30,"key":"Nilry\u0027s Codex"},{"floor":36,"key":"StoneCalendar"},{"floor":40,"key":"Happy Flower"},{"floor":43,"key":"Bottled Lightning"},{"floor":44,"key":"Anchor"}],"event_choices":[{"damage_healed":0,"gold_gain":0,"cards_transformed":["Strike_G"],"player_choice":"Transformed","damage_taken":0,"max_hp_gain":0,"max_hp_loss":0,"event_name":"Transmorgrifier","floor":3,"gold_loss":0,"cards_obtained":["Terror"]},{"damage_healed":0,"gold_gain":150,"player_choice":"AGREE","damage_taken":0,"max_hp_gain":0,"max_hp_loss":0,"event_name":"Liars Game","floor":8,"gold_loss":0,"cards_obtained":["Doubt"]},{"damage_healed":0,"gold_gain":0,"cards_transformed":["Strike_G"],"player_choice":"Change","damage_taken":0,"max_hp_gain":0,"max_hp_loss":0,"event_name":"Living Wall","floor":11,"gold_loss":0,"cards_obtained":["Predator"]},{"damage_healed":0,"gold_gain":0,"player_choice":"Ignored","damage_taken":0,"max_hp_gain":0,"max_hp_loss":0,"event_name":"Vampires","floor":19,"gold_loss":0},{"damage_healed":0,"gold_gain":0,"player_choice":"Ignored","damage_taken":0,"max_hp_gain":0,"max_hp_loss":0,"event_name":"Ghosts","floor":27,"gold_loss":0},{"damage_healed":0,"gold_gain":0,"player_choice":"Obtained Book","damage_taken":21,"max_hp_gain":0,"max_hp_loss":0,"event_name":"Cursed Tome","floor":30,"gold_loss":0},{"damage_healed":0,"gold_gain":0,"player_choice":"Fight","damage_taken":0,"max_hp_gain":0,"max_hp_loss":0,"event_name":"MindBloom","floor":36,"gold_loss":0},{"damage_healed":0,"gold_gain":0,"player_choice":"Got Potions","damage_taken":0,"max_hp_gain":0,"max_hp_loss":0,"event_name":"Lab","floor":46,"gold_loss":0}],"is_beta":false,"boss_relics":[{"not_picked":["Empty Cage","Snecko Eye"],"picked":"SlaversCollar"},{"not_picked":["Runic Pyramid","Black Star"],"picked":"Busted Crown"}],"items_purged_floors":[21,28,48],"is_endless":false,"potions_floor_spawned":[5,13,14,16,22,25,33,36,39,40,44,47],"ascension_level":20}}