{"host":"s24sb66hw4a4sfft","time":1613350462,"event":{"mods":["AchievementEnabler","BaseMod","Colored Map","Colored Powertips","Googly Eyes","Hermit","Hubris","Minty Spire (QoL Compilation)","Quick Restart","Shop Mod","StSLib"],"gold_per_floor":[110,120,131,131,131,172,172,46,70,70,183,183,216,235,235,333,333,303,303],"floor_reached":18,"language":"ENG","playtime":549,"items_purged":["Strike_G"],"score":289,"play_id":"ba9549da-0232-4620-8863-518d91d5b168","local_time":"20210214195422","is_ascension_mode":true,"campfire_choices":[{"floor":12.0,"key":"REST"},{"floor":15.0,"key":"REST"}],"circlet_count":0,"master_deck":["AscendersBane","Strike_G","Strike_G","Strike_G+1","Strike_G+1","Defend_G","Defend_G","Defend_G","Defend_G","Defend_G","Survivor","Neutralize","Poisoned Stab","Crippling Poison+1","Cloak And Dagger","Injury","Poisoned Stab","Poisoned Stab","Deadly Poison","Envenom","Venomology"],"relics":["Ring of the Snake","NeowsBlessing","Golden Idol","hubris:Icosahedron","Whetstone","Toy Ornithopter","SsserpentHead","Nunchaku","SlaversCollar"],"acts_visited":["Exordium","TheCity"],"potions_floor_usage":[16,18],"damage_taken":[{"damage":0.0,"enemies":"2 Louse","floor":1.0,"turns":1.0},{"damage":0.0,"enemies":"Small Slimes","floor":2.0,"turns":1.0},{"damage":0.0,"enemies":"Cultist","floor":3.0,"turns":1.0},{"damage":18.0,"enemies":"3 Sentries","floor":6.0,"turns":14.0},{"damage":21.0,"enemies":"Large Slime","floor":11.0,"turns":7.0},{"damage":24.0,"enemies":"Gremlin Nob","floor":13.0,"turns":4.0},{"damage":10.0,"enemies":"Exordium Wildlife","floor":14.0,"turns":3.0},{"damage":33,"enemies":"The Guardian","floor":16,"turns":9},{"damage":17,"enemies":"2 Thieves","floor":18,"turns":2}],"seed_played":"-7129062856276937239","potions_obtained":[{"floor":6.0,"key":"SteroidPotion"},{"floor":11.0,"key":"BlessingOfTheForge"},{"floor":13.0,"key":"EssenceOfSteel"},{"floor":14.0,"key":"SkillPotion"}],"is_trial":false,"path_per_floor":["M","M","M","?","?","E","?","$","T","?","M","R","E","M","R","B",null,"M"],"character_chosen":"THE_SILENT","items_purchased":["Poisoned Stab"],"campfire_rested":2,"item_purchase_floors":[8],"current_hp_per_floor":[59,59,59,59,59,41,41,41,41,41,20,39,25,15,34,6,51,39,39],"gold":303,"neow_bonus":"THREE_ENEMY_KILL","is_daily":false,"chose_seed":false,"campfire_upgraded":0,"win_rate":0.0,"timestamp":1613350462,"path_taken":["M","M","M","?","?","E","?","$","T","?","M","R","E","M","R","BOSS","M"],"items_purchased_type":["Card"],"build_version":"2020-12-22","purchased_purges":1,"victory":false,"max_hp_per_floor":[66,66,66,66,66,66,66,66,66,66,66,66,66,66,66,66,66,66,66],"card_choices":[{"not_picked":["Deflect","Tactician"],"picked":"Poisoned Stab","floor":1.0},{"not_picked":["Cloak And Dagger","hubris:TrickCloak"],"picked":"Crippling Poison","floor":2.0},{"not_picked":["Underhanded Strike","Slice"],"picked":"Cloak And Dagger","floor":3.0},{"not_picked":["Bane","hubris:Counter"],"picked":"Poisoned Stab","floor":6.0},{"not_picked":["Backflip","Riddle With Holes","Heel Hook"],"picked":"SKIP","floor":11.0},{"not_picked":["All Out Attack","Calculated Gamble"],"picked":"Deadly Poison","floor":13.0},{"not_picked":["Sucker Punch","Dagger Spray"],"picked":"Envenom","floor":14.0},{"not_picked":["Corpse Explosion","After Image"],"picked":"Venomology","floor":16}],"player_experience":642680,"relics_obtained":[{"floor":6.0,"key":"Whetstone"},{"floor":9.0,"key":"Toy Ornithopter"},{"floor":13.0,"key":"Nunchaku"}],"event_choices":[{"damage_healed":0.0,"max_hp_gain":0.0,"max_hp_loss":0.0,"gold_gain":0.0,"event_name":"Golden Idol","player_choice":"Take Wound","floor":4.0,"gold_loss":0.0,"damage_taken":0.0,"relics_obtained":["Golden Idol"],"cards_obtained":["Injury"]},{"damage_healed":0.0,"max_hp_gain":0.0,"max_hp_loss":0.0,"gold_gain":0.0,"event_name":"Living Wall","player_choice":"Grow","floor":7.0,"gold_loss":0.0,"damage_taken":0.0,"cards_upgraded":["Crippling Poison"]},{"damage_healed":0.0,"max_hp_gain":0.0,"max_hp_loss":0.0,"gold_gain":0.0,"event_name":"FaceTrader","player_choice":"Trade","floor":10.0,"gold_loss":0.0,"damage_taken":0.0,"relics_obtained":["SsserpentHead"]}],"is_beta":false,"boss_relics":[{"not_picked":["Sozu","Velvet Choker"],"picked":"SlaversCollar"}],"items_purged_floors":[8],"is_endless":false,"potions_floor_spawned":[6,11,13,14],"killed_by":"2 Thieves","ascension_level":14}}