{"host":"yeg3u3dfqewtiiug","time":1613359266,"event":{"mods":["AchievementEnabler","BaseMod","Downfall","Minty Spire (QoL Compilation)","StSLib"],"gold_per_floor":[99,110,128,128,128,128,128,162,178,196,211,241,141,160,171,269,269,269,280,280,0,0,0,0,25,42,56,91,91,101,117,132,237,237,37,54,73,58,77,112,112,122,122,136,149,149,149,166,181,181,181,210,34,34,34,34,34,34],"floor_reached":56,"language":"ENG","playtime":8966,"items_purged":[],"score":762,"play_id":"2d15f4a0-60ab-48a4-9f0e-558200e0ba7e","local_time":"20210214212106","is_ascension_mode":false,"campfire_choices":[{"data":"Slimebound:CorrosiveSpit","floor":1,"key":"SMITH"},{"floor":13,"key":"REST"},{"floor":18,"key":"RECALL"},{"floor":29,"key":"REST"},{"data":"expansioncontent:DashGenerateEvil","floor":35,"key":"SMITH"},{"data":"Slimebound:MassRepurpose","floor":43,"key":"SMITH"},{"data":"Slimebound:FirmFortitude","floor":47,"key":"SMITH"},{"floor":54,"key":"REST"}],"circlet_count":0,"master_deck":["Slimebound:Strike_Slimebound","Slimebound:Strike_Slimebound","Slimebound:Tackle","Slimebound:Defend_Slimebound","Slimebound:Defend_Slimebound","Slimebound:Defend_Slimebound","Slimebound:Defend_Slimebound","Slimebound:Split","Slimebound:CorrosiveSpit+1","Slimebound:SplitMire","Slimebound:GoopSpray","Slimebound:MassRepurpose+1","Slimebound:LeadByExample","Slimebound:Dissolve","Slimebound:SpikyOuterGoop","Slimebound:Prepare","Slimebound:Schlurp","Slimebound:FirmFortitude+1","Slimebound:Dissolve+1","Slimebound:FormOfPuddle+1","expansioncontent:DashGenerateEvil+1","expansioncontent:DashGenerateEvil+1","Slimebound:GrowthPunch+1","Slimebound:SplitLeeching","Slimebound:SamplingLick+1","Slimebound:Teamwork+1","Slimebound:SplitBruiser+1","Slimebound:GoopSpray+1","Slimebound:RejuvenatingLick+1","Slimebound:LeechLife","Slimebound:LeechEnergy+1","Slimebound:WasteNot+1","Slimebound:HauntingLick+1","Slimebound:Split+1","Slimebound:SlimeBarrage+1","Slimebound:TongueLash+1","Slimebound:RainOfGoop+1","Master of Strategy+1","Slimebound:TongueLash+1"],"relics":["Slimebound:AbsorbEndCombatUpgraded","Omamori","The Courier","Anchor","Kunai","downfall:HeartBlessingGreen","Calling Bell","Dream Catcher","Blue Candle","Peace Pipe","Toxic Egg 2","White Beast Statue","downfall:HeartBlessingRed","downfall:HeartBlessingBlue","Boot","PreservedInsect","Happy Flower"],"acts_visited":["Exordium","TheCity","TheBeyond","TheEnding"],"potions_floor_usage":[15,28,32,33,36,40,50,50,55,55],"damage_taken":[{"damage":2,"enemies":"Small Slimes","floor":2,"turns":4},{"damage":6,"enemies":"Jaw Worm","floor":3,"turns":3},{"damage":21,"enemies":"Lagavulin","floor":8,"turns":8},{"damage":0,"enemies":"2 Louse","floor":9,"turns":2},{"damage":6,"enemies":"Exordium Thugs","floor":10,"turns":5},{"damage":6,"enemies":"Lots of Slimes","floor":11,"turns":4},{"damage":34,"enemies":"Gremlin Nob","floor":12,"turns":4},{"damage":4,"enemies":"Large Slime","floor":14,"turns":5},{"damage":0,"enemies":"Exordium Thugs","floor":15,"turns":4},{"damage":10,"enemies":"WA_ARCHETYPE_RETAIN","floor":16,"turns":11},{"damage":9,"enemies":"downfall:LooterAlt2","floor":19,"turns":6},{"damage":0,"enemies":"downfall:FleeingMerchant","floor":21,"turns":4},{"damage":0,"enemies":"Chosen","floor":22,"turns":1},{"damage":0,"enemies":"downfall:FleeingMerchant","floor":23,"turns":4},{"damage":24,"enemies":"Book of Stabbing","floor":25,"turns":6},{"damage":1,"enemies":"Snecko","floor":26,"turns":7},{"damage":9,"enemies":"Snake Plant","floor":27,"turns":4},{"damage":5,"enemies":"Slavers","floor":28,"turns":7},{"damage":5,"enemies":"Centurion and Healer","floor":30,"turns":8},{"damage":1,"enemies":"Shelled Parasite and Fungi","floor":31,"turns":7},{"damage":5,"enemies":"Snecko","floor":32,"turns":5},{"damage":16,"enemies":"IC_MUSHROOM_ARCHETYPE","floor":33,"turns":8},{"damage":7,"enemies":"Orb Walker","floor":36,"turns":4},{"damage":14,"enemies":"3 Shapes","floor":37,"turns":6},{"damage":0,"enemies":"downfall:FleeingMerchant","floor":38,"turns":4},{"damage":0,"enemies":"Jaw Worm Horde","floor":39,"turns":4},{"damage":19,"enemies":"Nemesis","floor":40,"turns":9},{"damage":16,"enemies":"Maw","floor":42,"turns":10},{"damage":3,"enemies":"Spire Growth","floor":44,"turns":5},{"damage":4,"enemies":"4 Shapes","floor":45,"turns":5},{"damage":5,"enemies":"Jaw Worm Horde","floor":48,"turns":4},{"damage":8,"enemies":"Writhing Mass","floor":49,"turns":5},{"damage":58,"enemies":"DF_ARCHETYPE_ORBS","floor":50,"turns":9},{"damage":73,"enemies":"downfall:CharBossMerchant","floor":52,"turns":7},{"damage":27,"enemies":"downfall:NeowBoss","floor":55,"turns":14},{"damage":125,"enemies":"downfall:NeowBossFinal","floor":56,"turns":5}],"seed_played":"-3618989195831655839","potions_obtained":[{"floor":9,"key":"Explosive Potion"},{"floor":12,"key":"SteroidPotion"},{"floor":14,"key":"bronze:BurnAndBuffPotion"},{"floor":19,"key":"Fire Potion"},{"floor":26,"key":"DuplicationPotion"},{"floor":28,"key":"GamblersBrew"},{"floor":30,"key":"sneckomod:MuddlingPotion"},{"floor":31,"key":"hexamod:SoulburnPotion"},{"floor":32,"key":"EssenceOfSteel"},{"floor":33,"key":"champ:CounterPotion"},{"floor":36,"key":"Strength Potion"},{"floor":38,"key":"hexamod:SoulburnPotion"},{"floor":40,"key":"FairyPotion"},{"floor":44,"key":"DuplicationPotion"},{"floor":48,"key":"LiquidMemories"},{"floor":52,"key":"AttackPotion"}],"is_trial":false,"path_per_floor":["R","M","M","?","?","?","T","E","M","M","M","E","R","M","M","B",null,"R","M","?","$","M","$","T","E","M","M","E","R","M","M","M","B",null,"R","M","M","$","M","E","T","M","R","M","M","?","R","M","M","B",null,"E","$","R","B","B"],"character_chosen":"SLIMEBOUND","items_purchased":["expansioncontent:DashGenerateEvil","expansioncontent:DashGenerateEvil","Master of Strategy+1","ColorlessPotion"],"campfire_rested":3,"item_purchase_floors":[21,21,53,53],"current_hp_per_floor":[71,71,69,69,69,66,66,53,57,57,59,29,50,48,52,50,71,71,68,47,51,51,57,57,39,42,39,36,57,60,65,64,56,71,81,77,72,75,81,77,77,81,81,81,80,80,80,81,76,50,81,16,16,40,70,0,0,0],"gold":34,"neow_bonus":"TEN_PERCENT_HP_BONUS","is_daily":false,"chose_seed":false,"campfire_upgraded":4,"win_rate":0.0,"timestamp":1613359266,"path_taken":["R","M","M","?","?","?","T","E","M","M","M","E","R","?","M","BOSS","R","M","?","$","M","$","T","E","?","M","E","R","M","M","M","BOSS","R","M","M","$","M","E","T","M","R","M","M","?","R","M","M","BOSS","E","$","R","BOSS","BOSS"],"items_purchased_type":["Card","Card","Card","Potion"],"build_version":"2020-12-22","purchased_purges":0,"victory":false,"max_hp_per_floor":[71,71,71,71,71,71,71,71,71,71,71,71,71,71,71,71,71,71,71,71,71,71,71,71,71,71,71,71,71,71,71,71,71,71,81,81,81,81,81,81,81,81,81,81,81,81,81,81,81,81,81,81,81,81,81,81,81,81],"card_choices":[{"not_picked":["Slimebound:LeechEnergy","Slimebound:SamplingLick"],"picked":"Slimebound:SplitMire","floor":2},{"not_picked":["Slimebound:Dissolve","Slimebound:RollThrough"],"picked":"Slimebound:GoopSpray","floor":3},{"not_picked":["Slimebound:ItLooksTasty","Slimebound:Grow"],"picked":"Slimebound:MassRepurpose","floor":8},{"not_picked":["Slimebound:Schlurp","Slimebound:GoopTackle"],"picked":"Slimebound:LeadByExample","floor":9},{"not_picked":["Slimebound:GoopSpray","Slimebound:Schlurp"],"picked":"Slimebound:Dissolve","floor":10},{"not_picked":["Slimebound:SlimeSpikes","Slimebound:SplitAcid"],"picked":"Slimebound:SpikyOuterGoop","floor":11},{"not_picked":["Slimebound:Dissolve","Slimebound:RainOfGoop"],"picked":"Slimebound:Prepare","floor":12},{"not_picked":["Slimebound:FormOfPuddle","Slimebound:FinishingTackle","Slimebound:PressTheAttack"],"picked":"SKIP","floor":14},{"not_picked":["Slimebound:ItLooksTasty","Slimebound:SplitBruiser"],"picked":"Slimebound:Schlurp","floor":15},{"not_picked":["Slimebound:PrepareCrush","Slimebound:DouseInSlime"],"picked":"Slimebound:FirmFortitude","floor":16},{"not_picked":["Slimebound:LivingWall+1","Slimebound:LeadByExample"],"picked":"Slimebound:Dissolve+1","floor":19},{"not_picked":["Slimebound:GoopSpray","Slimebound:PressTheAttack"],"picked":"Slimebound:FormOfPuddle+1","floor":21},{"not_picked":["Slimebound:FinishingTackle","Slimebound:ProtectTheBoss"],"picked":"Slimebound:GrowthPunch+1","floor":22},{"not_picked":["Slimebound:ComboTackle+1","Slimebound:RollThrough"],"picked":"Slimebound:SplitLeeching","floor":23},{"not_picked":["Slimebound:Chomp","Slimebound:SlimeTap+1"],"picked":"Slimebound:SamplingLick+1","floor":25},{"not_picked":["Slimebound:ProtectTheBoss","Slimebound:LeechingTouch"],"picked":"Slimebound:Teamwork+1","floor":26},{"not_picked":["Slimebound:Schlurp+1","Slimebound:ForwardTackle+1"],"picked":"Slimebound:SplitBruiser+1","floor":27},{"not_picked":["Slimebound:PressTheAttack","Slimebound:SpikyOuterGoop","Slimebound:GrowthPunch"],"picked":"SKIP","floor":28},{"not_picked":["Slimebound:SlimeSpikes+1","Slimebound:PressTheAttack"],"picked":"Slimebound:GoopSpray+1","floor":29},{"not_picked":["Slimebound:LeechEnergy","Slimebound:Prepare+1","Slimebound:RollThrough"],"picked":"SKIP","floor":30},{"not_picked":["Slimebound:ItLooksTasty+1","Slimebound:LivingWall+1","Slimebound:GoopSpray+1"],"picked":"SKIP","floor":31},{"not_picked":["Slimebound:LeechEnergy","Slimebound:FormOfPuddle+1"],"picked":"Slimebound:RejuvenatingLick+1","floor":32},{"not_picked":["Slimebound:SlimeSlap","Slimebound:MassFeed"],"picked":"Slimebound:LeechLife","floor":33},{"not_picked":["Slimebound:PressTheAttack","Slimebound:Prepare+1","Slimebound:Replication+1"],"picked":"SKIP","floor":36},{"not_picked":["Slimebound:AcidTongue","Slimebound:SplitLeeching+1"],"picked":"Slimebound:LeechEnergy+1","floor":37},{"not_picked":["Slimebound:Gluttony","Slimebound:LeechEnergy+1"],"picked":"Slimebound:WasteNot+1","floor":38},{"not_picked":["Slimebound:PressTheAttack+1","Slimebound:Schlurp+1"],"picked":"Slimebound:HauntingLick+1","floor":39},{"not_picked":["Slimebound:Nibble+1","Slimebound:LeechEnergy+1","Slimebound:Chomp"],"picked":"SKIP","floor":40},{"not_picked":["Slimebound:LeechEnergy","Slimebound:GrowthPunch+1","Slimebound:Grow"],"picked":"SKIP","floor":42},{"not_picked":["Slimebound:GoopSpray+1","Slimebound:MassFeed","Slimebound:SlimeTap+1"],"picked":"SKIP","floor":44},{"not_picked":["Slimebound:Dissolve+1","Slimebound:Schlurp+1","Slimebound:SlimeTap+1"],"picked":"SKIP","floor":45},{"not_picked":["Slimebound:LivingWall+1","Slimebound:FormOfPuddle+1"],"picked":"Slimebound:SlimeBarrage+1","floor":48},{"not_picked":["Slimebound:PressTheAttack","Slimebound:Schlurp+1"],"picked":"Slimebound:TongueLash+1","floor":49},{"not_picked":["Slimebound:ComboTackle+1","Slimebound:LeechEnergy+1"],"picked":"Slimebound:RainOfGoop+1","floor":52},{"not_picked":["Slimebound:SplitBruiser+1","Slimebound:RollThrough"],"picked":"Slimebound:TongueLash+1","floor":54}],"player_experience":357133,"relics_obtained":[{"floor":7,"key":"The Courier"},{"floor":8,"key":"Anchor"},{"floor":12,"key":"Kunai"},{"floor":17,"key":"Dream Catcher"},{"floor":17,"key":"Blue Candle"},{"floor":17,"key":"Peace Pipe"},{"floor":25,"key":"Toxic Egg 2"},{"floor":28,"key":"White Beast Statue"},{"floor":40,"key":"Boot"},{"floor":41,"key":"PreservedInsect"},{"floor":52,"key":"Happy Flower"}],"event_choices":[{"damage_healed":0,"gold_gain":0,"player_choice":"Success","damage_taken":3,"relics_obtained":["Omamori"],"max_hp_gain":0,"max_hp_loss":0,"event_name":"Scrap Ooze","floor":6,"gold_loss":0}],"is_beta":false,"boss_relics":[{"not_picked":["Coffee Dripper","Empty Cage"],"picked":"Calling Bell"},{"not_picked":["bronze:MakeshiftBattery","Snecko Eye"],"picked":"Slimebound:AbsorbEndCombatUpgraded"}],"items_purged_floors":[],"is_endless":false,"potions_floor_spawned":[9,12,14,19,26,28,30,31,32,33,36,37,38,39,40,42,44,45,48,49,52],"killed_by":"downfall:NeowBossFinal","ascension_level":0}}