{"host":"r0ye8pdzuq6zwfvs","time":1613358569,"event":{"mods":["AchievementEnabler","BaseMod","BetterRewards","CapriCore","Card Forge","Colored Map","Colored Powertips","Custom Start","DeckTracker","Luminous","Minty Spire (QoL Compilation)","Permanent Neow","Prisma Mod","Quick Restart","Relic Stats","Shop Mod","StSLib","SuperFastMode","Swap Starting Deck Mod","The Alterego","The Immortal","Uncapped"],"gold_per_floor":[116,136,148,162,177,177,207,207,207,238,157,177,177,208,208,311,311,324,344,344,363,363,363,381,401,401,401,426,351,377,396,396,492,492,510,521,521,135,151,176,176,24,69,69,82,82,102,137,137,137,137,137,12,43,43],"floor_reached":56,"language":"ENG","playtime":2159,"items_purged":["PrismaMod:ChloeCommonDefend","PrismaMod:ChloeCommonDefend","PrismaMod:ChloeCommonDefend"],"score":1619,"play_id":"dca6e015-6e63-4508-8ad3-130a96998994","local_time":"20210214200929","is_ascension_mode":false,"campfire_choices":[{"data":"PrismaMod:ChloeAnyPowerTrace","floor":6,"key":"SMITH"},{"floor":8,"key":"RECALL"},{"data":"PrismaMod:ChloeExhaustTwo","floor":15,"key":"SMITH"},{"data":"PrismaMod:ChloeAnyRareTrace","floor":27,"key":"SMITH"},{"data":"PrismaMod:ChloeCarnivalAttack","floor":32,"key":"SMITH"},{"data":"PrismaMod:ChloeUnlimitedBladeWorks","floor":41,"key":"SMITH"},{"data":"PrismaMod:ChloeCarnivalDefend","floor":46,"key":"SMITH"},{"data":"PrismaMod:ChloeRuleBreaker","floor":49,"key":"SMITH"},{"data":"PrismaMod:ChloeCheapDefend","floor":52,"key":"SMITH"}],"circlet_count":0,"master_deck":["PrismaMod:ChloeCommonAttack","PrismaMod:ChloeCommonAttack","PrismaMod:ChloeCommonAttack","PrismaMod:ChloeCommonAttack","PrismaMod:ChloeCommonDefend","PrismaMod:ChloeCommonDefend","PrismaMod:ChloeCheapAttack","PrismaMod:ChloeCheapDefend+1","PrismaMod:ChloeExhaustTwo+1","PrismaMod:ChloeMaid","PrismaMod:ChloeRuleBreaker+1","PrismaMod:ChloeAnyPowerTrace+1","PrismaMod:ChloeAnyRareTrace+1","PrismaMod:ChloeCarnivalAttack+1","PrismaMod:ChloeUnlimitedBladeWorks+1","CurseOfTheBell","PrismaMod:ChloeCarnivalDefend+1"],"relics":["PrismaMod:PrismaTraceOn","Hammer of Thor","Seething Fire","Anvil of the Gods","Vajra","FossilizedHelix","Thread and Needle","Bottled Lightning","Nunchaku","MerchantsRug","Mummified Hand","Coffee Dripper","Ice Cream","Meat on the Bone","Calling Bell","Bronze Scales","White Beast Statue","Prayer Wheel","Strawberry","PreservedInsect","Orichalcum","Boot","Pear","Blue Candle"],"acts_visited":["Exordium","TheCity","TheBeyond","TheEnding"],"potions_floor_usage":[5,55,55],"damage_taken":[{"damage":0,"enemies":"Small Slimes","floor":1,"turns":3},{"damage":0,"enemies":"Jaw Worm","floor":2,"turns":3},{"damage":0,"enemies":"2 Louse","floor":3,"turns":2},{"damage":0,"enemies":"Large Slime","floor":4,"turns":5},{"damage":0,"enemies":"Lots of Slimes","floor":5,"turns":2},{"damage":18,"enemies":"3 Sentries","floor":7,"turns":8},{"damage":4,"enemies":"Gremlin Nob","floor":10,"turns":5},{"damage":0,"enemies":"3 Louse","floor":12,"turns":4},{"damage":0,"enemies":"Lagavulin","floor":14,"turns":4},{"damage":0,"enemies":"Slime Boss","floor":16,"turns":5},{"damage":0,"enemies":"3 Byrds","floor":18,"turns":1},{"damage":0,"enemies":"Shell Parasite","floor":19,"turns":2},{"damage":17,"enemies":"Shelled Parasite and Fungi","floor":21,"turns":7},{"damage":0,"enemies":"Cultist and Chosen","floor":24,"turns":2},{"damage":0,"enemies":"Snake Plant","floor":25,"turns":2},{"damage":0,"enemies":"Slavers","floor":28,"turns":2},{"damage":5,"enemies":"Book of Stabbing","floor":30,"turns":3},{"damage":0,"enemies":"Shelled Parasite and Fungi","floor":31,"turns":2},{"damage":0,"enemies":"Collector","floor":33,"turns":4},{"damage":0,"enemies":"3 Shapes","floor":35,"turns":1},{"damage":0,"enemies":"Orb Walker","floor":36,"turns":1},{"damage":0,"enemies":"Writhing Mass","floor":39,"turns":1},{"damage":0,"enemies":"Giant Head","floor":40,"turns":3},{"damage":0,"enemies":"Jaw Worm Horde","floor":45,"turns":1},{"damage":0,"enemies":"3 Darklings","floor":47,"turns":1},{"damage":0,"enemies":"Reptomancer","floor":48,"turns":2},{"damage":10,"enemies":"Donu and Deca","floor":50,"turns":3},{"damage":0,"enemies":"Shield and Spear","floor":54,"turns":3},{"damage":83,"enemies":"The Heart","floor":55,"turns":5}],"seed_played":"-6574362419984796766","potions_obtained":[{"floor":1,"key":"LiquidMemories"},{"floor":3,"key":"Regen Potion"},{"floor":10,"key":"FearPotion"},{"floor":12,"key":"DistilledChaos"},{"floor":35,"key":"Ancient Potion"}],"is_trial":false,"path_per_floor":["M","M","M","M","M","R","E","R","T","E","$","M","?","E","R","B",null,"M","M","?","M","?","?","M","M","T","R","E","$","E","M","R","B",null,"M","M","?","$","M","E","R","$","T","?","M","R","M","E","R","B",null,"R","$","E","B",null],"character_chosen":"CHLOE","items_purchased":["Vajra","MerchantsRug","Strawberry","PrismaMod:ChloeCarnivalDefend","Orichalcum"],"campfire_rested":0,"item_purchase_floors":[0,11,38,38,42],"current_hp_per_floor":[75,75,75,75,75,75,60,60,60,56,56,69,74,81,81,81,83,83,83,83,80,80,80,80,80,80,80,83,83,85,85,85,85,86,86,86,82,89,89,89,89,89,89,89,89,89,89,99,99,89,99,99,99,99,37],"gold":43,"neow_bonus":"","is_daily":false,"chose_seed":false,"campfire_upgraded":8,"win_rate":0.0,"timestamp":1613358569,"path_taken":["M","M","M","M","M","R","E","R","T","E","$","M","?","E","R","BOSS","M","M","?","M","?","?","M","?","T","R","E","$","E","M","R","BOSS","M","M","?","$","M","E","R","$","T","?","M","R","M","E","R","BOSS","R","$","E","BOSS"],"items_purchased_type":["Relic","Relic","Relic","Card","Relic"],"build_version":"2020-12-22","purchased_purges":3,"victory":true,"max_hp_per_floor":[75,75,75,75,75,75,78,78,78,78,78,78,83,83,83,83,83,83,83,83,83,83,83,83,83,83,83,86,86,86,86,86,86,86,86,86,82,89,89,89,89,89,89,89,89,89,89,99,99,99,99,99,99,99,99],"relic_stats":{"Nunchaku":[33],"counters":[59,131],"Mummified Hand":[64],"Bronze Scales":[277],"Blue Candle":[0],"Prayer Wheel":5,"PreservedInsect":125,"Orichalcum":[42],"Boot":[28],"obtain_stats":[{"Ice Cream":28,"Tiny House":34,"Singing Bowl":6,"Nilry\u0027s Codex":22,"Vajra":4,"Hammer of Thor":0,"Juzu Bracelet":8,"alterego_mod:SomeoneToFightFor":30,"Ancient Tea Set":27,"Boot":0,"PrismaMod:PrismaTraceOn":0,"Blood Vial":48,"Nunchaku":10,"HornCleat":26,"Mummified Hand":14,"Strawberry":38,"Prayer Wheel":0,"WingedGreaves":40,"Potion Belt":0,"MerchantsRug":4,"Girya":42,"Pear":54,"Blue Candle":54,"Thread and Needle":7,"PreservedInsect":40,"Seething Fire":0,"Letter Opener":31,"Orichalcum":42,"White Beast Statue":34,"Mercury Hourglass":25,"Du-Vu Doll":0,"Calling Bell":34,"Runic Dome":0,"Anchor":23,"Anvil of the Gods":0,"Bird Faced Urn":39,"Bronze Scales":43,"Orrery":0,"Ectoplasm":17,"Art of War":10,"Bag of Marbles":37,"Coffee Dripper":17,"Bottled Lightning":9,"FossilizedHelix":0,"Pocketwatch":0,"Meat on the Bone":30},{"Ice Cream":46,"Tiny House":19,"Singing Bowl":5,"Nilry\u0027s Codex":15,"Vajra":4,"Hammer of Thor":0,"Juzu Bracelet":6,"alterego_mod:SomeoneToFightFor":17,"Ancient Tea Set":17,"Boot":30,"PrismaMod:PrismaTraceOn":0,"Blood Vial":27,"Nunchaku":37,"HornCleat":17,"Mummified Hand":39,"Strawberry":51,"Prayer Wheel":30,"WingedGreaves":24,"Potion Belt":30,"MerchantsRug":4,"Girya":25,"Pear":29,"Blue Candle":58,"Thread and Needle":36,"PreservedInsect":53,"Seething Fire":0,"Letter Opener":18,"Orichalcum":53,"White Beast Statue":49,"Mercury Hourglass":17,"Du-Vu Doll":30,"Calling Bell":49,"Runic Dome":0,"Anchor":16,"Anvil of the Gods":0,"Bird Faced Urn":23,"Bronze Scales":25,"Orrery":30,"Ectoplasm":11,"Art of War":7,"Bag of Marbles":21,"Coffee Dripper":40,"Bottled Lightning":36,"FossilizedHelix":30,"Pocketwatch":30,"Meat on the Bone":47},{"Ice Cream":101,"Tiny House":31,"Singing Bowl":17,"Nilry\u0027s Codex":27,"Vajra":16,"Hammer of Thor":0,"Juzu Bracelet":18,"alterego_mod:SomeoneToFightFor":29,"Ancient Tea Set":29,"Boot":44,"PrismaMod:PrismaTraceOn":0,"Blood Vial":39,"Nunchaku":72,"HornCleat":29,"Mummified Hand":80,"Strawberry":112,"Prayer Wheel":44,"WingedGreaves":36,"Potion Belt":44,"MerchantsRug":16,"Girya":37,"Pear":41,"Blue Candle":126,"Thread and Needle":67,"PreservedInsect":116,"Seething Fire":0,"Letter Opener":30,"Orichalcum":116,"White Beast Statue":110,"Mercury Hourglass":29,"Du-Vu Doll":44,"Calling Bell":110,"Runic Dome":0,"Anchor":28,"Anvil of the Gods":0,"Bird Faced Urn":35,"Bronze Scales":37,"Orrery":44,"Ectoplasm":23,"Art of War":19,"Bag of Marbles":33,"Coffee Dripper":85,"Bottled Lightning":67,"FossilizedHelix":44,"Pocketwatch":44,"Meat on the Bone":104}],"Meat on the Bone":48},"card_choices":[{"not_picked":["PrismaMod:ChloeCheapDefendTwo","PrismaMod:ChloeDiscardRecovery"],"picked":"PrismaMod:ChloeMaid","floor":1},{"not_picked":["PrismaMod:ChloeCheapAttackTwo","PrismaMod:ChloeCommonAOEAttack","PrismaMod:ChloeDiscardRecovery"],"picked":"SKIP","floor":2},{"not_picked":["PrismaMod:ChloeExhaustTwo","PrismaMod:ChloeCheapDefend"],"picked":"PrismaMod:ChloeRuleBreaker","floor":3},{"not_picked":["PrismaMod:ChloeCheapAttack","PrismaMod:ChloeExhaustOne","PrismaMod:ChloeCommonAOEAttack"],"picked":"SKIP","floor":4},{"not_picked":["PrismaMod:ChloeUncommonAttack","PrismaMod:ChloeCommonAOEAttack"],"picked":"PrismaMod:ChloeAnyPowerTrace","floor":5},{"not_picked":["PrismaMod:ChloeRuleBreaker","PrismaMod:ChloeCommonAOEAttack","PrismaMod:ChloeCheapDefendTwo"],"picked":"SKIP","floor":7},{"not_picked":["PrismaMod:ChloeBetterTracePools","PrismaMod:ChloeCheapDefendTwo","PrismaMod:ChloeUncommonAOEAttack"],"picked":"SKIP","floor":10},{"not_picked":["PrismaMod:ChloeCheapAttack","PrismaMod:ChloeCheapDefendTwo","PrismaMod:ChloeCommonAOEAttack"],"picked":"SKIP","floor":12},{"not_picked":["PrismaMod:ChloeUncommonAttack","PrismaMod:ChloeExhaustOne","PrismaMod:ChloeCheapDefendTwo"],"picked":"SKIP","floor":14},{"not_picked":["PrismaMod:ChloeCarnivalDefend","PrismaMod:ChloeDoubleRelicSpeed"],"picked":"PrismaMod:ChloeAnyRareTrace","floor":16},{"not_picked":["PrismaMod:ChloeCommonAOEAttack","PrismaMod:ChloeCheapDefendTwo+1","PrismaMod:ChloeExcalibur+1"],"picked":"SKIP","floor":18},{"not_picked":["PrismaMod:ChloeExhaustOne","PrismaMod:ChloeExcalibur","PrismaMod:ChloeGaeBolg"],"picked":"SKIP","floor":19},{"not_picked":["PrismaMod:ChloeExhaustOne","PrismaMod:ChloeCheapDefend","PrismaMod:ChloeDemonicTutor"],"picked":"SKIP","floor":21},{"not_picked":["PrismaMod:ChloeCheapDefendTwo","PrismaMod:ChloeExhaustOne","PrismaMod:ChloeChristmas"],"picked":"SKIP","floor":24},{"not_picked":["PrismaMod:ChloeDiscardRecovery","PrismaMod:ChloeCheapDefendTwo+1","PrismaMod:ChloeCommonAOEAttack"],"picked":"SKIP","floor":25},{"not_picked":["PrismaMod:ChloeExhaustOne","PrismaMod:ChloeCheapDefend"],"picked":"PrismaMod:ChloeCarnivalAttack","floor":28},{"not_picked":["PrismaMod:ChloeMaid+1","PrismaMod:ChloeExcalibur","PrismaMod:ChloeCheapDefendTwo"],"picked":"SKIP","floor":30},{"not_picked":["PrismaMod:ChloeCheapDefendTwo","PrismaMod:ChloeDemonicTutor","PrismaMod:ChloeEyeOfTheEuryale"],"picked":"SKIP","floor":31},{"not_picked":["PrismaMod:ChloeAnyRareTrace","PrismaMod:ChloeExhaustThree"],"picked":"PrismaMod:ChloeUnlimitedBladeWorks","floor":33},{"not_picked":["PrismaMod:ChloeRhongomyniad+1","PrismaMod:ChloeExhaustOne","PrismaMod:ChloeCheapAttack"],"picked":"SKIP","floor":35},{"not_picked":["PrismaMod:ChloeCheapDefendTwo+1","PrismaMod:ChloeDiscardRecovery+1","PrismaMod:ChloeCommonAOEAttack+1"],"picked":"SKIP","floor":35},{"not_picked":["PrismaMod:ChloeCheapDefend+1","PrismaMod:ChloeCommonAOEAttack","PrismaMod:ChloeRhongomyniad"],"picked":"SKIP","floor":36},{"not_picked":["PrismaMod:ChloeCheapAttackTwo+1","PrismaMod:ChloeCommonAOEAttack+1","PrismaMod:ChloeExcalibur+1"],"picked":"SKIP","floor":36},{"not_picked":["PrismaMod:ChloeCheapAttackTwo","PrismaMod:ChloeGaeBolg+1","PrismaMod:ChloeUncommonAOEAttack+1"],"picked":"SKIP","floor":39},{"not_picked":["PrismaMod:ChloeEyeOfTheEuryale","PrismaMod:ChloeChristmas+1","PrismaMod:ChloeUncommonAttack+1"],"picked":"SKIP","floor":39},{"not_picked":["PrismaMod:ChloeDemonicTutor+1","PrismaMod:ChloeGaeBolg+1","PrismaMod:ChloeCaladbolg+1"],"picked":"SKIP","floor":40},{"not_picked":["PrismaMod:ChloeRuleBreaker","PrismaMod:ChloeExcalibur","PrismaMod:ChloeCommonAOEAttack"],"picked":"SKIP","floor":45},{"not_picked":["PrismaMod:ChloeAnyRareTrace","PrismaMod:ChloeBetterTracePools+1","PrismaMod:ChloeCheapDefendTwo+1"],"picked":"SKIP","floor":45},{"not_picked":["PrismaMod:ChloeExhaustOne+1","PrismaMod:ChloeDiscardRecovery","PrismaMod:ChloeExcalibur+1"],"picked":"SKIP","floor":47},{"not_picked":["PrismaMod:ChloeCaladbolg","PrismaMod:ChloeDiscardRecovery","PrismaMod:ChloeCheapDefend+1"],"picked":"SKIP","floor":47},{"not_picked":["PrismaMod:ChloeMordred","PrismaMod:ChloeUncommonAOEAttack+1","PrismaMod:ChloeGaeBolg"],"picked":"SKIP","floor":48},{"not_picked":["PrismaMod:ChloeDemonicTutor+1","PrismaMod:ChloeCarnivalAttack","PrismaMod:ChloeUncommonDefend"],"picked":"SKIP","floor":54}],"player_experience":228065,"relics_obtained":[{"floor":7,"key":"Thread and Needle"},{"floor":9,"key":"Bottled Lightning"},{"floor":10,"key":"Nunchaku"},{"floor":14,"key":"Mummified Hand"},{"floor":28,"key":"Ice Cream"},{"floor":30,"key":"Meat on the Bone"},{"floor":34,"key":"Bronze Scales"},{"floor":34,"key":"White Beast Statue"},{"floor":34,"key":"Prayer Wheel"},{"floor":40,"key":"PreservedInsect"},{"floor":43,"key":"Boot"},{"floor":48,"key":"Pear"},{"floor":54,"key":"Blue Candle"}],"event_choices":[{"damage_healed":0,"gold_gain":0,"player_choice":"Donut","damage_taken":0,"max_hp_gain":5,"max_hp_loss":0,"event_name":"Big Fish","floor":13,"gold_loss":0},{"damage_healed":0,"gold_gain":0,"player_choice":"Ignored","damage_taken":0,"max_hp_gain":0,"max_hp_loss":0,"event_name":"The Mausoleum","floor":20,"gold_loss":0},{"damage_healed":0,"gold_gain":0,"player_choice":"Ignored","damage_taken":0,"max_hp_gain":0,"max_hp_loss":0,"event_name":"Vampires","floor":22,"gold_loss":0},{"damage_healed":0,"gold_gain":0,"player_choice":"Ignored","damage_taken":0,"max_hp_gain":0,"max_hp_loss":0,"event_name":"NoteForYourself","floor":23,"gold_loss":0},{"damage_healed":0,"gold_gain":0,"player_choice":"Max HP","damage_taken":0,"max_hp_gain":0,"max_hp_loss":4,"event_name":"Winding Halls","floor":37,"gold_loss":0},{"damage_healed":0,"gold_gain":0,"player_choice":"Memory 1","damage_taken":0,"max_hp_gain":0,"max_hp_loss":0,"event_name":"SensoryStone","floor":44,"gold_loss":0}],"is_beta":false,"boss_relics":[{"not_picked":["Empty Cage","Cursed Key"],"picked":"Coffee Dripper"},{"not_picked":["Snecko Eye","Astrolabe"],"picked":"Calling Bell"}],"items_purged_floors":[29,38,53],"is_endless":false,"potions_floor_spawned":[1,3,10,12,16,19,21,24,30,31,35,36,39,40,45,47,48,54],"ascension_level":0}}