{"host":"121m0oxswv9tg9hk","time":1613428448,"event":{"mods":["AchievementEnabler","BaseMod","Better Third Choice","Hubris","Minty Spire (QoL Compilation)","Replay The Spire","StSLib","The Cursed","The Hierophant"],"gold_per_floor":[115,115,5,23,36,64,64,84,109,135,135,135,155,186,186,286,286,303,319,335,335,127,152,102,133,179,179,179,179,119,146,146,241,241,258,306,321,40,40,66,66,91,115,165,165,195,195,0,0,0,0,0,0,35,35],"floor_reached":56,"language":"ENG","playtime":4056,"items_purged":["TheCursedMod:Defend_TheCursed","TheCursedMod:Strike_TheCursed","TheCursedMod:CursedBlade"],"score":1756,"play_id":"069e33da-9a7c-4b4a-afcd-ff25e06ac4f0","local_time":"20210215233408","is_ascension_mode":true,"campfire_choices":[{"data":"TheCursedMod:CursedStaff","floor":12,"key":"SMITH"},{"data":"TheCursedMod:SurpriseAttack","floor":15,"key":"SMITH"},{"data":"TheCursedMod:Defend_TheCursed","floor":27,"key":"SMITH"},{"data":"TheCursedMod:Defend_TheCursed","floor":29,"key":"SMITH"},{"data":"TheCursedMod:Strike_TheCursed","floor":32,"key":"SMITH"},{"floor":41,"key":"RECALL"},{"data":"TheCursedMod:Defend_TheCursed","floor":45,"key":"SMITH"},{"data":"TheCursedMod:Defend_TheCursed","floor":47,"key":"SMITH"},{"floor":49,"key":"REST"},{"floor":52,"key":"REST"}],"circlet_count":0,"master_deck":["TheCursedMod:Defend_TheCursed","TheCursedMod:Defend_TheCursed","TheCursedMod:CursedWand+1","TheCursedMod:CleanUpWorkshop","TheCursedMod:Dregs","TheCursedMod:SurpriseAttack+1","TheCursedMod:CursedStaff+1","TheCursedMod:CircleOfBlood","TheCursedMod:StingEye","TheCursedMod:Stigma","Apotheosis+1","TheCursedMod:WearCloak","TheCursedMod:VitalStrike","TheCursedMod:AbyssShockwave","TheCursedMod:DemonicPact","TheCursedMod:Hemoplague","TheCursedMod:Obscuration","TheCursedMod:WearCloak+1","Necronomicurse","TheCursedMod:SpitefulPlan","TheCursedMod:AshesToAshes","TheCursedMod:HellfireBreathing","TheCursedMod:CursedShiv","TheCursedMod:CircleOfFlame","TheCursedMod:StunningStrike","TheCursedMod:LuckyCharm+1","TheCursedMod:RapidMovement","TheCursedMod:FleshFromBone","TheCursedMod:EmpowerCircles+1","TheCursedMod:SoulReap","TheCursedMod:CircleOfFlame+1","TheCursedMod:CircleOfFocus"],"relics":["TheCursedMod:BlackMagic101","Ancient Tea Set","ReplayTheSpireMod:Lightbulb","Nunchaku","ReplayTheSpireMod:Ring of Exchange","hubris:CuriousFeather","Replay:Bronze Core","Necronomicon","Pocketwatch","Tiny Chest","Simple Rune","Boot","hubris:ScarierMask","hubris:64BitClover","Anchor","hubris:SlimyHat","FossilizedHelix","Pen Nib","TheCursedMod:MagicCandle","Replay:PocketPolymizer","Red Mask","hubris:MysteriousPyramids"],"acts_visited":["Exordium","TheCity","TheBeyond","TheEnding"],"potions_floor_usage":[6,16,18,19,23,23,35,44,46,46,55,55,55],"damage_taken":[{"damage":1,"enemies":"Jaw Worm","floor":1,"turns":4},{"damage":0,"enemies":"Cultist","floor":4,"turns":2},{"damage":0,"enemies":"2 Louse","floor":5,"turns":2},{"damage":11,"enemies":"3 Sentries","floor":6,"turns":8},{"damage":0,"enemies":"Large Slime","floor":8,"turns":4},{"damage":4,"enemies":"Lagavulin","floor":10,"turns":5},{"damage":0,"enemies":"3 Louse","floor":13,"turns":2},{"damage":3,"enemies":"Replay:BlueRogue","floor":14,"turns":4},{"damage":0,"enemies":"The Guardian","floor":16,"turns":7},{"damage":2,"enemies":"Shell Parasite","floor":18,"turns":5},{"damage":2,"enemies":"Chosen","floor":19,"turns":4},{"damage":18,"enemies":"Shelled Parasite and Fungi","floor":20,"turns":5},{"damage":0,"enemies":"Gremlin Leader","floor":23,"turns":4},{"damage":0,"enemies":"Replay:Snechameleon","floor":25,"turns":4},{"damage":0,"enemies":"Book of Stabbing","floor":31,"turns":4},{"damage":0,"enemies":"Collector","floor":33,"turns":5},{"damage":0,"enemies":"3 Shapes","floor":35,"turns":1},{"damage":0,"enemies":"2 Orb Walkers","floor":36,"turns":3},{"damage":0,"enemies":"Orb Walker","floor":37,"turns":2},{"damage":26,"enemies":"Nemesis","floor":40,"turns":7},{"damage":0,"enemies":"R_Hoarder","floor":42,"turns":6},{"damage":0,"enemies":"Mind Bloom Boss Battle","floor":44,"turns":6},{"damage":24,"enemies":"Reptomancer","floor":46,"turns":8},{"damage":55,"enemies":"Time Eater","floor":50,"turns":10},{"damage":0,"enemies":"Shield and Spear","floor":54,"turns":3},{"damage":33,"enemies":"The Heart","floor":55,"turns":6}],"seed_played":"-6131889251563323866","potions_obtained":[{"floor":1,"key":"Dexterity Potion"},{"floor":5,"key":"LiquidMemories"},{"floor":8,"key":"PowerPotion"},{"floor":14,"key":"Fire Potion"},{"floor":16,"key":"Weak Potion"},{"floor":18,"key":"Fire Potion"},{"floor":20,"key":"DistilledChaos"},{"floor":33,"key":"Swift Potion"},{"floor":36,"key":"BlessingOfTheForge"},{"floor":42,"key":"ColorlessPotion"},{"floor":44,"key":"Weak Potion"},{"floor":46,"key":"Cursed Concoction"},{"floor":54,"key":"SpeedPotion"}],"is_trial":false,"path_per_floor":["M","?","$","M","M","E","?","M","T","E","?","R","M","E","R","B",null,"M","M","M","?","$","E","$","E","T","R","?","R","?","E","R","B",null,"M","?","M","$","T","E","R","E","T","?","R","E","R","?","R","B",null,"R","$","E","B",null],"character_chosen":"THE_CURSED","items_purchased":["TheCursedMod:CursedStaff","TheCursedMod:SpitefulPlan","TheCursedMod:AshesToAshes","TheCursedMod:CursedShiv","Anchor"],"campfire_rested":2,"item_purchase_floors":[3,22,22,24,38],"current_hp_per_floor":[74,74,74,74,75,66,66,75,75,71,71,71,75,75,75,75,75,73,75,67,51,51,55,55,75,75,75,75,75,75,75,75,75,75,75,75,75,75,75,49,49,57,57,72,72,51,51,51,73,32,64,75,75,75,55],"gold":35,"neow_bonus":"UPGRADE_CARD","is_daily":false,"chose_seed":false,"campfire_upgraded":7,"win_rate":0.0,"timestamp":1613428448,"path_taken":["M","?","$","M","?","E","?","M","T","E","?","R","M","E","R","BOSS","M","M","M","?","$","E","$","E","T","R","?","R","?","E","R","BOSS","M","?","M","$","?","E","R","E","T","?","R","E","R","?","R","BOSS","R","$","E","BOSS"],"items_purchased_type":["Card","Card","Card","Card","Relic"],"build_version":"2020-12-22","purchased_purges":3,"victory":true,"max_hp_per_floor":[75,75,75,75,75,75,75,75,75,75,75,75,75,75,75,75,75,75,75,75,75,75,75,75,75,75,75,75,75,75,75,75,75,75,75,75,75,75,75,75,75,75,75,75,75,75,75,75,75,75,75,75,75,75,75],"card_choices":[{"not_picked":["TheCursedMod:EmpowerCircles","TheCursedMod:CursedMace"],"picked":"TheCursedMod:SurpriseAttack","floor":1},{"not_picked":["TheCursedMod:Stretching","TheCursedMod:TacticalStrike"],"picked":"TheCursedMod:CircleOfBlood","floor":4},{"not_picked":["TheCursedMod:SpreadPlague","TheCursedMod:CircleOfFlame"],"picked":"TheCursedMod:StingEye","floor":5},{"not_picked":["TheCursedMod:CircleOfFlame","TheCursedMod:CursedMace"],"picked":"TheCursedMod:Stigma","floor":6},{"not_picked":["TheCursedMod:CursedRelics","TheCursedMod:CircleOfFlame"],"picked":"TheCursedMod:WearCloak","floor":8},{"not_picked":["TheCursedMod:CursedAmulet","TheCursedMod:BloodBarrier"],"picked":"TheCursedMod:VitalStrike","floor":10},{"not_picked":["TheCursedMod:Stretching","TheCursedMod:CursedBlade","TheCursedMod:CursedStaff"],"picked":"SKIP","floor":13},{"not_picked":["TheCursedMod:CursedStaff","TheCursedMod:StingEye"],"picked":"TheCursedMod:AbyssShockwave","floor":14},{"not_picked":["TheCursedMod:ParallelWorld","TheCursedMod:DarkBarrier"],"picked":"TheCursedMod:DemonicPact","floor":16},{"not_picked":["TheCursedMod:Stretching","TheCursedMod:SurpriseAttack"],"picked":"TheCursedMod:Hemoplague","floor":18},{"not_picked":["TheCursedMod:SaltUponWound","TheCursedMod:CursedBoomerang+1"],"picked":"TheCursedMod:Obscuration","floor":19},{"not_picked":["TheCursedMod:Stigma","TheCursedMod:CursedBlade"],"picked":"TheCursedMod:WearCloak+1","floor":20},{"not_picked":["TheCursedMod:CircleOfWindfury","TheCursedMod:CircleOfCorruption"],"picked":"TheCursedMod:HellfireBreathing","floor":23},{"not_picked":["TheCursedMod:AbyssShockwave","TheCursedMod:SpitefulStrike","TheCursedMod:CircleOfFocus"],"picked":"SKIP","floor":25},{"not_picked":["TheCursedMod:SpitefulStrike","TheCursedMod:RavingStaff","TheCursedMod:AshesToAshes"],"picked":"SKIP","floor":31},{"not_picked":["TheCursedMod:CollectTribute","TheCursedMod:DarkBarrier"],"picked":"TheCursedMod:StunningStrike","floor":33},{"not_picked":["TheCursedMod:BloodBarrier","TheCursedMod:CursedMace+1"],"picked":"TheCursedMod:LuckyCharm+1","floor":35},{"not_picked":["TheCursedMod:ManaBullet","TheCursedMod:LuckyCharm"],"picked":"TheCursedMod:RapidMovement","floor":36},{"not_picked":["TheCursedMod:Wield","TheCursedMod:SpitefulPlan"],"picked":"TheCursedMod:FleshFromBone","floor":37},{"not_picked":["TheCursedMod:Stretching","TheCursedMod:VitalStrike"],"picked":"TheCursedMod:EmpowerCircles+1","floor":40},{"not_picked":["TheCursedMod:CircleOfWindfury+1","TheCursedMod:CursedMace"],"picked":"TheCursedMod:SoulReap","floor":42},{"not_picked":["TheCursedMod:Torture","TheCursedMod:SpitefulStrike"],"picked":"TheCursedMod:CircleOfFlame+1","floor":46},{"not_picked":["TheCursedMod:Stigma+1","TheCursedMod:SpreadPlague","TheCursedMod:SurpriseAttack+1"],"picked":"SKIP","floor":54}],"player_experience":2322616,"relics_obtained":[{"floor":6,"key":"Ancient Tea Set"},{"floor":9,"key":"ReplayTheSpireMod:Lightbulb"},{"floor":10,"key":"Nunchaku"},{"floor":11,"key":"ReplayTheSpireMod:Ring of Exchange"},{"floor":14,"key":"hubris:CuriousFeather"},{"floor":21,"key":"Necronomicon"},{"floor":23,"key":"Pocketwatch"},{"floor":25,"key":"Tiny Chest"},{"floor":26,"key":"Simple Rune"},{"floor":31,"key":"Boot"},{"floor":36,"key":"hubris:64BitClover"},{"floor":40,"key":"hubris:SlimyHat"},{"floor":42,"key":"FossilizedHelix"},{"floor":43,"key":"Pen Nib"},{"floor":44,"key":"TheCursedMod:MagicCandle"},{"floor":46,"key":"Replay:PocketPolymizer"},{"floor":54,"key":"hubris:MysteriousPyramids"}],"event_choices":[{"cards_removed":["TheCursedMod:Strike_TheCursed"],"damage_healed":0,"gold_gain":0,"player_choice":"Purged","damage_taken":0,"max_hp_gain":0,"max_hp_loss":0,"event_name":"Purifier","floor":2,"gold_loss":0},{"damage_healed":66,"gold_gain":0,"player_choice":"Embrace","damage_taken":0,"max_hp_gain":0,"max_hp_loss":75,"event_name":"betterThird:BetterShining","floor":7,"gold_loss":0},{"damage_healed":0,"gold_gain":0,"player_choice":"Obtained Book","damage_taken":16,"max_hp_gain":0,"max_hp_loss":0,"event_name":"Cursed Tome","floor":21,"gold_loss":0},{"damage_healed":0,"gold_gain":0,"cards_transformed":["TheCursedMod:Defend_TheCursed","TheCursedMod:Strike_TheCursed"],"player_choice":"Became Test Subject","damage_taken":0,"max_hp_gain":0,"max_hp_loss":0,"event_name":"Drug Dealer","floor":28,"gold_loss":0,"cards_obtained":["TheCursedMod:CursedBlade","TheCursedMod:CircleOfFlame"]},{"damage_healed":0,"gold_gain":0,"player_choice":"Fight","damage_taken":0,"max_hp_gain":0,"max_hp_loss":0,"event_name":"Mysterious Sphere","floor":36,"gold_loss":0},{"damage_healed":0,"gold_gain":0,"player_choice":"Fight","damage_taken":0,"max_hp_gain":0,"max_hp_loss":0,"event_name":"MindBloom","floor":44,"gold_loss":0},{"damage_healed":0,"gold_gain":0,"player_choice":"Paid","damage_taken":0,"relics_obtained":["Red Mask"],"max_hp_gain":0,"max_hp_loss":0,"event_name":"Tomb of Lord Red Mask","floor":48,"gold_loss":195}],"is_beta":false,"boss_relics":[{"not_picked":["Tiny House","TheCursedMod:BlackMagicAdvanced"],"picked":"Replay:Bronze Core"},{"not_picked":["Frozen Eye","Snecko Heart"],"picked":"hubris:ScarierMask"}],"items_purged_floors":[3,22,38],"is_endless":false,"potions_floor_spawned":[1,5,8,14,16,18,20,33,36,42,44,46,54],"ascension_level":5}}