{"host":"n95r2z13dwkl182w","time":1613374752,"event":{"mods":["2.2 Compatiblity","AchievementEnabler","BaseMod","Colored Map","Hermit","Marisa£¨Ùöéë¡¡Øª×âÞÞ£©","Minty Spire (QoL Compilation)","StSLib","SuperFastMode","The Poker Player","everything is the same but u backflip on backflip"],"gold_per_floor":[117,67,67,84,84,84,116,116,140,140,168,196,196,208,208,305,305,324,324,19,19,30,30,41,61,61,61,61,61],"floor_reached":28,"language":"KOR","playtime":399,"items_purged":[],"score":311,"play_id":"0c78e6db-f618-421e-bf5c-0d110a3a84f6","local_time":"20210215163912","is_ascension_mode":true,"campfire_choices":[{"data":"Bash","floor":6.0,"key":"SMITH"},{"data":"Twin Strike","floor":10.0,"key":"SMITH"},{"floor":13.0,"key":"REST"},{"data":"Clash","floor":15.0,"key":"SMITH"},{"data":"Inflame","floor":23.0,"key":"SMITH"}],"circlet_count":0,"master_deck":["Defend_R","Defend_R","Defend_R","Bash+1","Twin Strike+1","Clash+1","Demon Form","Twin Strike","Bite","Bite","Bite","Bite","Bite","Inflame+1","Heavy Blade","Twin Strike+1"],"relics":["Burning Blood","NeowsBlessing","Happy Flower","MealTicket","Smiling Mask","Odd Mushroom","Philosopher\u0027s Stone","Sling","Tiny Chest","Mercury Hourglass","MutagenicStrength"],"acts_visited":["Exordium","TheCity"],"potions_floor_usage":[],"damage_taken":[{"damage":0.0,"enemies":"Small Slimes","floor":1.0,"turns":1.0},{"damage":0.0,"enemies":"Cultist","floor":4.0,"turns":1.0},{"damage":0.0,"enemies":"Gremlin Nob","floor":7.0,"turns":1.0},{"damage":30.0,"enemies":"Lagavulin","floor":11.0,"turns":5.0},{"damage":7.0,"enemies":"The Mushroom Lair","floor":12.0,"turns":3.0},{"damage":7.0,"enemies":"Jaw Worm","floor":14.0,"turns":2.0},{"damage":44.0,"enemies":"The Guardian","floor":16.0,"turns":7.0},{"damage":2.0,"enemies":"Spheric Guardian","floor":18.0,"turns":3.0},{"damage":16.0,"enemies":"2 Thieves","floor":22.0,"turns":3.0},{"damage":36,"enemies":"3 Cultists","floor":24,"turns":5},{"damage":22,"enemies":"Snake Plant","floor":25,"turns":2},{"damage":25,"enemies":"Centurion and Healer","floor":28,"turns":1}],"seed_played":"-3560522928912199960","potions_obtained":[{"floor":4.0,"key":"EssenceOfSteel"},{"floor":7.0,"key":"AttackPotion"},{"floor":11.0,"key":"BlessingOfTheForge"},{"floor":16.0,"key":"DistilledChaos"},{"floor":18.0,"key":"DistilledChaos"},{"floor":25,"key":"Explosive Potion"}],"is_trial":false,"path_per_floor":["M","?","?","M","?","R","E","$","T","R","E","?","R","M","R","B",null,"M","?","$","?","M","R","M","M","T","?","M"],"character_chosen":"IRONCLAD","items_purchased":["Sling","Tiny Chest"],"campfire_rested":1,"item_purchase_floors":[20,20],"current_hp_per_floor":[80,80,80,80,73,73,79,79,79,79,55,54,78,77,77,39,80,80,56,56,56,52,52,32,22,22,22,0,0],"gold":61,"neow_bonus":"THREE_ENEMY_KILL","is_daily":false,"chose_seed":false,"campfire_upgraded":4,"win_rate":0.0,"timestamp":1613374752,"path_taken":["M","?","?","?","?","R","E","$","T","R","E","?","R","M","R","BOSS","M","?","$","?","M","R","M","M","T","?","M"],"items_purchased_type":["Relic","Relic"],"build_version":"2020-12-22","purchased_purges":0,"victory":false,"max_hp_per_floor":[80,80,80,80,80,80,80,80,80,80,80,80,80,80,80,80,80,80,56,56,56,56,56,56,56,56,56,56,56],"card_choices":[{"not_picked":["Anger","Sword Boomerang","Rage"],"picked":"SKIP","floor":1.0},{"not_picked":["Shockwave","Thunderclap","Shrug It Off"],"picked":"SKIP","floor":4.0},{"not_picked":["Bloodletting","Fire Breathing"],"picked":"Twin Strike","floor":7.0},{"not_picked":["Rampage","Metallicize"],"picked":"Clash","floor":11.0},{"not_picked":["True Grit","Havoc","Second Wind"],"picked":"SKIP","floor":14.0},{"not_picked":["Barricade","Double Tap"],"picked":"Demon Form","floor":16.0},{"not_picked":["Pommel Strike","True Grit+1"],"picked":"Twin Strike","floor":18.0},{"not_picked":["Rampage","Sword Boomerang","Headbutt+1"],"picked":"SKIP","floor":22.0},{"not_picked":["Dark Embrace","Carnage"],"picked":"Heavy Blade","floor":24},{"not_picked":["Sword Boomerang","Clothesline"],"picked":"Twin Strike+1","floor":25}],"player_experience":86858,"relics_obtained":[{"floor":7.0,"key":"Happy Flower"},{"floor":9.0,"key":"MealTicket"},{"floor":11.0,"key":"Smiling Mask"},{"floor":12.0,"key":"Odd Mushroom"},{"floor":26,"key":"Mercury Hourglass"}],"event_choices":[{"cards_removed":["Defend_R"],"damage_healed":0.0,"max_hp_gain":0.0,"max_hp_loss":0.0,"gold_gain":0.0,"event_name":"The Cleric","player_choice":"Card Removal","floor":2.0,"gold_loss":50.0,"damage_taken":0.0},{"cards_removed":["Strike_R"],"damage_healed":0.0,"max_hp_gain":0.0,"max_hp_loss":0.0,"gold_gain":0.0,"event_name":"Purifier","player_choice":"Purged","floor":3.0,"gold_loss":0.0,"damage_taken":0.0},{"cards_removed":["Strike_R"],"damage_healed":0.0,"max_hp_gain":0.0,"max_hp_loss":0.0,"gold_gain":0.0,"event_name":"Golden Wing","player_choice":"Card Removal","floor":5.0,"gold_loss":0.0,"damage_taken":7.0},{"damage_healed":0.0,"max_hp_gain":0.0,"max_hp_loss":0.0,"gold_gain":0.0,"event_name":"Mushrooms","player_choice":"Fought Mushrooms","floor":12.0,"gold_loss":0.0,"damage_taken":0.0},{"damage_healed":0.0,"max_hp_gain":0.0,"max_hp_loss":24.0,"gold_gain":0.0,"event_name":"Vampires","player_choice":"Became a vampire","floor":19.0,"gold_loss":0.0,"damage_taken":0.0,"cards_obtained":["Bite","Bite","Bite","Bite","Bite"]},{"damage_healed":0.0,"max_hp_gain":0.0,"max_hp_loss":0.0,"gold_gain":0.0,"event_name":"The Library","player_choice":"Read","floor":21.0,"gold_loss":0.0,"damage_taken":0.0,"cards_obtained":["Inflame"]},{"damage_healed":0,"gold_gain":0,"player_choice":"Inject Mutagens","damage_taken":0,"relics_obtained":["MutagenicStrength"],"max_hp_gain":0,"max_hp_loss":0,"event_name":"Drug Dealer","floor":27,"gold_loss":0}],"is_beta":false,"boss_relics":[{"not_picked":["Coffee Dripper","Velvet Choker"],"picked":"Philosopher\u0027s Stone"}],"items_purged_floors":[],"is_endless":false,"potions_floor_spawned":[4,7,11,16,18,25],"killed_by":"Centurion and Healer","ascension_level":3}}