{"host":"clgpak7dimivr1r3","time":1613414137,"event":{"mods":["BaseMod","Colored Map","Colored Powertips","Curses Come First","Minty Spire (QoL Compilation)","Relic Stats","Say the Spire","StSLib"],"gold_per_floor":[115,133,147,147,157,184,184,218,218,229,244,262,277,304,304,383,383,396,396,145,155,166,166,192,192,217,217,235,248,264,297,297,374,374,387,387,432,432,21,56,56,86,86,86,117,133,133,149,149,149],"floor_reached":51,"language":"ENG","playtime":2168,"items_purged":["Strike_R"],"score":1405,"play_id":"2a6bcba0-4385-4e52-b0d4-5936078eb7b6","local_time":"20210215213536","is_ascension_mode":true,"campfire_choices":[{"floor":7,"key":"REST"},{"floor":15,"key":"REST"},{"data":"Double Tap","floor":23,"key":"SMITH"},{"data":"Uppercut","floor":25,"key":"SMITH"},{"floor":27,"key":"REST"},{"floor":32,"key":"REST"},{"floor":41,"key":"REST"},{"floor":44,"key":"REST"},{"data":"Demon Form","floor":47,"key":"SMITH"},{"data":"Inflame","floor":49,"key":"SMITH"}],"circlet_count":0,"master_deck":["AscendersBane","Strike_R","Strike_R+1","Strike_R","Defend_R","Defend_R","Defend_R","Defend_R+1","Bash","Spot Weakness+1","Uppercut+1","Heavy Blade","Pummel","Reckless Charge","Cleave","Headbutt","Clash","Double Tap+1","Shockwave+1","Barricade+1","Shrug It Off+1","Warcry+1","Shrug It Off+1","Ghostly Armor+1","Inflame+1","Shrug It Off+1","Whirlwind+1","Demon Form+1","Carnage","Disarm+1","Pommel Strike+1"],"relics":["Burning Blood","NeowsBlessing","War Paint","Champion Belt","Letter Opener","Toxic Egg 2","Mark of Pain","Lee\u0027s Waffle","Nunchaku","Regal Pillow","Anchor","Sozu","Lizard Tail","Pen Nib","HornCleat","Mercury Hourglass","Ice Cream","Bird Faced Urn","Whetstone"],"acts_visited":["Exordium","TheCity","TheBeyond"],"potions_floor_usage":[6,8,12,16,18,28,31,33,33],"damage_taken":[{"damage":0,"enemies":"2 Louse","floor":1,"turns":1},{"damage":0,"enemies":"Cultist","floor":2,"turns":1},{"damage":0,"enemies":"Small Slimes","floor":3,"turns":1},{"damage":17,"enemies":"3 Louse","floor":5,"turns":3},{"damage":30,"enemies":"3 Sentries","floor":6,"turns":6},{"damage":22,"enemies":"Lagavulin","floor":8,"turns":6},{"damage":1,"enemies":"2 Fungi Beasts","floor":10,"turns":3},{"damage":11,"enemies":"Exordium Thugs","floor":11,"turns":4},{"damage":7,"enemies":"Large Slime","floor":12,"turns":5},{"damage":3,"enemies":"3 Louse","floor":13,"turns":2},{"damage":19,"enemies":"Gremlin Nob","floor":14,"turns":4},{"damage":49,"enemies":"Hexaghost","floor":16,"turns":10},{"damage":0,"enemies":"3 Byrds","floor":18,"turns":4},{"damage":27,"enemies":"Spheric Guardian","floor":21,"turns":5},{"damage":0,"enemies":"Centurion and Healer","floor":22,"turns":8},{"damage":27,"enemies":"Book of Stabbing","floor":24,"turns":5},{"damage":24,"enemies":"Shelled Parasite and Fungi","floor":28,"turns":5},{"damage":9,"enemies":"Snake Plant","floor":29,"turns":4},{"damage":27,"enemies":"Sentry and Sphere","floor":30,"turns":6},{"damage":16,"enemies":"Slavers","floor":31,"turns":4},{"damage":11,"enemies":"Champ","floor":33,"turns":8},{"damage":15,"enemies":"Orb Walker","floor":35,"turns":3},{"damage":67,"enemies":"2 Orb Walkers","floor":37,"turns":6},{"damage":57,"enemies":"Reptomancer","floor":40,"turns":6},{"damage":36,"enemies":"Giant Head","floor":42,"turns":8},{"damage":0,"enemies":"Nemesis","floor":45,"turns":7},{"damage":0,"enemies":"3 Darklings","floor":46,"turns":5},{"damage":19,"enemies":"4 Shapes","floor":48,"turns":2},{"damage":45,"enemies":"Donu and Deca","floor":50,"turns":5}],"seed_played":"5720542270329320556","potions_obtained":[{"floor":3,"key":"Swift Potion"},{"floor":6,"key":"SkillPotion"},{"floor":8,"key":"Block Potion"},{"floor":10,"key":"DistilledChaos"},{"floor":16,"key":"Explosive Potion"},{"floor":18,"key":"Dexterity Potion"},{"floor":22,"key":"PowerPotion"},{"floor":30,"key":"SteroidPotion"},{"floor":31,"key":"DuplicationPotion"}],"is_trial":false,"path_per_floor":["M","M","M","?","M","E","R","E","T","M","M","M","M","E","R","B",null,"M","?","$","M","M","R","E","R","T","R","M","M","M","E","R","B",null,"M","?","?","?","$","E","R","E","T","R","E","M","R","M","R","B",null],"character_chosen":"IRONCLAD","items_purchased":["Warcry+1","Lee\u0027s Waffle","Pen Nib","HornCleat"],"campfire_rested":6,"item_purchase_floors":[20,20,39,39],"current_hp_per_floor":[74,75,75,68,57,33,55,39,39,44,39,38,41,28,50,7,58,64,64,82,61,67,67,46,46,46,82,64,61,40,30,69,64,78,69,69,8,8,8,9,48,18,18,57,67,77,77,64,64,31],"gold":149,"neow_bonus":"THREE_ENEMY_KILL","is_daily":false,"chose_seed":false,"campfire_upgraded":4,"win_rate":0.0,"timestamp":1613414136,"path_taken":["M","M","M","?","M","E","R","E","T","M","M","M","M","E","R","BOSS","M","?","$","?","M","R","E","R","T","R","M","M","M","E","R","BOSS","M","?","?","?","$","E","R","E","T","R","E","M","R","M","R","BOSS"],"items_purchased_type":["Card","Relic","Relic","Relic"],"build_version":"2020-12-22","purchased_purges":1,"victory":true,"max_hp_per_floor":[75,75,75,75,75,75,75,75,75,75,75,75,75,75,75,75,75,75,75,82,82,82,82,82,82,82,82,82,82,82,82,82,82,82,82,82,82,82,82,82,82,82,82,82,82,82,82,82,82,82],"relic_stats":{"Lee\u0027s Waffle":18,"Regal Pillow":57,"counters":[29,136],"Pen Nib":[6],"Letter Opener":[132],"Whetstone":["Whirlwind","Strike_R"],"War Paint":["Spot Weakness","Defend_R"],"Burning Blood":163,"Mercury Hourglass":[98],"Sozu":5,"Nunchaku":[13],"Lizard Tail":41,"Bird Faced Urn":[14],"Champion Belt":[55],"obtain_stats":[{"Ice Cream":42,"Lee\u0027s Waffle":20,"Regal Pillow":26,"NeowsBlessing":0,"Pen Nib":39,"Letter Opener":9,"Whetstone":45,"War Paint":6,"Burning Blood":0,"Mercury Hourglass":40,"Sozu":34,"Nunchaku":24,"Anchor":31,"Lizard Tail":37,"HornCleat":39,"Bird Faced Urn":43,"Mark of Pain":17,"Champion Belt":8,"Toxic Egg 2":14},{"Ice Cream":25,"Lee\u0027s Waffle":13,"Regal Pillow":16,"NeowsBlessing":0,"Pen Nib":23,"Letter Opener":6,"Whetstone":26,"War Paint":5,"Burning Blood":0,"Mercury Hourglass":24,"Sozu":21,"Nunchaku":16,"Anchor":20,"Lizard Tail":23,"HornCleat":23,"Bird Faced Urn":25,"Mark of Pain":12,"Champion Belt":6,"Toxic Egg 2":11},{"Ice Cream":118,"Lee\u0027s Waffle":50,"Regal Pillow":68,"NeowsBlessing":0,"Pen Nib":104,"Letter Opener":18,"Whetstone":125,"War Paint":12,"Burning Blood":0,"Mercury Hourglass":110,"Sozu":95,"Nunchaku":68,"Anchor":87,"Lizard Tail":104,"HornCleat":104,"Bird Faced Urn":118,"Mark of Pain":46,"Champion Belt":18,"Toxic Egg 2":36}]},"card_choices":[{"not_picked":["Warcry","Dark Embrace"],"picked":"Spot Weakness","floor":1},{"not_picked":["Twin Strike","Ghostly Armor"],"picked":"Cleave","floor":2},{"not_picked":["Second Wind","Perfected Strike"],"picked":"Uppercut","floor":3},{"not_picked":["True Grit","Dual Wield"],"picked":"Heavy Blade","floor":5},{"not_picked":["Brutality","Warcry"],"picked":"Pummel","floor":6},{"not_picked":["Rampage","Wild Strike"],"picked":"Reckless Charge","floor":8},{"not_picked":["Seeing Red","Bloodletting"],"picked":"Cleave","floor":10},{"not_picked":["Perfected Strike","Shockwave"],"picked":"Headbutt","floor":11},{"not_picked":["Rupture","Body Slam"],"picked":"Clash","floor":12},{"not_picked":["Thunderclap","Uppercut"],"picked":"Double Tap","floor":13},{"not_picked":["Pummel","Rampage"],"picked":"Shockwave+1","floor":14},{"not_picked":["Brutality","Berserk"],"picked":"Barricade","floor":16},{"not_picked":["Armaments+1","Sentinel+1"],"picked":"Shrug It Off+1","floor":18},{"not_picked":["Clothesline","Intimidate+1"],"picked":"Shrug It Off+1","floor":21},{"not_picked":["Feel No Pain","Intimidate+1","Wild Strike"],"picked":"SKIP","floor":22},{"not_picked":["Headbutt","Pommel Strike"],"picked":"Ghostly Armor+1","floor":24},{"not_picked":["Warcry+1","Anger+1","Barricade"],"picked":"SKIP","floor":28},{"not_picked":["Havoc+1","Sword Boomerang"],"picked":"Inflame","floor":29},{"not_picked":["Rupture+1","Havoc+1"],"picked":"Shrug It Off+1","floor":30},{"not_picked":["Clash","True Grit+1"],"picked":"Whirlwind","floor":31},{"not_picked":["Offering+1","Exhume+1"],"picked":"Demon Form","floor":33},{"not_picked":["Cleave","Warcry+1"],"picked":"Carnage","floor":35},{"not_picked":["True Grit+1","Headbutt+1","Burning Pact+1"],"picked":"SKIP","floor":40},{"not_picked":["Perfected Strike+1","Body Slam"],"picked":"Disarm+1","floor":42},{"not_picked":["Heavy Blade","Cleave+1"],"picked":"Pommel Strike+1","floor":45},{"not_picked":["Thunderclap","Body Slam","Clash"],"picked":"SKIP","floor":46},{"not_picked":["Feel No Pain","Hemokinesis","Bludgeon"],"picked":"SKIP","floor":48}],"player_experience":137469,"relics_obtained":[{"floor":6,"key":"War Paint"},{"floor":8,"key":"Champion Belt"},{"floor":9,"key":"Letter Opener"},{"floor":14,"key":"Toxic Egg 2"},{"floor":24,"key":"Nunchaku"},{"floor":26,"key":"Regal Pillow"},{"floor":31,"key":"Anchor"},{"floor":37,"key":"Lizard Tail"},{"floor":40,"key":"Mercury Hourglass"},{"floor":42,"key":"Ice Cream"},{"floor":43,"key":"Bird Faced Urn"},{"floor":45,"key":"Whetstone"}],"event_choices":[{"cards_removed":["Strike_R"],"damage_healed":0,"gold_gain":0,"player_choice":"Card Removal","damage_taken":7,"max_hp_gain":0,"max_hp_loss":0,"event_name":"Golden Wing","floor":4,"gold_loss":0},{"damage_healed":0,"gold_gain":0,"player_choice":"Forge","damage_taken":0,"max_hp_gain":0,"max_hp_loss":0,"event_name":"Accursed Blacksmith","floor":19,"gold_loss":0,"cards_upgraded":["Barricade"]},{"cards_removed":["Cleave"],"damage_healed":0,"gold_gain":0,"player_choice":"Removed Attack","damage_taken":0,"max_hp_gain":0,"max_hp_loss":0,"event_name":"Falling","floor":36,"gold_loss":0},{"damage_healed":0,"gold_gain":0,"player_choice":"Fight","damage_taken":0,"max_hp_gain":0,"max_hp_loss":0,"event_name":"Mysterious Sphere","floor":37,"gold_loss":0},{"damage_healed":0,"gold_gain":0,"player_choice":"Ignored","damage_taken":0,"max_hp_gain":0,"max_hp_loss":0,"event_name":"Tomb of Lord Red Mask","floor":38,"gold_loss":0}],"is_beta":false,"boss_relics":[{"not_picked":["Black Star","Empty Cage"],"picked":"Mark of Pain"},{"not_picked":["Tiny House","Cursed Key"],"picked":"Sozu"}],"items_purged_floors":[20],"is_endless":false,"potions_floor_spawned":[3,6,8,10,16,18,22,24,30,31,35,37,45,46,48],"ascension_level":15}}