{"host":"x52zk6e1f2bye2h7","time":1613390460,"event":{"mods":["AchievementEnabler","BaseMod","Highlight Path","Minty Spire (QoL Compilation)","everything is the same but u backflip on backflip"],"gold_per_floor":[114,128,128,128,146,146,159,159,159,178,178,178,178,190,190,295,295,308,134,150,150,150,150,163,163,163,178,277,289,189,189,189,287,287,304,304,321,339,89,89,89],"floor_reached":40,"language":"ENG","playtime":878,"items_purged":["Eruption","Strike_P","Strike_P"],"score":399,"play_id":"8dac799b-7f3b-400f-b830-f533972e446f","local_time":"20210215120100","is_ascension_mode":true,"campfire_choices":[{"data":"Defend_P","floor":6,"key":"SMITH"},{"data":"PathToVictory","floor":11,"key":"SMITH"},{"data":"PathToVictory","floor":15,"key":"SMITH"},{"data":"PathToVictory","floor":23,"key":"SMITH"},{"floor":25,"key":"REST"},{"floor":32,"key":"REST"}],"circlet_count":0,"master_deck":["Strike_P","Defend_P+1","Defend_P+1","Defend_P+1","Vigilance+1","PathToVictory+1","PathToVictory+1","PathToVictory+1"],"relics":["PureWater"],"acts_visited":["Exordium","TheCity","TheBeyond"],"potions_floor_usage":[10,16,17,22,31,33,33,40,40],"damage_taken":[{"damage":1,"enemies":"Jaw Worm","floor":1,"turns":6},{"damage":0,"enemies":"2 Louse","floor":2,"turns":2},{"damage":4,"enemies":"Cultist","floor":5,"turns":4},{"damage":4,"enemies":"Looter","floor":7,"turns":4},{"damage":18,"enemies":"Large Slime","floor":10,"turns":7},{"damage":1,"enemies":"2 Fungi Beasts","floor":14,"turns":4},{"damage":10,"enemies":"Hexaghost","floor":16,"turns":6},{"damage":14,"enemies":"3 Byrds","floor":18,"turns":6},{"damage":2,"enemies":"Chosen","floor":20,"turns":3},{"damage":0,"enemies":"3 Cultists","floor":22,"turns":1},{"damage":18,"enemies":"Snake Plant","floor":24,"turns":3},{"damage":0,"enemies":"Snecko","floor":27,"turns":3},{"damage":15,"enemies":"Shelled Parasite and Fungi","floor":29,"turns":4},{"damage":0,"enemies":"Colosseum Slavers","floor":31,"turns":3},{"damage":14,"enemies":"Collector","floor":33,"turns":6},{"damage":19,"enemies":"3 Shapes","floor":35,"turns":3},{"damage":3,"enemies":"3 Darklings","floor":37,"turns":4},{"damage":16,"enemies":"Spire Growth","floor":38,"turns":4},{"damage":47,"enemies":"Reptomancer","floor":40,"turns":2}],"seed_played":"6130875389820392118","potions_obtained":[{"floor":7,"key":"Block Potion"},{"floor":10,"key":"PowerPotion"},{"floor":16,"key":"Fruit Juice"},{"floor":20,"key":"SmokeBomb"},{"floor":24,"key":"EssenceOfSteel"},{"floor":27,"key":"PowerPotion"},{"floor":37,"key":"SteroidPotion"}],"is_trial":false,"path_per_floor":["M","M","?","?","M","R","M","?","T","M","R","?","?","M","R","B",null,"M","$","M","?","M","R","M","R","T","M","?","M","$","?","R","B",null,"M","?","M","M","$","E"],"character_chosen":"WATCHER","items_purchased":["PathToVictory","Block Potion","SkillPotion","LiquidMemories"],"campfire_rested":2,"item_purchase_floors":[19,19,39,39],"current_hp_per_floor":[71,71,71,71,67,67,63,63,63,45,45,31,31,30,30,20,77,63,63,61,61,61,61,43,66,66,66,66,51,51,51,74,60,77,58,58,55,39,39,0,0],"gold":89,"neow_bonus":"THREE_CARDS","is_daily":false,"chose_seed":false,"campfire_upgraded":4,"win_rate":0.0,"timestamp":1613390460,"path_taken":["M","M","?","?","?","R","M","?","T","M","R","?","?","M","R","BOSS","M","$","M","?","M","R","M","R","T","M","?","M","$","?","R","BOSS","M","?","M","?","$","E"],"items_purchased_type":["Card","Potion","Potion","Potion"],"build_version":"2020-12-22","purchased_purges":3,"victory":false,"max_hp_per_floor":[72,72,72,72,72,72,72,72,72,72,72,72,72,72,72,72,77,77,77,77,77,77,77,77,77,77,77,77,77,77,77,77,77,77,77,77,77,77,77,77,77],"card_choices":[{"not_picked":["Halt","Evaluate","FlyingSleeves"],"picked":"SKIP","floor":1},{"not_picked":["ReachHeaven","WindmillStrike","FlurryOfBlows"],"picked":"SKIP","floor":2},{"not_picked":["CarveReality","JustLucky","SashWhip"],"picked":"SKIP","floor":5},{"not_picked":["Evaluate","SandsOfTime"],"picked":"PathToVictory","floor":7},{"not_picked":["Halt","EmptyBody","MentalFortress"],"picked":"SKIP","floor":10},{"not_picked":["Halt","Worship"],"picked":"PathToVictory","floor":14},{"not_picked":["Adaptation","FlurryOfBlows+1","Swivel"],"picked":"SKIP","floor":18},{"not_picked":["InnerPeace+1","Halt","Nirvana"],"picked":"SKIP","floor":20},{"not_picked":["WaveOfTheHand","Halt","Prostrate+1"],"picked":"SKIP","floor":24},{"not_picked":["CarveReality","Consecrate","BowlingBash+1"],"picked":"SKIP","floor":27},{"not_picked":["Prostrate+1","SashWhip+1","Protect"],"picked":"SKIP","floor":29},{"not_picked":["Protect+1","WreathOfFlame+1","Consecrate"],"picked":"SKIP","floor":35},{"not_picked":["JustLucky","Indignation+1","TalkToTheHand"],"picked":"SKIP","floor":37},{"not_picked":["WaveOfTheHand+1","Prostrate+1","Indignation"],"picked":"SKIP","floor":38}],"player_experience":125766,"relics_obtained":[],"event_choices":[{"cards_removed":["Strike_P"],"damage_healed":0,"gold_gain":0,"player_choice":"Forget","damage_taken":0,"max_hp_gain":0,"max_hp_loss":0,"event_name":"Living Wall","floor":3,"gold_loss":0},{"cards_removed":["Defend_P"],"damage_healed":0,"gold_gain":0,"player_choice":"Purged","damage_taken":0,"max_hp_gain":0,"max_hp_loss":0,"event_name":"Purifier","floor":4,"gold_loss":0},{"damage_healed":0,"gold_gain":0,"player_choice":"Searched \u00270\u0027 times","damage_taken":0,"max_hp_gain":0,"max_hp_loss":0,"event_name":"Dead Adventurer","floor":8,"gold_loss":0},{"damage_healed":0,"gold_gain":0,"player_choice":"Entered Light","damage_taken":14,"max_hp_gain":0,"max_hp_loss":0,"event_name":"Shining Light","floor":12,"gold_loss":0,"cards_upgraded":["Defend_P","Defend_P"]},{"damage_healed":0,"gold_gain":0,"player_choice":"Ignored","damage_taken":0,"max_hp_gain":0,"max_hp_loss":0,"event_name":"Liars Game","floor":13,"gold_loss":0},{"damage_healed":0,"gold_gain":99,"player_choice":"Stole From Cult","damage_taken":0,"max_hp_gain":0,"max_hp_loss":0,"event_name":"Nest","floor":28,"gold_loss":0},{"damage_healed":0,"gold_gain":0,"player_choice":"Fight","damage_taken":0,"max_hp_gain":0,"max_hp_loss":0,"event_name":"Colosseum","floor":31,"gold_loss":0},{"damage_healed":0,"gold_gain":0,"player_choice":"Fled From Nobs","damage_taken":0,"max_hp_gain":0,"max_hp_loss":0,"event_name":"Colosseum","floor":31,"gold_loss":0},{"damage_healed":0,"gold_gain":0,"player_choice":"Upgraded","damage_taken":0,"max_hp_gain":0,"max_hp_loss":0,"event_name":"Upgrade Shrine","floor":36,"gold_loss":0,"cards_upgraded":["Vigilance"]}],"is_beta":false,"boss_relics":[{"not_picked":["Black Star","Runic Dome","Velvet Choker"]},{"not_picked":["Calling Bell","Coffee Dripper","Empty Cage"]}],"items_purged_floors":[19,30,39],"is_endless":false,"potions_floor_spawned":[7,10,16,20,24,27,31,37],"killed_by":"Reptomancer","ascension_level":1}}