{"host":"6z6y4ky8uzsz1dpj","time":1613422774,"event":{"mods":["AchievementEnabler","BaseMod","BetterRewards","Challenge The Spire","Colored Map","Hubris","Minty Spire (QoL Compilation)","Quick Restart","Relic Stats","Replay The Spire","StSLib"],"gold_per_floor":[113,124,124,148,163,163,197,197,222,222,145,145,205,241,241,379,379,428,3,47,47,71,125,125,163,163],"floor_reached":25,"language":"ENG","playtime":3180,"items_purged":["Strike_G"],"score":370,"play_id":"63b12239-be14-4cb0-8317-7d60958a6c31","local_time":"20210215155934","is_ascension_mode":true,"campfire_choices":[{"data":"Noxious Fumes","floor":6.0,"key":"SMITH"},{"floor":10.0,"key":"REST"},{"data":"Replay:Bag of Tricks","floor":12.0,"key":"SMITH"},{"floor":15.0,"key":"REST"},{"floor":24.0,"key":"REST"}],"circlet_count":0,"master_deck":["AscendersBane","Strike_G","Strike_G","Strike_G","Strike_G","Defend_G","Defend_G","Defend_G+1","Defend_G","Defend_G","Survivor","Neutralize","Noxious Fumes+1","Mayhem","Dagger Spray","Replay:Bag of Tricks+1","Bouncing Flask","ReplayTheSpireMod:Speed Training","Die Die Die","Poisoned Stab","Poison Darts","Footwork","Discovery","Mayhem","Dash","Noxious Fumes"],"relics":["Ring of the Snake","Mummified Hand","Golden Idol","Replay:Bandana","Snake Skull","Shuriken","Replay:Bronze Core","CeramicFish"],"acts_visited":["Exordium","TheCity"],"potions_floor_usage":[],"damage_taken":[{"damage":6.0,"enemies":"Jaw Worm","floor":1.0,"turns":4.0},{"damage":8.0,"enemies":"2 Louse","floor":2.0,"turns":2.0},{"damage":0.0,"enemies":"Cultist","floor":4.0,"turns":5.0},{"damage":5.0,"enemies":"Looter","floor":5.0,"turns":5.0},{"damage":33.0,"enemies":"3 Sentries","floor":7.0,"turns":7.0},{"damage":19.0,"enemies":"Gremlin Nob","floor":13.0,"turns":4.0},{"damage":0.0,"enemies":"3 Louse","floor":14.0,"turns":3.0},{"damage":12.0,"enemies":"Hexaghost","floor":16.0,"turns":8.0},{"damage":11.0,"enemies":"Spheric Guardian","floor":18.0,"turns":4.0},{"damage":2.0,"enemies":"3 Byrds","floor":20.0,"turns":3.0},{"damage":0.0,"enemies":"Centurion and Healer","floor":22.0,"turns":2.0},{"damage":36.0,"enemies":"Slavers","floor":23.0,"turns":5.0},{"damage":30,"enemies":"Gremlin Leader","floor":25,"turns":4}],"seed_played":"-4890765357475111059","potions_obtained":[{"floor":4.0,"key":"LiquidBronze"},{"floor":7.0,"key":"Toxic Potion"},{"floor":16.0,"key":"Block Potion"},{"floor":18.0,"key":"SpeedPotion"},{"floor":22.0,"key":"Dexterity Potion"},{"floor":23.0,"key":"SpeedPotion"}],"is_trial":false,"path_per_floor":["M","M","?","M","M","R","E","?","T","R","$","R","E","M","R_BF","B",null,"M","$","M","?","M","E","R","E"],"character_chosen":"THE_SILENT","items_purchased":["Noxious Fumes","Mummified Hand","Mayhem","ReplayTheSpireMod:Speed Training","Footwork","Discovery","Mayhem"],"campfire_rested":3,"item_purchase_floors":[0,0,0,11,19,19,19],"current_hp_per_floor":[57,49,49,49,44,44,11,11,11,30,30,30,11,11,30,18,53,42,42,40,40,40,4,23,0,0],"gold":163,"neow_bonus":"","is_daily":false,"chose_seed":false,"campfire_upgraded":2,"win_rate":0.0,"timestamp":1613422774,"path_taken":["M","M","?","M","M","R","E","?","T","R","$","R","E","M","R_BF","BOSS","M","$","M","?","M","E","R","E"],"items_purchased_type":["Card","Relic","Card","Card","Card","Card","Card"],"build_version":"2020-12-22","purchased_purges":1,"victory":false,"max_hp_per_floor":[70,70,65,65,65,65,65,65,65,65,65,65,65,65,65,65,65,65,65,65,65,65,65,65,65,65],"relic_stats":{"counters":[84,388],"Mummified Hand":[30],"Golden Idol":72,"Shuriken":[10],"CeramicFish":9,"Snake Skull":[95],"obtain_stats":[{"Tiny House":17,"Calipers":0,"Gremlin Horn":23,"CeramicFish":23,"hubris:VirtuousBlindfold":17,"Boot":8,"HornCleat":38,"Replay:Bronze Core":17,"Iron Hammer":9,"Kunai":43,"Toxic Egg 2":28,"Replay:Bottled Steam":26,"Girya":43,"Counterbalance":0,"Oddly Smooth Stone":25,"hubris:SphereOfDissonance":48,"Akabeko":24,"Du-Vu Doll":0,"SlaversCollar":34,"ReplayTheSpireMod:Shallot":26,"Shuriken":13,"hubris:PeanutButter":28,"ReplayTheSpireMod:TigerMarble":23,"Lantern":28,"StoneCalendar":0,"Snake Skull":9,"Bag of Preparation":25,"hubris:SlimyHat":25,"Pet Ghost":7,"Tough Bandages":41,"Nunchaku":34,"Replay:Bandana":7,"Mummified Hand":40,"Red Mask":39,"Ring of the Snake":0,"hubris:GlazedTorus":47,"Gremlin Food":8,"hubris:DisguiseKit":34,"ReplayTheSpireMod:Ninjato":6,"Golden Idol":3,"Quantum Egg":31,"Guide Book":36,"Basket Of Snakes":0,"Thread and Needle":0,"hubris:Towel":21,"Frozen Egg 2":28,"Orichalcum":29,"MawBank":26,"Calling Bell":34,"CaptainsWheel":0,"Anchor":9,"Ectoplasm":17,"Membership Card":0,"hubris:Potato":14,"hubris:OldNail":10,"TungstenRod":14},{"Tiny House":8,"Calipers":16,"Gremlin Horn":12,"CeramicFish":83,"hubris:VirtuousBlindfold":25,"Boot":44,"HornCleat":37,"Replay:Bronze Core":79,"Iron Hammer":4,"Kunai":39,"Toxic Egg 2":58,"Replay:Bottled Steam":56,"Girya":65,"Counterbalance":16,"Oddly Smooth Stone":13,"hubris:SphereOfDissonance":41,"Akabeko":29,"Du-Vu Doll":71,"SlaversCollar":35,"ReplayTheSpireMod:Shallot":13,"Shuriken":77,"hubris:PeanutButter":31,"ReplayTheSpireMod:TigerMarble":55,"Lantern":14,"StoneCalendar":71,"Snake Skull":76,"Bag of Preparation":30,"hubris:SlimyHat":56,"Pet Ghost":4,"Tough Bandages":39,"Nunchaku":60,"Replay:Bandana":76,"Mummified Hand":63,"Red Mask":62,"Ring of the Snake":0,"hubris:GlazedTorus":69,"Gremlin Food":21,"hubris:DisguiseKit":60,"ReplayTheSpireMod:Ninjato":44,"Golden Idol":73,"Quantum Egg":34,"Guide Book":36,"Basket Of Snakes":42,"Thread and Needle":71,"hubris:Towel":11,"Frozen Egg 2":31,"Orichalcum":32,"MawBank":30,"Calling Bell":60,"CaptainsWheel":0,"Anchor":44,"Ectoplasm":50,"Membership Card":16,"hubris:Potato":7,"hubris:OldNail":22,"TungstenRod":49},{"Tiny House":42,"Calipers":85,"Gremlin Horn":65,"CeramicFish":384,"hubris:VirtuousBlindfold":140,"Boot":251,"HornCleat":211,"Replay:Bronze Core":370,"Iron Hammer":17,"Kunai":223,"Toxic Egg 2":299,"Replay:Bottled Steam":294,"Girya":319,"Counterbalance":85,"Oddly Smooth Stone":70,"hubris:SphereOfDissonance":235,"Akabeko":162,"Du-Vu Doll":332,"SlaversCollar":201,"ReplayTheSpireMod:Shallot":70,"Shuriken":359,"hubris:PeanutButter":173,"ReplayTheSpireMod:TigerMarble":291,"Lantern":76,"StoneCalendar":332,"Snake Skull":355,"Bag of Preparation":168,"hubris:SlimyHat":294,"Pet Ghost":17,"Tough Bandages":223,"Nunchaku":305,"Replay:Bandana":355,"Mummified Hand":313,"Red Mask":310,"Ring of the Snake":0,"hubris:GlazedTorus":327,"Gremlin Food":113,"hubris:DisguiseKit":305,"ReplayTheSpireMod:Ninjato":251,"Golden Idol":338,"Quantum Egg":190,"Guide Book":206,"Basket Of Snakes":243,"Thread and Needle":332,"hubris:Towel":56,"Frozen Egg 2":173,"Orichalcum":179,"MawBank":168,"Calling Bell":305,"CaptainsWheel":0,"Anchor":251,"Ectoplasm":271,"Membership Card":85,"hubris:Potato":31,"hubris:OldNail":121,"TungstenRod":265}],"Ring of the Snake":[168]},"card_choices":[{"not_picked":["Dagger Throw","Outmaneuver"],"picked":"Dagger Spray","floor":1.0},{"not_picked":["Outmaneuver","Slice","Calculated Gamble"],"picked":"SKIP","floor":2.0},{"not_picked":["Dagger Throw","Underhanded Strike","Deflect"],"picked":"SKIP","floor":4.0},{"not_picked":["ReplayTheSpireMod:Speed Training","Draining Mist"],"picked":"Replay:Bag of Tricks","floor":5.0},{"not_picked":["ReplayTheSpireMod:Necrosis","Leg Sweep"],"picked":"Bouncing Flask","floor":7.0},{"not_picked":["Storm of Steel","Prepared"],"picked":"Die Die Die","floor":13.0},{"not_picked":["Dash","Underhanded Strike"],"picked":"Poisoned Stab","floor":14.0},{"not_picked":["ReplayTheSpireMod:From All Sides","Doppelganger"],"picked":"Poison Darts","floor":16.0},{"not_picked":["Quick Slash","Backflip","Underhanded Strike"],"picked":"SKIP","floor":18.0},{"not_picked":["Dagger Throw","hubris:TrickCloak"],"picked":"Dash","floor":20.0},{"not_picked":["Dagger Spray","Cloak And Dagger","Bane"],"picked":"SKIP","floor":22.0},{"not_picked":["Poison Darts","Quick Slash"],"picked":"Noxious Fumes","floor":23.0}],"player_experience":623918,"relics_obtained":[{"floor":7.0,"key":"Replay:Bandana"},{"floor":9.0,"key":"Snake Skull"},{"floor":13.0,"key":"Shuriken"},{"floor":23.0,"key":"CeramicFish"}],"event_choices":[{"damage_healed":0.0,"max_hp_gain":0.0,"max_hp_loss":5.0,"gold_gain":0.0,"event_name":"Golden Idol","player_choice":"Lose Max HP","floor":3.0,"gold_loss":0.0,"damage_taken":0.0,"relics_obtained":["Golden Idol"]},{"damage_healed":0.0,"max_hp_gain":0.0,"max_hp_loss":0.0,"gold_gain":0.0,"event_name":"Vampires","player_choice":"Ignored","floor":21.0,"gold_loss":0.0,"damage_taken":0.0}],"is_beta":false,"boss_relics":[{"not_picked":["hubris:ScarierMask","Black Star"],"picked":"Replay:Bronze Core"}],"items_purged_floors":[19],"is_endless":false,"potions_floor_spawned":[4,7,16,18,22,23],"killed_by":"Gremlin Leader","ascension_level":12}}