{"host":"xobdcpbm4ckypiai","time":1613398568,"event":{"mods":["BaseMod","Downfall","Minty Spire (QoL Compilation)","StSLib"],"gold_per_floor":[199,216,228,246,246,260,260,272,72,88,101,101,101,119,129,234,234,234,247,265,21,21,35,59,99,111,154,66,92,104,116,138,247,259,271,303,326,49,49,65,65,83,100,100,22,42,52,78,89,89,89,124,14,14,14,14],"floor_reached":57,"language":"ZHS","playtime":5530,"items_purged":["bronze:Replicate","bronze:Defend","bronze:Defend","bronze:Defend"],"score":1274,"play_id":"1a787b38-3669-4c35-9682-a120c1d44b93","local_time":"20210215221608","is_ascension_mode":false,"campfire_choices":[{"floor":1.0,"key":"RECALL"},{"data":"bronze:MaxOutput","floor":9.0,"key":"SMITH"},{"data":"bronze:Goto","floor":12.0,"key":"SMITH"},{"data":"bronze:ChosenStrike","floor":18.0,"key":"SMITH"},{"data":"bronze:Repair","floor":26.0,"key":"SMITH"},{"data":"bronze:CloningBeam","floor":28.0,"key":"SMITH"},{"data":"bronze:Verify","floor":30.0,"key":"SMITH"},{"data":"bronze:Frontload","floor":35.0,"key":"SMITH"},{"data":"bronze:Verify","floor":54,"key":"SMITH"}],"circlet_count":0,"master_deck":["bronze:Goto+1","bronze:Mutator","bronze:MaxOutput+1","bronze:ChosenStrike+1","bronze:Verify+1","bronze:Verify+1","bronze:Shell+1","bronze:DarkDash+1","bronze:Repair+1","Bite","Bite","Bite","Bite","Bite","bronze:CloningBeam+1","bronze:Flail+1","bronze:Frontload+1","bronze:CleanCode","bronze:DarkDash+1","bronze:ChildClass+1","bronze:CloningBeam+1","bronze:Boost+1","Purity","bronze:ForceShield+1","bronze:Fortify+1","bronze:Boost+1","bronze:ClassDefault","bronze:Return+1","bronze:ForceShield+1","bronze:Repulsor"],"relics":["bronze:BronzeCore","downfall:HeartBlessingRed","downfall:HeartBlessingBlue","Snecko Eye","Sling","MawBank","Meat on the Bone","Ginger","downfall:HeartBlessingGreen","Strawberry","Astrolabe","Membership Card","Lantern","Question Card","White Beast Statue","Gremlin Horn"],"acts_visited":["Exordium","TheCity","TheBeyond","TheEnding"],"potions_floor_usage":[56,56,56],"damage_taken":[{"damage":0.0,"enemies":"2 Louse","floor":2.0,"turns":3.0},{"damage":1.0,"enemies":"Jaw Worm","floor":3.0,"turns":4.0},{"damage":1.0,"enemies":"Cultist","floor":4.0,"turns":3.0},{"damage":3.0,"enemies":"2 Fungi Beasts","floor":6.0,"turns":4.0},{"damage":12.0,"enemies":"Large Slime","floor":8.0,"turns":7.0},{"damage":9.0,"enemies":"Gremlin Gang","floor":10.0,"turns":5.0},{"damage":6.0,"enemies":"Lots of Slimes","floor":11.0,"turns":4.0},{"damage":9.0,"enemies":"3 Louse","floor":14.0,"turns":6.0},{"damage":5.0,"enemies":"Red Slaver","floor":15.0,"turns":4.0},{"damage":41.0,"enemies":"DF_ARCHETYPE_STREAMLINE","floor":16.0,"turns":6.0},{"damage":5.0,"enemies":"3 Byrds","floor":19.0,"turns":5.0},{"damage":31.0,"enemies":"Shell Parasite","floor":20.0,"turns":8.0},{"damage":0.0,"enemies":"downfall:FleeingMerchant","floor":21.0,"turns":4.0},{"damage":8.0,"enemies":"3 Cultists","floor":23.0,"turns":6.0},{"damage":25.0,"enemies":"Book of Stabbing","floor":25.0,"turns":5.0},{"damage":35.0,"enemies":"Slavers","floor":27.0,"turns":7.0},{"damage":0.0,"enemies":"Snecko","floor":29.0,"turns":5.0},{"damage":0.0,"enemies":"Centurion and Healer","floor":32.0,"turns":5.0},{"damage":17.0,"enemies":"IC_MUSHROOM_ARCHETYPE","floor":33.0,"turns":4.0},{"damage":10.0,"enemies":"3 Shapes","floor":36.0,"turns":4.0},{"damage":0.0,"enemies":"3 Darklings","floor":37.0,"turns":2.0},{"damage":0.0,"enemies":"downfall:FleeingMerchant","floor":38.0,"turns":4.0},{"damage":0.0,"enemies":"Writhing Mass","floor":40.0,"turns":6.0},{"damage":28.0,"enemies":"Transient","floor":42.0,"turns":5.0},{"damage":0.0,"enemies":"Sphere and 2 Shapes","floor":43.0,"turns":3.0},{"damage":0.0,"enemies":"downfall:FleeingMerchant","floor":45.0,"turns":4.0},{"damage":2.0,"enemies":"3 Darklings","floor":46.0,"turns":7.0},{"damage":16.0,"enemies":"Spire Growth","floor":47.0,"turns":5.0},{"damage":43.0,"enemies":"Nemesis","floor":48.0,"turns":7.0},{"damage":0,"enemies":"Writhing Mass","floor":49,"turns":5},{"damage":0,"enemies":"WA_ARCHETYPE_DIVINITY","floor":50,"turns":11},{"damage":2,"enemies":"downfall:CharBossMerchant","floor":52,"turns":7},{"damage":36,"enemies":"downfall:NeowBoss","floor":55,"turns":14},{"damage":0,"enemies":"downfall:NeowBossFinal","floor":56,"turns":13}],"seed_played":"1878554869640273328","potions_obtained":[{"floor":3.0,"key":"CultistPotion"},{"floor":4.0,"key":"SkillPotion"},{"floor":10.0,"key":"EssenceOfSteel"},{"floor":11.0,"key":"Regen Potion"},{"floor":20.0,"key":"GamblersBrew"},{"floor":23.0,"key":"PowerPotion"},{"floor":27.0,"key":"Dexterity Potion"},{"floor":29.0,"key":"bronze:FreeFunctionsPotion"},{"floor":33.0,"key":"Fire Potion"},{"floor":36.0,"key":"ColorlessPotion"},{"floor":42.0,"key":"Weak Potion"},{"floor":46.0,"key":"SkillPotion"},{"floor":49,"key":"bronze:CleanCodePotion"}],"is_trial":false,"path_per_floor":["R","M","M","M","?","M","T","M","R","M","M","R","?","M","M","B",null,"R","M","M","$","?","M","T","E","R","E","R","M","R","?","M","B",null,"R","M","M","$","?","M","T","M","M","?","$","M","M","E","M","B",null,"E","$","R","B","B",null],"character_chosen":"THE_AUTOMATON","items_purchased":["Sling","Membership Card","Lantern","bronze:Repulsor"],"campfire_rested":0,"item_purchase_floors":[21,38,38,53],"current_hp_per_floor":[70,70,69,68,73,70,70,58,68,59,53,53,53,59,54,13,85,85,80,49,49,49,59,59,42,42,39,39,51,51,58,66,57,66,66,58,62,66,66,66,66,44,52,52,58,66,66,37,49,57,66,66,66,66,60,66],"gold":14,"neow_bonus":"HUNDRED_GOLD","is_daily":false,"chose_seed":false,"campfire_upgraded":8,"win_rate":0.0,"timestamp":1613398568,"path_taken":["R","M","M","M","?","M","T","M","R","M","M","R","?","?","M","BOSS","R","M","M","$","?","M","T","E","R","E","R","M","R","?","M","BOSS","R","M","M","$","?","?","T","?","?","?","$","?","M","E","M","BOSS","E","$","R","BOSS","BOSS"],"items_purchased_type":["Relic","Relic","Relic","Card"],"build_version":"2020-12-22","purchased_purges":4,"victory":true,"max_hp_per_floor":[70,70,70,70,75,75,75,75,85,85,85,85,85,85,85,85,85,85,85,85,85,59,59,59,59,59,59,59,59,59,66,66,66,66,66,66,66,66,66,66,66,66,66,66,66,66,66,66,66,66,66,66,66,66,66,66],"card_choices":[{"not_picked":["bronze:Iterate","bronze:Frontload","bronze:DelayedSlice"],"picked":"SKIP","floor":2.0},{"not_picked":["bronze:Invalidate","bronze:WildBeam"],"picked":"bronze:FineTuning","floor":3.0},{"not_picked":["bronze:ForLoop","bronze:Philosophize"],"picked":"bronze:Mutator","floor":4.0},{"not_picked":["bronze:CloningBeam","bronze:Turbo"],"picked":"bronze:OilSpill","floor":6.0},{"not_picked":["bronze:DelayedGuard","bronze:BronzeArmor"],"picked":"bronze:MaxOutput","floor":8.0},{"not_picked":["bronze:BuggyMess","bronze:Deprecate","bronze:NullPointer"],"picked":"SKIP","floor":10.0},{"not_picked":["bronze:Frontload","bronze:Branch","bronze:ChildClass"],"picked":"SKIP","floor":11.0},{"not_picked":["bronze:BronzeArmor","bronze:FollowUp"],"picked":"bronze:ChosenStrike","floor":14.0},{"not_picked":["bronze:Flail","bronze:OilSpill"],"picked":"bronze:Verify","floor":15.0},{"not_picked":["bronze:FindAndReplace","bronze:RecursiveStrike"],"picked":"bronze:Verify","floor":16.0},{"not_picked":["bronze:CutThrough","bronze:Iterate"],"picked":"bronze:Shell","floor":19.0},{"not_picked":["bronze:DigitalCarnage","bronze:ClassDefault"],"picked":"bronze:DarkDash+1","floor":20.0},{"not_picked":["bronze:Frontload","bronze:Branch+1"],"picked":"bronze:Repair","floor":21.0},{"not_picked":["bronze:NullPointer","bronze:DelayedGuard+1","bronze:Deprecate"],"picked":"SKIP","floor":23.0},{"not_picked":["bronze:WildBeam","bronze:BuggyMess"],"picked":"bronze:CloningBeam","floor":25.0},{"not_picked":["bronze:Branch+1","bronze:WhirlingStrike"],"picked":"bronze:Flail+1","floor":27.0},{"not_picked":["bronze:Backtrace","bronze:Philosophize","bronze:FollowUp"],"picked":"SKIP","floor":29.0},{"not_picked":["bronze:FineTuning","bronze:DelayedSlice+1"],"picked":"bronze:Frontload","floor":32.0},{"not_picked":["bronze:AlphaBuild","bronze:Virus"],"picked":"bronze:CleanCode","floor":33.0},{"not_picked":["bronze:DelayedSlice","bronze:Iterate+1","bronze:CutThrough"],"picked":"SKIP","floor":36.0},{"not_picked":["bronze:BugBarrage+1","bronze:BuggyMess"],"picked":"bronze:Boost","floor":37.0},{"not_picked":["bronze:Branch+1","bronze:CutThrough+1","bronze:Repair+1"],"picked":"SKIP","floor":38.0},{"not_picked":["bronze:DarkDash","bronze:DelayedGuard+1","bronze:Repair"],"picked":"SKIP","floor":40.0},{"not_picked":["bronze:NullPointer+1","bronze:Shield","bronze:Turbo+1"],"picked":"bronze:ForceShield+1","floor":42.0},{"not_picked":["bronze:Break","bronze:CloningBeam+1","bronze:Invalidate+1"],"picked":"bronze:Fortify+1","floor":43.0},{"not_picked":["bronze:WhirlingStrike","bronze:FollowUp","bronze:DelayedSlice+1","bronze:Iterate"],"picked":"SKIP","floor":45.0},{"not_picked":["bronze:Overheat","bronze:Deprecate+1","bronze:Invalidate","bronze:WhirlingStrike"],"picked":"SKIP","floor":46.0},{"not_picked":["bronze:Deprecate+1","bronze:DelayedGuard+1","bronze:BugBarrage+1"],"picked":"bronze:Boost+1","floor":47.0},{"not_picked":["bronze:WhirlingStrike","bronze:CleanCode","bronze:Shell"],"picked":"bronze:ClassDefault","floor":48.0},{"not_picked":["bronze:Invalidate+1","bronze:Philosophize+1","bronze:DarkDash+1"],"picked":"bronze:Return+1","floor":49},{"not_picked":["bronze:Branch","bronze:GetLatest+1","bronze:Overheat+1"],"picked":"bronze:ForceShield+1","floor":52}],"player_experience":126694,"relics_obtained":[{"floor":24.0,"key":"MawBank"},{"floor":25.0,"key":"Meat on the Bone"},{"floor":27.0,"key":"Ginger"},{"floor":41.0,"key":"Question Card"},{"floor":48.0,"key":"White Beast Statue"},{"floor":52,"key":"Gremlin Horn"}],"event_choices":[{"damage_healed":0.0,"max_hp_gain":5.0,"max_hp_loss":0.0,"gold_gain":0.0,"event_name":"Big Fish","player_choice":"Donut","floor":5.0,"gold_loss":0.0,"damage_taken":0.0},{"damage_healed":0.0,"max_hp_gain":0.0,"max_hp_loss":0.0,"gold_gain":0.0,"event_name":"FaceTrader","player_choice":"Leave","floor":13.0,"gold_loss":0.0,"damage_taken":0.0},{"damage_healed":0.0,"max_hp_gain":0.0,"max_hp_loss":26.0,"gold_gain":0.0,"event_name":"Vampires","player_choice":"Became a vampire","floor":22.0,"gold_loss":0.0,"damage_taken":0.0,"cards_obtained":["Bite","Bite","Bite","Bite","Bite"]}],"is_beta":false,"boss_relics":[{"not_picked":["Calling Bell","Coffee Dripper"],"picked":"Snecko Eye"},{"not_picked":["Tiny House","Busted Crown"],"picked":"Astrolabe"}],"items_purged_floors":[21,38,45,53],"is_endless":false,"potions_floor_spawned":[3,4,10,11,20,23,27,29,33,36,42,46,48,49,52],"ascension_level":0}}