{"host":"idjwbq71yrpkph1r","time":1613425785,"event":{"mods":["AchievementEnabler","Alarm Clock","BaseMod","Better Third Choice","Block Reminder","Colored Map","Colored Powertips","Conspire","Curses Come First","Displayed Cursed Tome","Hermit","Hubris","Mimic Mod","Minty Spire (QoL Compilation)","Monster B Gone","Morshu Shopkeeper","Rare Cards Sparkle","Relic Stats","StS++","StSLib","The Blue Laboratory","everything is the same but u backflip on backflip"],"gold_per_floor":[119,119,50,66,66,66,86,86,110,125,125,144,176,195,195,312,312,329,342,379,379,379,379],"floor_reached":22,"language":"ENG","playtime":943,"items_purged":[],"score":186,"play_id":"7b7fee88-ed51-4074-a730-ab95ec575eb4","local_time":"20210215224945","is_ascension_mode":false,"campfire_choices":[{"floor":6,"key":"REST"},{"data":"Apotheosis","floor":8,"key":"SMITH"},{"data":"Caltrops","floor":15,"key":"SMITH"}],"circlet_count":0,"master_deck":["Strike_B","Strike_B","Strike_B","Strike_B","Defend_B","Defend_B","Defend_B","Defend_B","Zap","Dualcast","Apotheosis+1","StSpp:Pointer+1","Caltrops+1","Self Repair","Self Repair","Echo Form"],"relics":["Cracked Core","StSpp:BrokenTotem","Anchor","conspire:InfiniteJournal","hubris:HollowSoul","conspire:Flyswatter"],"acts_visited":["Exordium","TheCity"],"potions_floor_usage":[16,22],"damage_taken":[{"damage":10,"enemies":"Small Slimes","floor":1,"turns":3},{"damage":12,"enemies":"2 Louse","floor":4,"turns":3},{"damage":6,"enemies":"Jaw Worm","floor":7,"turns":3},{"damage":0,"enemies":"2 Fungi Beasts","floor":10,"turns":3},{"damage":7,"enemies":"Red Slaver","floor":12,"turns":4},{"damage":4,"enemies":"Lagavulin","floor":13,"turns":7},{"damage":7,"enemies":"Exordium Wildlife","floor":14,"turns":3},{"damage":19,"enemies":"Slime Boss","floor":16,"turns":7},{"damage":30,"enemies":"Spheric Guardian","floor":18,"turns":5},{"damage":22,"enemies":"3 Byrds","floor":19,"turns":3},{"damage":17,"enemies":"Cultist and Chosen","floor":20,"turns":8},{"damage":14,"enemies":"Cultist and Chosen","floor":22,"turns":4}],"seed_played":"5264645056488887732","potions_obtained":[{"floor":1,"key":"ColorlessPotion"},{"floor":7,"key":"BlessingOfTheForge"},{"floor":11,"key":"blueLaboratory:CorrosionFlask"},{"floor":12,"key":"blueLaboratory:BottleOfVodka"},{"floor":19,"key":"CultistPotion"}],"is_trial":false,"path_per_floor":["M","?","$","M","?","R","M","R","T","M","?","M","E","M","R","B",null,"M","M","MIM","?","M"],"character_chosen":"DEFECT","items_purchased":["Self Repair"],"campfire_rested":1,"item_purchase_floors":[3],"current_hp_per_floor":[58,42,42,37,37,57,61,61,61,68,68,68,68,68,68,68,68,55,47,50,50,0,0],"gold":379,"neow_bonus":"RANDOM_COLORLESS_2","is_daily":false,"chose_seed":false,"campfire_upgraded":2,"win_rate":0.0,"timestamp":1613425785,"path_taken":["M","?","$","M","?","R","?","R","T","M","?","M","E","M","R","BOSS","M","M","?","?","M"],"items_purchased_type":["Card"],"build_version":"2020-12-22","purchased_purges":0,"victory":false,"max_hp_per_floor":[68,68,68,68,68,68,68,68,68,68,68,68,68,68,68,68,68,68,68,68,68,68,68],"relic_stats":{"counters":[12,61],"obtain_stats":[{"Anchor":9,"StSpp:BrokenTotem":2,"hubris:HollowSoul":17,"Cracked Core":0,"conspire:InfiniteJournal":13,"conspire:Flyswatter":20},{"Anchor":3,"StSpp:BrokenTotem":1,"hubris:HollowSoul":8,"Cracked Core":0,"conspire:InfiniteJournal":6,"conspire:Flyswatter":11},{"Anchor":9,"StSpp:BrokenTotem":3,"hubris:HollowSoul":33,"Cracked Core":0,"conspire:InfiniteJournal":23,"conspire:Flyswatter":49}]},"card_choices":[{"not_picked":["The Bomb","Violence"],"picked":"Apotheosis","floor":0},{"not_picked":["Barrage","Melter"],"picked":"StSpp:Pointer","floor":1},{"not_picked":["Aggregate","Redo","Compile Driver"],"picked":"SKIP","floor":4},{"not_picked":["Undo","Sweeping Beam","Heatsinks"],"picked":"SKIP","floor":7},{"not_picked":["Turbo","Coolheaded","Force Field"],"picked":"SKIP","floor":10},{"not_picked":["conspire:Rain","Steam Power","Undo"],"picked":"SKIP","floor":12},{"not_picked":["Ball Lightning","Heatsinks","Chaos"],"picked":"SKIP","floor":13},{"not_picked":["Ball Lightning","Coolheaded"],"picked":"Self Repair","floor":14},{"not_picked":["Machine Learning","Thunder Strike"],"picked":"Echo Form","floor":16},{"not_picked":["Hologram","StSpp:Mask","Melter+1"],"picked":"SKIP","floor":18},{"not_picked":["Force Field","Redo","Aggregate"],"picked":"SKIP","floor":19}],"player_experience":363715,"relics_obtained":[{"floor":9,"key":"Anchor"},{"floor":13,"key":"conspire:InfiniteJournal"},{"floor":20,"key":"conspire:Flyswatter"}],"event_choices":[{"damage_healed":0,"gold_gain":0,"player_choice":"Grow","damage_taken":0,"max_hp_gain":0,"max_hp_loss":0,"event_name":"Living Wall","floor":5,"gold_loss":0,"cards_upgraded":["StSpp:Pointer"]},{"damage_healed":0,"gold_gain":0,"player_choice":"Got Potions","damage_taken":0,"max_hp_gain":0,"max_hp_loss":0,"event_name":"Lab","floor":11,"gold_loss":0},{"damage_healed":0,"gold_gain":0,"player_choice":"Ignored","damage_taken":0,"max_hp_gain":0,"max_hp_loss":0,"event_name":"Vampires","floor":21,"gold_loss":0}],"is_beta":false,"boss_relics":[{"not_picked":["Coffee Dripper","StSpp:FireArrow"],"picked":"hubris:HollowSoul"}],"items_purged_floors":[],"is_endless":false,"potions_floor_spawned":[1,7,12,14,19],"killed_by":"Cultist and Chosen","ascension_level":0}}