{"host":"uv5ws9rdk87e8i5k","time":1613429014,"event":{"mods":["AchievementEnabler","BaseMod","Colored Map","Minty Spire (QoL Compilation)","Permanent Neow","Quick Restart","StSLib","SuperFastMode","The Necromancer"],"gold_per_floor":[17,34,47,57,7,7,7,34,34,34,49,74,84,118,118,118,118],"floor_reached":16,"language":"ENG","playtime":223,"items_purged":[],"score":181,"play_id":"ac2d1c07-204c-4d62-aca6-aaedc1e8ef95","local_time":"20210215164334","is_ascension_mode":true,"campfire_choices":[{"data":"BattleHymn","floor":6.0,"key":"SMITH"},{"data":"Judgement","floor":10,"key":"SMITH"},{"floor":15,"key":"REST"}],"circlet_count":0,"master_deck":["Strike_P","Strike_P","Defend_P","Defend_P","Defend_P","Eruption","Vigilance","CarveReality","Tantrum","BowlingBash","WindmillStrike","Protect","BattleHymn+1","Swivel","Judgement+1","Conclude","Swivel","Wallop"],"relics":["PureWater","Kunai","Blue Candle","Singing Bowl","Mummified Hand"],"acts_visited":["Exordium"],"potions_floor_usage":[12,14],"damage_taken":[{"damage":0.0,"enemies":"2 Louse","floor":1.0,"turns":3.0},{"damage":0.0,"enemies":"Small Slimes","floor":2.0,"turns":2.0},{"damage":0.0,"enemies":"Cultist","floor":3.0,"turns":2.0},{"damage":3.0,"enemies":"Red Slaver","floor":4.0,"turns":3.0},{"damage":0,"enemies":"Gremlin Nob","floor":8,"turns":2},{"damage":6,"enemies":"Exordium Thugs","floor":11,"turns":3},{"damage":0,"enemies":"Lagavulin","floor":12,"turns":4},{"damage":0,"enemies":"Blue Slaver","floor":13,"turns":1},{"damage":37,"enemies":"3 Sentries","floor":14,"turns":3},{"damage":0,"enemies":"The Guardian","floor":16,"turns":1}],"seed_played":"-6768126721279225605","potions_obtained":[{"floor":1.0,"key":"DistilledChaos"},{"floor":2.0,"key":"Ancient Potion"},{"floor":8,"key":"DuplicationPotion"},{"floor":13,"key":"Dexterity Potion"}],"is_trial":false,"path_per_floor":["M","M","M","M","?","R","?","E","T","R","M","E","M","E","R","B"],"character_chosen":"WATCHER","items_purchased":[],"campfire_rested":1,"item_purchase_floors":[],"current_hp_per_floor":[72,72,72,69,69,69,69,69,69,69,63,65,65,30,52,52,52],"gold":118,"neow_bonus":"TRANSFORM_TWO_CARDS","is_daily":false,"chose_seed":false,"campfire_upgraded":2,"win_rate":0.0,"timestamp":1613429014,"path_taken":["M","M","M","M","?","R","?","E","T","R","?","E","M","E","R","BOSS"],"items_purchased_type":[],"build_version":"2020-12-22","purchased_purges":0,"victory":false,"max_hp_per_floor":[72,72,72,72,72,72,72,72,72,72,72,74,74,76,76,76,76],"card_choices":[{"not_picked":["Pray","Crescendo"],"picked":"BowlingBash","floor":1.0},{"not_picked":["Evaluate","Conclude"],"picked":"WindmillStrike","floor":2.0},{"not_picked":["Nirvana","Crescendo"],"picked":"Protect","floor":3.0},{"not_picked":["Protect","EmptyMind"],"picked":"BattleHymn","floor":4.0},{"not_picked":["Wireheading","Halt"],"picked":"Conclude","floor":8},{"not_picked":["JustLucky","Judgement"],"picked":"Swivel","floor":11},{"not_picked":["SashWhip","Vengeance","CrushJoints"],"picked":"Singing Bowl","floor":12},{"not_picked":["EmptyFist","SashWhip"],"picked":"Wallop","floor":13},{"not_picked":["ClearTheMind","Protect","PathToVictory"],"picked":"Singing Bowl","floor":14}],"player_experience":198045,"relics_obtained":[{"floor":8,"key":"Kunai"},{"floor":9,"key":"Blue Candle"},{"floor":12,"key":"Singing Bowl"},{"floor":14,"key":"Mummified Hand"}],"event_choices":[{"cards_removed":["Strike_P"],"damage_healed":0.0,"max_hp_gain":0.0,"max_hp_loss":0.0,"gold_gain":0.0,"event_name":"The Cleric","player_choice":"Card Removal","floor":5.0,"gold_loss":50.0,"damage_taken":0.0},{"damage_healed":0,"gold_gain":0,"player_choice":"2 cards matched","damage_taken":0,"max_hp_gain":0,"max_hp_loss":0,"event_name":"Match and Keep!","floor":7,"gold_loss":0,"cards_obtained":["Swivel","Judgement"]}],"is_beta":false,"boss_relics":[],"items_purged_floors":[],"is_endless":false,"potions_floor_spawned":[1,2,8,13],"killed_by":"The Guardian","ascension_level":1}}