{"host":"amnup8uv961nil3y","time":1613360479,"event":{"mods":["Act Like it!","Aspiration","BaseMod","Bestiary","Better Altar","Better Match","Better Sensory Stone","Better Synergies","Better Third Choice","Block Reminder","Challenge The Spire","Colored Map","Colored Powertips","Colorless Booster Pack","Conspire","DeckTracker","Disable Question Mark Monsters","Elementarium","Energized Spire","Evolution","GifTheSpireLib","Halation","Hermit","HexUI Lib","Highlight Path","Hubris","Infinite Spire","Lotus Mark","Menagerie","Minty Spire (QoL Compilation)","Pale of the Ancients","Potion Indicator Mod","Quarter Circle Forward PUNCH!","Random Character Button","Relic Stats","Reliquary","Replay The Spire","Reworked Bosses","Shop Mod","Small Relic Pack","Spicy Shops","Spikes Relics","StSLib","Stuff the Spire","Swap Starting Deck Mod","The Dragonkin","The Jungle","Trackpad","Useless Jewels Mod","Wandering Minibosses"],"gold_per_floor":[114,189,189,206,221,246,246,245,291,309,309,309,324,335,335,428,428,437,437,21,93,93,119,119,134,134,134,134,146,146,172,172,266,266,280,1070,1093,1109,1119,1148,1148,1162,1215,1230,1241,1253,1278,1293,1293,1293,1293,1293,882,917,917],"floor_reached":56,"language":"ENG","playtime":4648,"items_purged":["Pride","Delirium","Pain"],"score":1428,"play_id":"2d3a2a9a-bb5c-4821-a128-a24bea1c0e1e","local_time":"20210215034119","is_ascension_mode":false,"campfire_choices":[{"data":"theDragonkin:DivineJolt","floor":7,"key":"SMITH"},{"floor":12,"key":"REST"},{"floor":15,"key":"DIG"},{"data":"theDragonkin:DivineJolt","floor":24,"key":"SMITH"},{"data":"StuffTheSpire:Harmony","floor":28,"key":"SMITH"},{"data":"theDragonkin:Subdue","floor":30,"key":"SMITH"},{"data":"theDragonkin:HolyBarrier","floor":32,"key":"SMITH"},{"floor":49,"key":"RECALL"},{"data":"StuffTheSpire:BrainWave","floor":52,"key":"SMITH"}],"circlet_count":0,"master_deck":["theDragonkin:Strike","theDragonkin:Defend","theDragonkin:Defend","theDragonkin:HolySmite","theDragonkin:BlazingBreath","theDragonkin:DivineJolt+1","theDragonkin:EmberSwipe","theDragonkin:MoltenBreath","theDragonkin:Subdue+1","theDragonkin:MagnussCorona+1","theDragonkin:PrismaticBreath","theDragonkin:DivineJolt+1","theDragonkin:SlowBurn","theDragonkin:Detox+1","theDragonkin:RevelationBreath+1","theDragonkin:AcidArmor","theDragonkin:TwinBreath+1","StuffTheSpire:Harmony+1","theDragonkin:SlowBurn","StuffTheSpire:Rapture","theDragonkin:EmberSwipe+1","theDragonkin:SlowBurn+1","theDragonkin:AcidBreath","theDragonkin:AcidArmor","theDragonkin:HolyBarrier+1","theDragonkin:ShieldBash","theDragonkin:GooGrip+1","theDragonkin:DivineJolt+1","theDragonkin:HeatShield+1","theDragonkin:ControlledBreath+1","StuffTheSpire:CelestialWarden","theDragonkin:HolyWordBarrier+1","theDragonkin:ShieldGlare+1","theDragonkin:DivineBreath+1","Backflip","Deadly Poison","ReplayTheSpireMod:Necrosis","Amnesia","StuffTheSpire:Innocence","theDragonkin:ShieldGlare","theDragonkin:Cauterize+1","hubris:Greed","StuffTheSpire:BrainWave+1","Regret","StuffTheSpire:Vigor","hubris:Greed","StuffTheSpire:CelestialWarden","theDragonkin:StormFront"],"relics":["theDragonkin:GarnetScale","EVO:Axolotl","conspire:DeflatedDodgeball","aspiration:Lifesprig","trackpad:DisasterInABottle","Simple Rune","Cursed Key","StuffTheSpire:Saxophone","halation:LostSnail","reliquary:PartyBalloon","Chameleon Ring","theDragonkin:Sulfurian","ReplayTheSpireMod:Lightbulb","halation:TwoAmDonut","hubris:BottledRain","Astrolabe","wanderingMiniBosses:MasterThiefsPresence","infinitespire:Lucky Rock","Orichalcum","reliquary:Aerogel","aspiration:Nostalgia","Cracked Core","trackpad:ByrdBGone","trackpad:CultistFigurine"],"acts_visited":["Exordium","TheCity","TheBeyond","TheEnding"],"potions_floor_usage":[6,23,55,55],"damage_taken":[{"damage":0,"enemies":"conspire:RoseBush","floor":1,"turns":5},{"damage":0,"enemies":"Jaw Worm","floor":4,"turns":3},{"damage":0,"enemies":"Small Slimes","floor":5,"turns":3},{"damage":16,"enemies":"Lagavulin","floor":6,"turns":5},{"damage":13,"enemies":"Exordium Thugs","floor":8,"turns":6},{"damage":8,"enemies":"Red Slaver","floor":10,"turns":3},{"damage":0,"enemies":"Blue Slaver","floor":13,"turns":2},{"damage":1,"enemies":"2 Fungi Beasts","floor":14,"turns":3},{"damage":17,"enemies":"Fading Forest","floor":16,"turns":11},{"damage":0,"enemies":"conspire:FuzzyDice","floor":18,"turns":6},{"damage":0,"enemies":"Gremlin Leader","floor":23,"turns":4},{"damage":0,"enemies":"Spheric Guardian","floor":25,"turns":3},{"damage":5,"enemies":"Centurion and Healer","floor":29,"turns":4},{"damage":0,"enemies":"Book of Stabbing","floor":31,"turns":4},{"damage":0,"enemies":"conspire:MysteriousRune","floor":33,"turns":7},{"damage":1,"enemies":"3 Shapes","floor":35,"turns":3},{"damage":1,"enemies":"3 Darklings","floor":36,"turns":5},{"damage":8,"enemies":"4 Shapes","floor":38,"turns":2},{"damage":4,"enemies":"Spire Growth","floor":39,"turns":5},{"damage":2,"enemies":"Reptomancer","floor":40,"turns":6},{"damage":3,"enemies":"Sphere and 2 Shapes","floor":42,"turns":4},{"damage":0,"enemies":"Writhing Mass","floor":44,"turns":5},{"damage":8,"enemies":"Maw","floor":45,"turns":6},{"damage":5,"enemies":"4 Shapes","floor":46,"turns":4},{"damage":0,"enemies":"R_Hoarder","floor":47,"turns":5},{"damage":0,"enemies":"Jaw Worm Horde","floor":48,"turns":2},{"damage":18,"enemies":"TheAcolyte","floor":50,"turns":7},{"damage":0,"enemies":"Shield and Spear","floor":54,"turns":5},{"damage":0,"enemies":"The Heart","floor":55,"turns":9}],"seed_played":"2740014279159151258","potions_obtained":[{"floor":1,"key":"Strength Potion"},{"floor":5,"key":"LiquidMemories"},{"floor":8,"key":"SpeedPotion"},{"floor":16,"key":"PowerPotion"},{"floor":18,"key":"Cursed Concoction"},{"floor":21,"key":"Regen Potion"},{"floor":33,"key":"ColorlessPotion"},{"floor":54,"key":"Swift Potion"}],"is_trial":false,"path_per_floor":["M","?","?","M","M","E","R","M","T","M","?","R","M","M","R_BF","B",null,"M","?","$","?","AVR","E","R","M","T","?","R","M","R","E","R","B",null,"M","M","T","M","M","E","?","M","T","M","M","M","E","M","R","B",null,"R","$","E","B",null],"character_chosen":"THE_DRAGONKIN","items_purchased":["StuffTheSpire:Saxophone","theDragonkin:AcidArmor","theDragonkin:TwinBreath","halation:LostSnail","theDragonkin:SlowBurn","aspiration:Nostalgia","trackpad:ByrdBGone"],"campfire_rested":1,"item_purchase_floors":[20,20,20,20,20,53,53],"current_hp_per_floor":[93,82,75,75,75,59,59,46,46,38,38,65,65,64,64,57,93,93,93,93,93,93,93,93,93,93,93,93,91,91,93,93,93,93,93,93,93,88,93,93,93,93,93,93,91,93,93,93,93,90,93,93,93,93,93],"gold":917,"neow_bonus":"TEN_PERCENT_HP_BONUS","is_daily":false,"chose_seed":false,"campfire_upgraded":6,"win_rate":0.0,"timestamp":1613360479,"path_taken":["M","?","?","M","M","E","R","M","T","M","?","R","?","M","R_BF","BOSS","M","?","$","?","AVR","E","R","?","T","?","R","?","R","E","R","BOSS","M","?","?","M","M","E","?","?","T","M","M","M","E","M","R","BOSS","R","$","E","BOSS"],"items_purchased_type":["Relic","Card","Card","Relic","Card","Relic","Relic"],"build_version":"2020-12-22","purchased_purges":3,"victory":true,"max_hp_per_floor":[93,93,93,93,93,93,93,93,93,93,93,93,93,93,93,93,93,93,93,93,93,93,93,93,93,93,93,93,93,93,93,93,93,93,93,93,93,93,93,93,93,93,93,93,93,93,93,93,93,93,93,93,93,93,93],"relic_stats":{"counters":[29,137],"Astrolabe":["relicPack:TruthCard","theDragonkin:GooGrip","theDragonkin:DivineJolt"],"Orichalcum":[6],"Cursed Key":3,"obtain_stats":[{"aspiration:Lifesprig":9,"reliquary:PartyBalloon":21,"reliquary:Aerogel":47,"aspiration:Nostalgia":53,"Astrolabe":34,"StuffTheSpire:Saxophone":20,"wanderingMiniBosses:MasterThiefsPresence":36,"trackpad:ByrdBGone":53,"EVO:Axolotl":0,"infinitespire:Lucky Rock":37,"theDragonkin:Sulfurian":22,"Orichalcum":40,"trackpad:DisasterInABottle":11,"Cursed Key":17,"Chameleon Ring":22,"theDragonkin:GarnetScale":0,"Simple Rune":15,"halation:TwoAmDonut":26,"conspire:DeflatedDodgeball":6,"halation:LostSnail":20,"trackpad:CultistFigurine":54,"ReplayTheSpireMod:Lightbulb":23,"Cracked Core":53,"hubris:BottledRain":31},{"aspiration:Lifesprig":5,"reliquary:PartyBalloon":10,"reliquary:Aerogel":25,"aspiration:Nostalgia":27,"Astrolabe":15,"StuffTheSpire:Saxophone":10,"wanderingMiniBosses:MasterThiefsPresence":17,"trackpad:ByrdBGone":27,"EVO:Axolotl":0,"infinitespire:Lucky Rock":17,"theDragonkin:Sulfurian":10,"Orichalcum":20,"trackpad:DisasterInABottle":6,"Cursed Key":9,"Chameleon Ring":10,"theDragonkin:GarnetScale":0,"Simple Rune":8,"halation:TwoAmDonut":12,"conspire:DeflatedDodgeball":4,"halation:LostSnail":10,"trackpad:CultistFigurine":28,"ReplayTheSpireMod:Lightbulb":11,"Cracked Core":27,"hubris:BottledRain":14},{"aspiration:Lifesprig":22,"reliquary:PartyBalloon":47,"reliquary:Aerogel":114,"aspiration:Nostalgia":123,"Astrolabe":69,"StuffTheSpire:Saxophone":47,"wanderingMiniBosses:MasterThiefsPresence":77,"trackpad:ByrdBGone":123,"EVO:Axolotl":0,"infinitespire:Lucky Rock":77,"theDragonkin:Sulfurian":47,"Orichalcum":90,"trackpad:DisasterInABottle":25,"Cursed Key":41,"Chameleon Ring":47,"theDragonkin:GarnetScale":0,"Simple Rune":30,"halation:TwoAmDonut":54,"conspire:DeflatedDodgeball":16,"halation:LostSnail":47,"trackpad:CultistFigurine":128,"ReplayTheSpireMod:Lightbulb":51,"Cracked Core":123,"hubris:BottledRain":62}]},"card_choices":[{"not_picked":["theDragonkin:FlameWard","theDragonkin:FlameClaw"],"picked":"theDragonkin:DivineJolt","floor":1},{"not_picked":["theDragonkin:SandBreath","theDragonkin:FlameBreath"],"picked":"theDragonkin:EmberSwipe","floor":4},{"not_picked":["theDragonkin:Flashpoint","theDragonkin:InfernoWard"],"picked":"theDragonkin:MoltenBreath","floor":5},{"not_picked":["theDragonkin:ControlledBreath","theDragonkin:SlowBurn"],"picked":"theDragonkin:Subdue","floor":6},{"not_picked":["theDragonkin:FlameClaw","theDragonkin:Sizzle"],"picked":"theDragonkin:MagnussCorona","floor":8},{"not_picked":["theDragonkin:DivineFire","theDragonkin:FlameBreath"],"picked":"theDragonkin:PrismaticBreath","floor":10},{"not_picked":["theDragonkin:FlameWard","theDragonkin:HeatShield"],"picked":"theDragonkin:DivineJolt","floor":13},{"not_picked":["theDragonkin:HallowedGround","theDragonkin:CorrosiveBelch"],"picked":"theDragonkin:SlowBurn","floor":14},{"not_picked":["theDragonkin:MirrorBreath","theDragonkin:CinderStorm"],"picked":"theDragonkin:Detox","floor":16},{"not_picked":["theDragonkin:Sizzle","theDragonkin:Ravage+1"],"picked":"theDragonkin:RevelationBreath+1","floor":18},{"not_picked":["theDragonkin:HeatShield+1","theDragonkin:FlameClaw"],"picked":"theDragonkin:EmberSwipe+1","floor":21},{"not_picked":["theDragonkin:RevelationBreath","theDragonkin:HallowedGround"],"picked":"theDragonkin:SlowBurn+1","floor":23},{"not_picked":["theDragonkin:EnduringAgony","theDragonkin:MiasmicBreath"],"picked":"theDragonkin:AcidBreath","floor":25},{"not_picked":["theDragonkin:DivineFire","theDragonkin:GooGrip"],"picked":"theDragonkin:AcidArmor","floor":29},{"not_picked":["theDragonkin:RevelationBreath","theDragonkin:MiasmicBreath+1"],"picked":"theDragonkin:HolyBarrier","floor":31},{"not_picked":["theDragonkin:CrusaderForm","theDragonkin:Detox"],"picked":"theDragonkin:ShieldBash","floor":33},{"not_picked":["theDragonkin:SlowBurn","theDragonkin:Sizzle"],"picked":"theDragonkin:HeatShield+1","floor":35},{"not_picked":["theDragonkin:AshenArmor","theDragonkin:BurningRage+1"],"picked":"theDragonkin:ControlledBreath+1","floor":36},{"not_picked":["theDragonkin:VoiceofOrder+1","theDragonkin:Sizzle"],"picked":"theDragonkin:HolyWordBarrier+1","floor":38},{"not_picked":["theDragonkin:EmberSwipe+1","theDragonkin:BurningRage+1"],"picked":"theDragonkin:ShieldGlare+1","floor":39},{"not_picked":["theDragonkin:ControlledBreath","theDragonkin:Detox"],"picked":"theDragonkin:DivineBreath+1","floor":40},{"not_picked":["theDragonkin:DivineFire+1","theDragonkin:HallowedGround+1","theDragonkin:RevelationBreath+1"],"picked":"SKIP","floor":42},{"not_picked":["theDragonkin:BurningRage","theDragonkin:HolyWordBarrier+1"],"picked":"theDragonkin:ShieldGlare","floor":44},{"not_picked":["theDragonkin:DivineJolt+1","theDragonkin:HeatShield+1","theDragonkin:EmberSwipe+1"],"picked":"SKIP","floor":45},{"not_picked":["theDragonkin:HeatShield+1","theDragonkin:HolyFlask","theDragonkin:CrusaderForm"],"picked":"SKIP","floor":46},{"not_picked":["theDragonkin:ControlledBreath","theDragonkin:DivinePrayer","theDragonkin:FlameClaw+1"],"picked":"SKIP","floor":47},{"not_picked":["theDragonkin:MiasmicBreath","theDragonkin:AcidBreath"],"picked":"theDragonkin:Cauterize+1","floor":48},{"not_picked":["theDragonkin:HallowedGround","theDragonkin:BurningRage+1"],"picked":"theDragonkin:StormFront","floor":54}],"player_experience":391366,"relics_obtained":[{"floor":6,"key":"conspire:DeflatedDodgeball"},{"floor":9,"key":"aspiration:Lifesprig"},{"floor":15,"key":"Simple Rune"},{"floor":21,"key":"reliquary:PartyBalloon"},{"floor":23,"key":"ReplayTheSpireMod:Lightbulb"},{"floor":26,"key":"halation:TwoAmDonut"},{"floor":31,"key":"hubris:BottledRain"},{"floor":36,"key":"wanderingMiniBosses:MasterThiefsPresence"},{"floor":37,"key":"infinitespire:Lucky Rock"},{"floor":40,"key":"Orichalcum"},{"floor":47,"key":"reliquary:Aerogel"},{"floor":54,"key":"trackpad:CultistFigurine"}],"event_choices":[{"damage_healed":0,"gold_gain":75,"player_choice":"Gold","damage_taken":11,"max_hp_gain":0,"max_hp_loss":0,"event_name":"betterThird:BetterGoop","floor":2,"gold_loss":0},{"cards_removed":["theDragonkin:Strike"],"damage_healed":0,"gold_gain":0,"player_choice":"Card Removal","damage_taken":7,"max_hp_gain":0,"max_hp_loss":0,"event_name":"Golden Wing","floor":3,"gold_loss":0},{"damage_healed":0,"gold_gain":0,"player_choice":"Gave Potion","damage_taken":0,"relics_obtained":["trackpad:DisasterInABottle"],"max_hp_gain":0,"max_hp_loss":0,"event_name":"WeMeetAgain","floor":11,"gold_loss":0},{"cards_removed":["StuffTheSpire:Perfection"],"damage_healed":5,"gold_gain":0,"player_choice":"Offered Special","damage_taken":0,"max_hp_gain":0,"max_hp_loss":0,"event_name":"Bonfire Elementals","floor":27,"gold_loss":0}],"is_beta":false,"boss_relics":[{"not_picked":["trackpad:Coffee","aspiration:SecretTechniqueScroll"],"picked":"Cursed Key"},{"not_picked":["halation:SmartPhone","hubris:VirtuousBlindfold"],"picked":"Astrolabe"}],"items_purged_floors":[20,22,53],"is_endless":false,"potions_floor_spawned":[1,5,8,16,18,33,36,40,42,47,54],"ascension_level":0}}