{"host":"p9vmbvw2hh2n16dn","time":1613383689,"event":{"mods":["AchievementEnabler","BaseMod","Block Reminder","Minty Spire (QoL Compilation)","Relic Stats","SuperFastMode"],"gold_per_floor":[115,115,115,115,132,132,307,336,336,347,31,46,46,77,77,203,203,216,240,264,264,279,279,295,295,295,295,295],"floor_reached":27,"language":"ENG","playtime":731,"items_purged":["Doubt"],"score":397,"play_id":"dd7a8a4f-6331-4f67-9500-d5dc2180f051","local_time":"20210215110809","is_ascension_mode":true,"campfire_choices":[{"data":"Zap","floor":6.0,"key":"SMITH"},{"floor":15.0,"key":"DIG"},{"floor":23,"key":"DIG"},{"floor":25,"key":"REST"}],"circlet_count":0,"master_deck":["AscendersBane","Strike_B","Strike_B","Defend_B","Defend_B","Defend_B","Defend_B","Zap+1","Dualcast","Go for the Eyes","Defragment","Streamline","Sweeping Beam","Buffer","Cold Snap","Creative AI"],"relics":["Cracked Core","NeowsBlessing","Boot","Shovel","Happy Flower","Question Card","Golden Idol","Gambling Chip","Singing Bowl","Sozu","Torii","Bottled Tornado"],"acts_visited":["Exordium","TheCity"],"potions_floor_usage":[],"damage_taken":[{"damage":0.0,"enemies":"2 Louse","floor":1.0,"turns":1.0},{"damage":0.0,"enemies":"Jaw Worm","floor":5.0,"turns":1.0},{"damage":0.0,"enemies":"3 Sentries","floor":8.0,"turns":1.0},{"damage":0.0,"enemies":"Small Slimes","floor":10.0,"turns":2.0},{"damage":3.0,"enemies":"Exordium Thugs","floor":12.0,"turns":4.0},{"damage":20.0,"enemies":"Lagavulin","floor":14.0,"turns":5.0},{"damage":48.0,"enemies":"Hexaghost","floor":16.0,"turns":9.0},{"damage":9.0,"enemies":"Chosen","floor":18.0,"turns":5.0},{"damage":7.0,"enemies":"Spheric Guardian","floor":19.0,"turns":5.0},{"damage":8.0,"enemies":"Centurion and Healer","floor":20.0,"turns":7.0},{"damage":18,"enemies":"Cultist and Chosen","floor":22,"turns":8},{"damage":18,"enemies":"Snecko","floor":24,"turns":6},{"damage":31,"enemies":"Gremlin Leader","floor":27,"turns":2}],"seed_played":"-6953728307923387730","potions_obtained":[{"floor":1.0,"key":"ColorlessPotion"},{"floor":5.0,"key":"AttackPotion"},{"floor":12.0,"key":"Fruit Juice"}],"is_trial":false,"path_per_floor":["M","?","?","?","M","R","?","E","T","M","$","M","?","E","R","B",null,"M","M","M","?","M","R","M","R","T","E"],"character_chosen":"DEFECT","items_purchased":["Question Card"],"campfire_rested":1,"item_purchase_floors":[11],"current_hp_per_floor":[68,68,68,68,68,68,68,68,68,68,68,70,70,50,50,2,56,47,42,36,36,20,20,4,28,28,0,0],"gold":295,"neow_bonus":"THREE_ENEMY_KILL","is_daily":false,"chose_seed":false,"campfire_upgraded":1,"win_rate":0.0,"timestamp":1613383689,"path_taken":["M","?","?","?","?","R","?","E","T","M","?","?","?","E","R","BOSS","M","M","M","?","M","R","M","R","T","E"],"items_purchased_type":["Relic"],"build_version":"2020-12-22","purchased_purges":1,"victory":false,"max_hp_per_floor":[75,75,75,75,75,75,75,75,75,75,75,80,74,74,74,74,74,74,76,78,78,80,80,82,82,82,82,82],"relic_stats":{"Sozu":2,"Shovel":2,"Happy Flower":[17],"Singing Bowl":8,"Torii":1,"counters":[13,56],"Golden Idol":50,"Gambling Chip":[16],"Boot":[43],"Question Card":8,"obtain_stats":[{"Sozu":17,"Shovel":8,"NeowsBlessing":0,"Happy Flower":9,"Singing Bowl":15,"Torii":23,"Golden Idol":13,"Gambling Chip":14,"Bottled Tornado":26,"Cracked Core":0,"Boot":2,"Question Card":11},{"Sozu":7,"Shovel":3,"NeowsBlessing":0,"Happy Flower":3,"Singing Bowl":6,"Torii":11,"Golden Idol":5,"Gambling Chip":6,"Bottled Tornado":12,"Cracked Core":0,"Boot":1,"Question Card":4},{"Sozu":23,"Shovel":3,"NeowsBlessing":0,"Happy Flower":3,"Singing Bowl":14,"Torii":48,"Golden Idol":9,"Gambling Chip":14,"Bottled Tornado":54,"Cracked Core":0,"Boot":1,"Question Card":5}]},"card_choices":[{"not_picked":["Consume","Scrape","Coolheaded"],"picked":"SKIP","floor":1.0},{"not_picked":["Hologram","Gash","Chaos"],"picked":"SKIP","floor":5.0},{"not_picked":["Redo","Steam"],"picked":"Go for the Eyes","floor":8.0},{"not_picked":["Stack","Leap"],"picked":"Defragment","floor":10.0},{"not_picked":["Double Energy","Steam","Loop"],"picked":"Streamline","floor":12.0},{"not_picked":["Reprogram","Gash","Heatsinks"],"picked":"Sweeping Beam","floor":14.0},{"not_picked":["Seek","Reboot","Thunder Strike"],"picked":"Buffer","floor":16.0},{"not_picked":["Steam","Barrage","Reinforced Body"],"picked":"Cold Snap","floor":18.0},{"not_picked":["Multi-Cast","Go for the Eyes","Gash","Conserve Battery"],"picked":"Singing Bowl","floor":19.0},{"not_picked":["Cold Snap","Rebound","Streamline+1","Hologram"],"picked":"Singing Bowl","floor":20.0},{"not_picked":["Heatsinks","BootSequence","Hologram","Stack+1"],"picked":"Singing Bowl","floor":22},{"not_picked":["Reprogram","Undo","Lockon","Scrape"],"picked":"Singing Bowl","floor":24}],"player_experience":333008,"relics_obtained":[{"floor":8.0,"key":"Shovel"},{"floor":9.0,"key":"Happy Flower"},{"floor":14.0,"key":"Gambling Chip"},{"floor":15.0,"key":"Singing Bowl"},{"floor":23,"key":"Torii"},{"floor":26,"key":"Bottled Tornado"}],"event_choices":[{"damage_healed":0.0,"max_hp_gain":0.0,"max_hp_loss":0.0,"gold_gain":0.0,"event_name":"Big Fish","player_choice":"Box","floor":2.0,"gold_loss":0.0,"damage_taken":0.0,"relics_obtained":["Boot"],"cards_obtained":["Regret"]},{"cards_removed":["Regret"],"damage_healed":0.0,"max_hp_gain":0.0,"max_hp_loss":0.0,"gold_gain":0.0,"event_name":"Living Wall","player_choice":"Forget","floor":3.0,"gold_loss":0.0,"damage_taken":0.0},{"cards_removed":["Strike_B"],"damage_healed":0.0,"max_hp_gain":0.0,"max_hp_loss":0.0,"gold_gain":0.0,"event_name":"Bonfire Elementals","player_choice":"Offered Basic","floor":4.0,"gold_loss":0.0,"damage_taken":0.0},{"damage_healed":0.0,"max_hp_gain":0.0,"max_hp_loss":0.0,"gold_gain":175.0,"event_name":"Liars Game","player_choice":"AGREE","floor":7.0,"gold_loss":0.0,"damage_taken":0.0,"cards_obtained":["Doubt"]},{"damage_healed":0.0,"max_hp_gain":0.0,"max_hp_loss":6.0,"gold_gain":0.0,"event_name":"Golden Idol","player_choice":"Lose Max HP","floor":13.0,"gold_loss":0.0,"damage_taken":0.0,"relics_obtained":["Golden Idol"]},{"damage_healed":0.0,"max_hp_gain":0.0,"max_hp_loss":0.0,"gold_gain":0.0,"cards_transformed":["Strike_B"],"event_name":"Transmorgrifier","player_choice":"Transformed","floor":21.0,"gold_loss":0.0,"damage_taken":0.0,"cards_obtained":["Creative AI"]}],"is_beta":false,"boss_relics":[{"not_picked":["Runic Pyramid","Nuclear Battery"],"picked":"Sozu"}],"items_purged_floors":[11],"is_endless":false,"potions_floor_spawned":[1,5,12,19,24],"killed_by":"Gremlin Leader","ascension_level":12}}