{"host":"5fozw18ph4jp5uv8","time":1613361089,"event":{"mods":["BaseMod","Duelist Mod","GifTheSpireLib","Hermit","Minty Spire (QoL Compilation)","StSLib"],"gold_per_floor":[136,88,88,88,32,57,57,57,129,163,176,205,216,226,226,323,323,340,265,265,278,38,52,66,77,126,141,141,3,3,20,20,118,118,129,129,129],"floor_reached":36,"language":"ENG","playtime":3366,"items_purged":[],"score":434,"play_id":"4c444664-c925-4d7e-a19d-d4d2aed79a6f","local_time":"20210214195129","is_ascension_mode":false,"campfire_choices":[{"data":"theDuelist:MudGolem","floor":7.0,"key":"SMITH"},{"data":"theDuelist:NaturiaTulip","floor":15.0,"key":"SMITH"},{"data":"theDuelist:HuntingInstinct","floor":28.0,"key":"SMITH"},{"data":"theDuelist:NaturiaEggplant","floor":30.0,"key":"SMITH"},{"floor":32.0,"key":"REST"}],"circlet_count":0,"master_deck":["theDuelist:CastleWalls+1","theDuelist:NaturiaCliff+1","theDuelist:MudGolem+1","theDuelist:Sparks+1","theDuelist:NaturiaTulip+1","theDuelist:NaturiaRock+1","theDuelist:CastleWalls","theDuelist:CastleWalls","theDuelist:DarkSparks","theDuelist:NaturiaBeast","theDuelist:Sparks","theDuelist:NaturiaButterfly","theDuelist:LonefireBlossom","theDuelist:CrystalRose","theDuelist:NaturiaEggplant+1","theDuelist:NaturiaBrambi","theDuelist:MudGolem","theDuelist:NaturiaRock","theDuelist:HuntingInstinct+1","theDuelist:DestroyerGolem+1","theDuelist:SummoningSwarm","theDuelist:WeepingIdol","theDuelist:NaturiaHorneedle","theDuelist:NaturiaRosewhip"],"relics":["theDuelist:MillenniumPuzzle","theDuelist:CardPoolRelic","theDuelist:CardPoolBasicRelic","theDuelist:BoosterPackPoolRelic","theDuelist:CardPoolAddRelic","theDuelist:CardPoolMinusRelic","theDuelist:CardPoolSaveRelic","theDuelist:CardPoolOptionsRelic","NeowsBlessing","theDuelist:SummonAnchor","theDuelist:NamelessPowerRelicB","theDuelist:MerchantPendant","theDuelist:MillenniumArmor","Gremlin Horn","Bronze Scales","Mummified Hand","theDuelist:GamblerChip","theDuelist:YugiMirror","theDuelist:ArmorPlateB","theDuelist:MillenniumKey"],"acts_visited":["Exordium","TheCity","TheBeyond"],"potions_floor_usage":[],"damage_taken":[{"damage":0.0,"enemies":"Jaw Worm","floor":1.0,"turns":1.0},{"damage":0.0,"enemies":"Lagavulin","floor":6.0,"turns":1.0},{"damage":0.0,"enemies":"Gremlin Nob","floor":10.0,"turns":2.0},{"damage":0.0,"enemies":"Small Slimes","floor":11.0,"turns":2.0},{"damage":7.0,"enemies":"Lagavulin","floor":12.0,"turns":7.0},{"damage":0.0,"enemies":"2 Louse","floor":13.0,"turns":1.0},{"damage":0.0,"enemies":"2 Fungi Beasts","floor":14.0,"turns":2.0},{"damage":21.0,"enemies":"The Guardian","floor":16.0,"turns":11.0},{"damage":8.0,"enemies":"2 Thieves","floor":18.0,"turns":4.0},{"damage":0.0,"enemies":"Shell Parasite","floor":21.0,"turns":4.0},{"damage":0.0,"enemies":"3 Cultists","floor":23.0,"turns":4.0},{"damage":3.0,"enemies":"Centurion and Healer","floor":24.0,"turns":6.0},{"damage":5.0,"enemies":"Sentry and Sphere","floor":25.0,"turns":5.0},{"damage":0.0,"enemies":"Cultist and Chosen","floor":27.0,"turns":4.0},{"damage":0.0,"enemies":"Chosen and Byrds","floor":31.0,"turns":3.0},{"damage":46.0,"enemies":"Collector","floor":33.0,"turns":9.0},{"damage":0,"enemies":"3 Darklings","floor":35,"turns":4},{"damage":86,"enemies":"3 Darklings","floor":36,"turns":6}],"seed_played":"-4335956997656455543","potions_obtained":[{"floor":6.0,"key":"theDuelist:BurningPotionB"},{"floor":10.0,"key":"Strength Potion"},{"floor":11.0,"key":"SpeedPotion"},{"floor":12.0,"key":"theDuelist:SealedPackD"},{"floor":24.0,"key":"Fire Potion"}],"is_trial":false,"path_per_floor":["M","$","?","?","$","E","R","?","T","E","M","E","M","M","R","B",null,"M","?","?","M","$","M","M","M","T","M","R","$","R","M","R","B",null,"M","?"],"character_chosen":"THE_DUELIST","items_purchased":["theDuelist:LonefireBlossom","theDuelist:MerchantPendant","theDuelist:NaturiaButterfly","theDuelist:YugiMirror","theDuelist:Mudora","theDuelist:SummoningSwarm"],"campfire_rested":1,"item_purchase_floors":[2,5,5,22,29,29],"current_hp_per_floor":[80,80,74,74,74,74,74,79,79,79,79,72,72,72,72,51,81,73,73,73,73,73,73,70,65,65,65,65,65,65,65,81,35,81,81,0,0],"gold":129,"neow_bonus":"THREE_ENEMY_KILL","is_daily":false,"chose_seed":false,"campfire_upgraded":4,"win_rate":0.0,"timestamp":1613361089,"path_taken":["M","$","?","?","?","E","R","?","T","E","M","E","?","M","R","BOSS","M","?","?","M","$","M","M","?","T","M","R","$","R","M","R","BOSS","M","?"],"items_purchased_type":["Card","Relic","Card","Relic","Card","Card"],"build_version":"2020-12-22","purchased_purges":0,"victory":false,"max_hp_per_floor":[80,80,80,76,76,76,76,81,81,81,81,81,81,81,81,81,81,81,81,81,81,81,81,81,81,81,81,81,81,81,81,81,81,81,81,81,81],"card_choices":[{"not_picked":["theDuelist:NaturiaHydrangea","theDuelist:NaturiaEggplant","theDuelist:NaturiaRagweed","theDuelist:NaturiaMantis"],"picked":"theDuelist:NaturiaButterfly","floor":1.0},{"not_picked":["theDuelist:Fissure","theDuelist:Wiseman","theDuelist:GemArmadillo","theDuelist:BigFire"],"picked":"theDuelist:MudGolem","floor":6.0},{"not_picked":["theDuelist:NaturiaHydrangea","theDuelist:NaturiaDragonfly","theDuelist:NaturiaStinkbug","theDuelist:NaturiaAntjaw"],"picked":"theDuelist:CrystalRose","floor":10.0},{"not_picked":["theDuelist:Spore","theDuelist:NaturiaAntjaw","theDuelist:NaturiaDragonfly","theDuelist:CrystalRose"],"picked":"theDuelist:NaturiaEggplant","floor":11.0},{"not_picked":["theDuelist:NaturiaPumpkin","theDuelist:NaturiaGuardian","theDuelist:NaturiaButterfly","theDuelist:Spore"],"picked":"theDuelist:NaturiaBrambi","floor":12.0},{"not_picked":["theDuelist:BigFire","theDuelist:HammerShot","theDuelist:MudragonSwamp","theDuelist:WingedKuriboh"],"picked":"theDuelist:MudGolem","floor":13.0},{"not_picked":["theDuelist:NaturiaCliff","theDuelist:NaturiaHydrangea","theDuelist:FossilDig","theDuelist:NaturiaRagweed"],"picked":"theDuelist:NaturiaRock","floor":14.0},{"not_picked":["theDuelist:NaturiaForest","theDuelist:SeismicShockwave","theDuelist:NaturiaVein","theDuelist:ClosedForest"],"picked":"theDuelist:HuntingInstinct","floor":16.0},{"not_picked":["theDuelist:NaturiaCliff","theDuelist:ExterioFang+1","theDuelist:AcidTrapHole","theDuelist:LuminousMoss"],"picked":"theDuelist:NaturiaParadizo","floor":18.0},{"not_picked":["theDuelist:NaturiaHydrangea","theDuelist:NaturiaDragonfly","theDuelist:NaturiaCliff","theDuelist:NaturiaGuardian"],"picked":"theDuelist:NaturiaEggplant","floor":21.0},{"not_picked":["theDuelist:Wildfire","theDuelist:Canyon+1"],"picked":"theDuelist:MultiplicationOfAnts","floor":23.0},{"not_picked":["theDuelist:VenomShot+1","theDuelist:LuminousMoss+1","theDuelist:FuryFire+1","theDuelist:Cloning"],"picked":"theDuelist:Wiretap","floor":24.0},{"not_picked":["theDuelist:NaturiaCliff","theDuelist:NaturiaRosewhip+1","theDuelist:NaturiaDragonfly+1","theDuelist:FossilDig"],"picked":"theDuelist:SummoningSwarm+1","floor":25.0},{"not_picked":["theDuelist:Fissure","theDuelist:Mudora","theDuelist:AttackTheMoon+1","theDuelist:MillenniumGolem"],"picked":"theDuelist:DestroyerGolem+1","floor":27.0},{"not_picked":["theDuelist:Sangan","theDuelist:DarkCreator","theDuelist:GemArmadillo","theDuelist:Wiseman+1"],"picked":"theDuelist:WeepingIdol","floor":31.0},{"not_picked":["theDuelist:Wildfire+1","theDuelist:Canyon","theDuelist:ClosedForest","theDuelist:NaturiaForest"],"picked":"theDuelist:NaturiaHorneedle","floor":33.0},{"not_picked":["theDuelist:NaturiaDragonfly+1","theDuelist:NaturiaMantis+1","theDuelist:NaturiaHydrangea+1","theDuelist:NaturiaStrawberry"],"picked":"theDuelist:NaturiaRosewhip","floor":35}],"player_experience":44741,"relics_obtained":[{"floor":6.0,"key":"theDuelist:MillenniumArmor"},{"floor":9.0,"key":"Gremlin Horn"},{"floor":10.0,"key":"Bronze Scales"},{"floor":12.0,"key":"Mummified Hand"},{"floor":26.0,"key":"theDuelist:ArmorPlateB"}],"event_choices":[{"damage_healed":0.0,"max_hp_gain":0.0,"max_hp_loss":0.0,"gold_gain":0.0,"event_name":"Aknamkanon\u0027s Tomb","player_choice":"Dig - random Duelist relic","duelist":true,"floor":3.0,"gold_loss":0.0,"damage_taken":0.0},{"power_reward":3.0,"total_magic_score":26.0,"gold_gain":0.0,"duelist":true,"damage_taken":0.0,"relics_obtained":["theDuelist:NamelessPowerRelicB"],"points":3.0,"max_hp_gain":0.0,"max_hp_loss":4.0,"spent_points":{"magic":0.0,"greed":0.0,"war":0.0,"power":3.0,"hunger":0.0},"event_name":"Nameless Tomb","floor":4.0,"gold_loss":0.0,"cards_obtained":[]},{"damage_healed":0.0,"max_hp_gain":5.0,"max_hp_loss":0.0,"gold_gain":0.0,"event_name":"Big Fish","player_choice":"Donut","floor":8.0,"gold_loss":0.0,"damage_taken":0.0},{"cards_removed":["theDuelist:NaturiaButterfly"],"damage_healed":0.0,"max_hp_gain":0.0,"max_hp_loss":0.0,"gold_gain":0.0,"event_name":"Beggar","player_choice":"Gave Gold","floor":19.0,"gold_loss":75.0,"damage_taken":0.0},{"damage_healed":0.0,"max_hp_gain":0.0,"max_hp_loss":0.0,"gold_gain":0.0,"event_name":"Relic Duplicator","player_choice":"Leave","duelist":true,"floor":20.0,"gold_loss":0.0,"damage_taken":0.0},{"damage_healed":0,"gold_gain":0,"player_choice":"Fight","duelist":true,"damage_taken":0,"max_hp_gain":0,"max_hp_loss":0,"event_name":"Battle City","floor":36,"gold_loss":0}],"is_beta":false,"boss_relics":[{"not_picked":["Inserter","Philosopher\u0027s Stone"],"picked":"theDuelist:GamblerChip"},{"not_picked":["Runic Pyramid","Mark of Pain"],"picked":"theDuelist:MillenniumKey"}],"items_purged_floors":[],"is_endless":false,"potions_floor_spawned":[6,10,11,12,21,24,25,27,31,35],"killed_by":"3 Darklings","ascension_level":0}}