{"host":"8ztb9kwpjc2zof9s","time":1613368039,"event":{"mods":["BaseMod","Block Reminder","Curses Come First","Minty Spire (QoL Compilation)","Relic Stats","StSLib"],"gold_per_floor":[119,119,138,151,76,76,119,119,119,102,118,18,38,213,213,343,343,368,28,28,42,60,60,159,178,178,178,193,213,213,213,213,213,213],"floor_reached":33,"language":"ENG","playtime":1228,"items_purged":["Strike_G","Strike_G"],"score":398,"play_id":"31381d91-7671-425c-b30e-fd939373a257","local_time":"20210214214719","is_ascension_mode":true,"campfire_choices":[{"data":"Neutralize","floor":6,"key":"SMITH"},{"floor":8,"key":"REST"},{"floor":15,"key":"REST"},{"data":"Footwork","floor":23,"key":"SMITH"},{"floor":32,"key":"REST"}],"circlet_count":0,"master_deck":["AscendersBane","Strike_G","Strike_G","Defend_G","Defend_G","Defend_G","Defend_G","Defend_G","Survivor","Neutralize+1","Blade Dance","Dagger Spray","Blade Dance","Footwork+1","Corpse Explosion","Deadly Poison","Backflip","Doubt","Die Die Die","Noxious Fumes+1","Backflip","Well Laid Plans+1","Cloak And Dagger+1","Bandage Up"],"relics":["Ring of the Snake","Bloody Idol","Incense Burner","Bottled Tornado","SacredBark","Matryoshka","Vajra","White Beast Statue"],"acts_visited":["Exordium","TheCity"],"potions_floor_usage":[11,16,18,22,25,29,33],"damage_taken":[{"damage":2,"enemies":"Jaw Worm","floor":1,"turns":8},{"damage":4,"enemies":"Small Slimes","floor":3,"turns":3},{"damage":0,"enemies":"2 Louse","floor":4,"turns":3},{"damage":24,"enemies":"Lagavulin","floor":7,"turns":8},{"damage":22,"enemies":"Exordium Thugs","floor":10,"turns":4},{"damage":0,"enemies":"Exordium Wildlife","floor":11,"turns":3},{"damage":0,"enemies":"2 Fungi Beasts","floor":13,"turns":2},{"damage":20,"enemies":"The Guardian","floor":16,"turns":12},{"damage":9,"enemies":"Chosen","floor":18,"turns":6},{"damage":6,"enemies":"3 Byrds","floor":21,"turns":4},{"damage":15,"enemies":"Snake Plant","floor":22,"turns":6},{"damage":26,"enemies":"3 Cultists","floor":25,"turns":6},{"damage":2,"enemies":"Cultist and Chosen","floor":28,"turns":6},{"damage":16,"enemies":"Snake Plant","floor":29,"turns":5},{"damage":67,"enemies":"Collector","floor":33,"turns":5}],"seed_played":"3136814622830898780","potions_obtained":[{"floor":10,"key":"DistilledChaos"},{"floor":11,"key":"Poison Potion"},{"floor":13,"key":"Ancient Potion"},{"floor":16,"key":"DuplicationPotion"},{"floor":22,"key":"Weak Potion"},{"floor":28,"key":"Poison Potion"},{"floor":29,"key":"AttackPotion"}],"is_trial":false,"path_per_floor":["M","?","M","M","$","R","E","R","T","M","M","$","M","?","R","B",null,"M","$","?","M","M","R","?","M","T","?","M","M","?","?","R","B"],"character_chosen":"THE_SILENT","items_purchased":["Noxious Fumes","Matryoshka","Backflip"],"campfire_rested":3,"item_purchase_floors":[19,19,19],"current_hp_per_floor":[61,61,57,57,57,57,33,52,52,30,30,30,30,30,49,29,56,47,47,47,46,36,36,41,20,20,20,23,12,12,12,31,0,0],"gold":213,"neow_bonus":"REMOVE_CARD","is_daily":false,"chose_seed":false,"campfire_upgraded":2,"win_rate":0.0,"timestamp":1613368039,"path_taken":["M","?","M","M","$","R","E","R","T","M","M","$","M","?","R","BOSS","M","$","?","M","M","R","?","M","T","?","M","?","?","?","R","BOSS"],"items_purchased_type":["Card","Relic","Card"],"build_version":"2020-12-22","purchased_purges":2,"victory":false,"max_hp_per_floor":[70,65,65,65,65,65,65,65,65,65,65,65,65,65,65,65,65,65,65,65,65,65,65,65,65,65,65,65,65,65,65,65,65,65],"relic_stats":{"counters":[15,81],"Bloody Idol":30,"obtain_stats":[{"Matryoshka":19,"Golden Idol":2,"SacredBark":17,"Bloody Idol":20,"Vajra":26,"Incense Burner":7,"Bottled Tornado":9,"White Beast Statue":26,"Ring of the Snake":0},{"Matryoshka":9,"Golden Idol":1,"SacredBark":8,"Bloody Idol":9,"Vajra":12,"Incense Burner":4,"Bottled Tornado":4,"White Beast Statue":12,"Ring of the Snake":0},{"Matryoshka":49,"Golden Idol":8,"SacredBark":43,"Bloody Idol":49,"Vajra":65,"Incense Burner":22,"Bottled Tornado":22,"White Beast Statue":65,"Ring of the Snake":0}],"Ring of the Snake":[30]},"card_choices":[{"not_picked":["Sucker Punch","Concentrate"],"picked":"Blade Dance","floor":1},{"not_picked":["Slice","Dagger Throw"],"picked":"Dagger Spray","floor":3},{"not_picked":["Eviscerate","Crippling Poison"],"picked":"Blade Dance","floor":4},{"not_picked":["Calculated Gamble","Tactician"],"picked":"Footwork","floor":7},{"not_picked":["Heel Hook","All Out Attack"],"picked":"Corpse Explosion","floor":10},{"not_picked":["Poisoned Stab","Sucker Punch"],"picked":"Deadly Poison","floor":11},{"not_picked":["Slice","Endless Agony"],"picked":"Backflip","floor":13},{"not_picked":["Unload","Phantasmal Killer"],"picked":"Die Die Die","floor":16},{"not_picked":["Choke","Terror","Slice"],"picked":"SKIP","floor":18},{"not_picked":["Deflect+1","Sucker Punch+1"],"picked":"Well Laid Plans+1","floor":21},{"not_picked":["Expertise","Backflip","Reflex"],"picked":"SKIP","floor":22},{"not_picked":["Dagger Throw+1","Poisoned Stab"],"picked":"Cloak And Dagger+1","floor":25},{"not_picked":["Endless Agony","Underhanded Strike+1","Bane"],"picked":"SKIP","floor":28},{"not_picked":["Calculated Gamble","Finisher","Endless Agony"],"picked":"SKIP","floor":29}],"player_experience":343495,"relics_obtained":[{"floor":7,"key":"Incense Burner"},{"floor":9,"key":"Bottled Tornado"},{"floor":26,"key":"Vajra"},{"floor":26,"key":"White Beast Statue"}],"event_choices":[{"damage_healed":0,"gold_gain":0,"player_choice":"Lose Max HP","damage_taken":0,"relics_obtained":["Golden Idol"],"max_hp_gain":0,"max_hp_loss":5,"event_name":"Golden Idol","floor":2,"gold_loss":0},{"damage_healed":0,"gold_gain":175,"player_choice":"AGREE","damage_taken":0,"max_hp_gain":0,"max_hp_loss":0,"event_name":"Liars Game","floor":14,"gold_loss":0,"cards_obtained":["Doubt"]},{"damage_healed":0,"gold_gain":0,"player_choice":"Gave Idol","damage_taken":0,"relics_obtained":["Bloody Idol"],"max_hp_gain":0,"max_hp_loss":0,"event_name":"Forgotten Altar","floor":20,"relics_lost":["Golden Idol"],"gold_loss":0},{"damage_healed":0,"gold_gain":99,"player_choice":"Stole From Cult","damage_taken":0,"max_hp_gain":0,"max_hp_loss":0,"event_name":"Nest","floor":24,"gold_loss":0},{"damage_healed":0,"gold_gain":0,"player_choice":"Upgraded","damage_taken":0,"max_hp_gain":0,"max_hp_loss":0,"event_name":"Upgrade Shrine","floor":27,"gold_loss":0,"cards_upgraded":["Noxious Fumes"]},{"damage_healed":0,"gold_gain":0,"player_choice":"Ignored","damage_taken":0,"max_hp_gain":0,"max_hp_loss":0,"event_name":"Ghosts","floor":30,"gold_loss":0},{"damage_healed":0,"gold_gain":0,"player_choice":"1 cards matched","damage_taken":0,"max_hp_gain":0,"max_hp_loss":0,"event_name":"Match and Keep!","floor":31,"gold_loss":0,"cards_obtained":["Bandage Up"]}],"is_beta":false,"boss_relics":[{"not_picked":["Sozu","Coffee Dripper"],"picked":"SacredBark"}],"items_purged_floors":[5,12],"is_endless":false,"potions_floor_spawned":[10,11,13,16,22,28,29],"killed_by":"Collector","ascension_level":12}}