{"host":"ipcfr4ajj2jkxvg7","time":1613412264,"event":{"mods":["BaseMod","Colored Powertips","GifTheSpireLib","Marisa（F雨　魔理沙）","Minty Spire (QoL Compilation)","Quick Restart","Remilia（蕾米莉亚）","Replay The Spire","RumiaBox-露米娅的神秘盒子","StSLib"],"gold_per_floor":[110,155,173,173,173,199,216,245,271,271,271,271,52,2,2,73,73,87,87,107,118,39,70,70,96,96,96,125,157,107,32,32,106,106,126,348,374,386,253,286,40,40,67,67,100,155,189,189,189,189,189],"floor_reached":52,"language":"ZHS","playtime":1293,"items_purged":["Defend_RM","Strike_RM","Strike_RM","Injury"],"score":2417,"play_id":"9291491e-8217-451d-b285-a09d383331d1","local_time":"20210216020424","is_ascension_mode":true,"campfire_choices":[{"data":"NightLord","floor":12.0,"key":"SMITH"},{"data":"BloodHunter","floor":15.0,"key":"SMITH"},{"data":"QueenOfMidnight","floor":27.0,"key":"SMITH"},{"floor":32.0,"key":"REST"},{"data":"TwelveNightmare","floor":44,"key":"SMITH"},{"data":"TricksterDevil","floor":49,"key":"SMITH"}],"circlet_count":0,"master_deck":["AscendersBane","Strike_RM+1","Strike_RM+1","Defend_RM","Defend_RM","RedMoon+1","ScarletShoot","BloodHunter+1","NightLord+1","HunterOfTheNight+1","BombardNight","QueenOfMidnight+1","LeisurelyOfLord","BloodHunter","BloodHunter+1","TricksterDevil+1","ScarletDevilSign","BombardNight","ScarletCoffin","BloodAndWine","VampireSweep","VampireClaw+1","TwelveNightmare+1","Replay:Sluggish","BloodAndWine","NightLord"],"relics":["ScarletHat","NeowsBlessing","Nunchaku","Ring of Searing","Whetstone","Smiling Mask","Dream Catcher","ZombieArmy","Cursed Key","Juzu Bracelet","FairyMaid","Tiny Chest","Darkstone Periapt","Red Mask","SSSystem","Black Star","Strawberry","Pen Nib","Bag of Preparation","PreservedInsect","Ancient Tea Set","Orichalcum","Snack Pack","CatCart","Mirror","Oddly Smooth Stone"],"acts_visited":["Exordium","TheCity","TheBeyond"],"potions_floor_usage":[51],"damage_taken":[{"damage":0.0,"enemies":"Cultist","floor":1.0,"turns":1.0},{"damage":0.0,"enemies":"2 Louse","floor":3.0,"turns":1.0},{"damage":0.0,"enemies":"Lagavulin","floor":6.0,"turns":1.0},{"damage":0.0,"enemies":"Small Slimes","floor":7.0,"turns":7.0},{"damage":0.0,"enemies":"3 Sentries","floor":8.0,"turns":2.0},{"damage":20.0,"enemies":"Fading Forest","floor":16.0,"turns":13.0},{"damage":17.0,"enemies":"Spheric Guardian","floor":18.0,"turns":3.0},{"damage":10.0,"enemies":"Chosen","floor":20.0,"turns":3.0},{"damage":27.0,"enemies":"Centurion and Healer","floor":21.0,"turns":4.0},{"damage":0.0,"enemies":"Gremlin Leader","floor":23.0,"turns":3.0},{"damage":18.0,"enemies":"Book of Stabbing","floor":25.0,"turns":3.0},{"damage":7.0,"enemies":"Masked Bandits","floor":28.0,"turns":3.0},{"damage":31.0,"enemies":"Gremlin Leader","floor":29.0,"turns":3.0},{"damage":16.0,"enemies":"Automaton","floor":33.0,"turns":4.0},{"damage":9.0,"enemies":"Orb Walker","floor":35.0,"turns":2.0},{"damage":5.0,"enemies":"3 Darklings","floor":38.0,"turns":2.0},{"damage":15,"enemies":"Giant Head","floor":40,"turns":4},{"damage":16,"enemies":"R_Hoarder","floor":45,"turns":3},{"damage":20,"enemies":"Orin","floor":46,"turns":5},{"damage":15,"enemies":"Giant Head","floor":47,"turns":4},{"damage":51,"enemies":"Donu and Deca","floor":50,"turns":4},{"damage":34,"enemies":"Time Eater","floor":51,"turns":3}],"seed_played":"5196012682176969579","potions_obtained":[{"floor":1.0,"key":"ColorlessPotion"},{"floor":2.0,"key":"EntropicBrew"},{"floor":3.0,"key":"Fire Potion"},{"floor":25.0,"key":"AttackPotion"},{"floor":33.0,"key":"ColorlessPotion"},{"floor":35.0,"key":"CultistPotion"},{"floor":42,"key":"FairyPotion"}],"is_trial":false,"path_per_floor":["M","?","M","?","?","E","M","E","T","?","?","R","$","$","R","B",null,"M","?","M","M","$","E","?","E","T","R","?","E","$","?","R","B",null,"M","?","T","M","$","E","$","?","T","R","E","?","E","?","R","B","B",null],"character_chosen":"REMILIA","items_purchased":["ZombieArmy","LeisurelyOfLord","VampireSweep","PreservedInsect","TwelveNightmare"],"campfire_rested":1,"item_purchase_floors":[13,22,39,41,41],"current_hp_per_floor":[63,40,40,40,33,33,35,35,35,35,35,35,35,35,35,58,67,60,56,61,46,46,52,52,44,44,44,41,12,12,12,33,31,60,56,56,69,69,69,83,83,83,89,89,89,89,89,85,85,60,60],"gold":189,"neow_bonus":"THREE_ENEMY_KILL","is_daily":false,"chose_seed":false,"campfire_upgraded":5,"win_rate":0.0,"timestamp":1613412264,"path_taken":["M","?","M","?","?","E","M","E","T","?","?","R","?","$","R","BOSS","M","?","?","M","?","E","?","E","T","R","?","E","$","?","R","BOSS","M","?","?","M","$","E","$","?","T","R","E","?","E","?","R","BOSS","BOSS"],"items_purchased_type":["Relic","Card","Card","Relic","Card"],"build_version":"2020-12-22","purchased_purges":4,"victory":true,"max_hp_per_floor":[70,70,70,70,70,70,70,70,70,70,70,70,70,70,70,70,70,70,70,70,70,70,70,70,70,70,70,70,70,70,70,70,70,70,70,70,83,83,83,83,83,83,89,89,89,89,89,85,85,85,85],"card_choices":[{"not_picked":["DevilSight","CharismaGuard"],"picked":"BloodHunter","floor":1.0},{"not_picked":["UnstableMagic","MiserableFate"],"picked":"NightLord","floor":3.0},{"not_picked":["NightDance","LeisurelyOfLord"],"picked":"HunterOfTheNight","floor":6.0},{"not_picked":["ScarletDevil","RedNightlessCastle","Stigmanizer"],"picked":"SKIP","floor":7.0},{"not_picked":["CharismaGuard","BlasphemousPunishment"],"picked":"BombardNight","floor":8.0},{"not_picked":["CeilingFear","EquivalentExchange"],"picked":"QueenOfMidnight","floor":16.0},{"not_picked":["ScarletImprint+1","BadLadyScramble+1","RedMagic"],"picked":"SKIP","floor":18.0},{"not_picked":["UnderTheZenith","ScarletDream","UnstableMagic"],"picked":"SKIP","floor":20.0},{"not_picked":["ScarletDream","FavorOfDestiny","RedRainbow"],"picked":"SKIP","floor":21.0},{"not_picked":["BombardNight","UnstableMagic"],"picked":"BloodHunter","floor":23.0},{"not_picked":["EndlessAdversity","RedMagic"],"picked":"BloodHunter+1","floor":25.0},{"not_picked":["BloodAndWine+1","Stigmanizer"],"picked":"TricksterDevil","floor":28.0},{"not_picked":["StarOfDavid","AfternoonTea"],"picked":"ScarletDevilSign","floor":29.0},{"not_picked":["UnstableMagic","Stigmanizer"],"picked":"BombardNight","floor":32.0},{"not_picked":["HellCatastrophe","ForecastOfChange"],"picked":"ScarletCoffin","floor":33.0},{"not_picked":["UnderTheZenith+1","BlasphemousPunishment","ScarletImprint"],"picked":"SKIP","floor":35.0},{"not_picked":["AfternoonTea+1","CharismaGuard"],"picked":"BloodAndWine","floor":38.0},{"not_picked":["UnderTheZenith","RedMagic"],"picked":"VampireClaw","floor":40},{"not_picked":["EmergencyRegeneration","FavorOfDestiny+1"],"picked":"BloodAndWine","floor":45},{"not_picked":["RedRainbow","Stigmanizer+1"],"picked":"NightLord","floor":46},{"not_picked":["RedRainbow","ScarletSymphony","BatForm"],"picked":"SKIP","floor":47}],"player_experience":469425,"relics_obtained":[{"floor":2.0,"key":"Nunchaku"},{"floor":4.0,"key":"Ring of Searing"},{"floor":6.0,"key":"Whetstone"},{"floor":8.0,"key":"Smiling Mask"},{"floor":9.0,"key":"Dream Catcher"},{"floor":23.0,"key":"Juzu Bracelet"},{"floor":25.0,"key":"Tiny Chest"},{"floor":26.0,"key":"Darkstone Periapt"},{"floor":28.0,"key":"Red Mask"},{"floor":29.0,"key":"SSSystem"},{"floor":37.0,"key":"Strawberry"},{"floor":40,"key":"Pen Nib"},{"floor":40,"key":"Bag of Preparation"},{"floor":43,"key":"Ancient Tea Set"},{"floor":45,"key":"Orichalcum"},{"floor":45,"key":"Snack Pack"},{"floor":46,"key":"CatCart"},{"floor":47,"key":"Mirror"},{"floor":47,"key":"Oddly Smooth Stone"}],"event_choices":[{"cards_removed":["Defend_RM"],"damage_healed":0.0,"max_hp_gain":0.0,"max_hp_loss":0.0,"gold_gain":0.0,"event_name":"Golden Wing","player_choice":"Card Removal","floor":5.0,"gold_loss":0.0,"damage_taken":7.0},{"damage_healed":0.0,"max_hp_gain":0.0,"max_hp_loss":0.0,"gold_gain":0.0,"event_name":"Living Wall","player_choice":"Grow","floor":10.0,"gold_loss":0.0,"damage_taken":0.0,"cards_upgraded":["HunterOfTheNight"]},{"damage_healed":0.0,"max_hp_gain":0.0,"max_hp_loss":0.0,"gold_gain":0.0,"event_name":"Scrap Ooze","player_choice":"Fled","floor":11.0,"gold_loss":0.0,"damage_taken":0.0},{"damage_healed":0.0,"max_hp_gain":0.0,"max_hp_loss":0.0,"gold_gain":0.0,"event_name":"The Woman in Blue","player_choice":"Bought 0 Potions","floor":19.0,"gold_loss":0.0,"damage_taken":0.0},{"damage_healed":0.0,"max_hp_gain":0.0,"max_hp_loss":0.0,"gold_gain":0.0,"event_name":"WeMeetAgain","player_choice":"Gave Potion","floor":24.0,"gold_loss":0.0,"damage_taken":0.0,"relics_obtained":["FairyMaid"]},{"damage_healed":0.0,"max_hp_gain":0.0,"max_hp_loss":0.0,"gold_gain":0.0,"event_name":"Masked Bandits","player_choice":"Fought Bandits","floor":28.0,"gold_loss":0.0,"damage_taken":0.0},{"cards_removed":["Languid"],"damage_healed":0.0,"max_hp_gain":0.0,"max_hp_loss":0.0,"gold_gain":0.0,"event_name":"Beggar","player_choice":"Gave Gold","floor":31.0,"gold_loss":75.0,"damage_taken":0.0},{"damage_healed":0.0,"max_hp_gain":0.0,"max_hp_loss":0.0,"gold_gain":222.0,"event_name":"Tomb of Lord Red Mask","player_choice":"Wore Mask","floor":36.0,"gold_loss":0.0,"damage_taken":0.0},{"damage_healed":0,"gold_gain":0,"player_choice":"Got Potions","damage_taken":0,"max_hp_gain":0,"max_hp_loss":0,"event_name":"Lab","floor":42,"gold_loss":0},{"damage_healed":0,"gold_gain":0,"player_choice":"Fight","damage_taken":0,"max_hp_gain":0,"max_hp_loss":0,"event_name":"OrinTheCat","floor":46,"gold_loss":0},{"damage_healed":0,"gold_gain":0,"player_choice":"Max HP","damage_taken":0,"max_hp_gain":0,"max_hp_loss":4,"event_name":"Winding Halls","floor":48,"gold_loss":0}],"is_beta":false,"boss_relics":[{"not_picked":["AddBug","Astrolabe"],"picked":"Cursed Key"},{"not_picked":["EasyGame_NEW","Runic Dome"],"picked":"Black Star"}],"items_purged_floors":[13,14,30,39],"is_endless":false,"potions_floor_spawned":[1,3,7,20,25,28,33,35,45,46],"ascension_level":20}}