{"host":"8am31i0j9qpslrrv","time":1613351959,"event":{"mods":["BaseMod","Curses Come First","Minty Spire (QoL Compilation)","Quick Restart","Replay The Spire","StSLib"],"gold_per_floor":[118,118,6,56,76,103,103,136,136,186,186,73,93,116,116,214,214,235,210,224,7,107,107,107,107],"floor_reached":24,"language":"ENG","playtime":778,"items_purged":["Strike_B","Defend_B"],"score":384,"play_id":"4ecf49a6-901f-434d-b20e-83b8c2720a39","local_time":"20210214201919","is_ascension_mode":true,"campfire_choices":[{"floor":7.0,"key":"DIG"},{"floor":11.0,"key":"REST"},{"data":"Defragment","floor":15.0,"key":"SMITH"},{"floor":23,"key":"REST"}],"circlet_count":0,"master_deck":["AscendersBane","Strike_B","Strike_B","Defend_B","Defend_B","Defend_B","Zap+1","Dualcast","Ball Lightning","Darkness","Consume","Defragment+1","Meteor Strike","Defragment+1"],"relics":["Cracked Core","SsserpentHead","Membership Card","Lizard Tail","Replay:Multitool","Replay:Antivirus Software","Bottled Lightning","Golden Idol","Gremlin Food","Replay:Bronze Core","Runic Capacitor"],"acts_visited":["Exordium","TheCity"],"potions_floor_usage":[21],"damage_taken":[{"damage":9.0,"enemies":"Jaw Worm","floor":1.0,"turns":5.0},{"damage":6.0,"enemies":"Cultist","floor":5.0,"turns":3.0},{"damage":27.0,"enemies":"Gremlin Nob","floor":6.0,"turns":4.0},{"damage":25.0,"enemies":"Lagavulin","floor":8.0,"turns":7.0},{"damage":18.0,"enemies":"Small Slimes","floor":13.0,"turns":4.0},{"damage":7.0,"enemies":"Looter","floor":14.0,"turns":3.0},{"damage":20.0,"enemies":"Slime Boss","floor":16.0,"turns":7.0},{"damage":25,"enemies":"Chosen","floor":18,"turns":6},{"damage":24,"enemies":"Spheric Guardian","floor":20,"turns":5},{"damage":35,"enemies":"3 Cultists","floor":24,"turns":3}],"seed_played":"-5685330154789068974","potions_obtained":[{"floor":1.0,"key":"Block Potion"},{"floor":6.0,"key":"Energy Potion"},{"floor":14.0,"key":"Weak Potion"}],"is_trial":false,"path_per_floor":["M","?","$","T","M","E","R","E","T","?","R","$","M","M","R","B",null,"M","?","M","$","?","R","M"],"character_chosen":"DEFECT","items_purchased":["Membership Card","Gremlin Food","Defragment","Runic Capacitor","Defragment+1","Fruit Juice"],"campfire_rested":2,"item_purchase_floors":[3,12,12,21,21,21],"current_hp_per_floor":[62,62,62,62,56,29,29,4,4,4,25,25,7,35,35,15,57,32,32,8,13,13,35,0,0],"gold":107,"neow_bonus":"TEN_PERCENT_HP_BONUS","is_daily":false,"chose_seed":false,"campfire_upgraded":1,"win_rate":0.0,"timestamp":1613351959,"path_taken":["M","?","?","?","M","E","R","E","T","?","R","?","M","M","R","BOSS","M","?","M","$","?","R","M"],"items_purchased_type":["Relic","Relic","Card","Relic","Card","Potion"],"build_version":"2020-12-22","purchased_purges":2,"victory":false,"max_hp_per_floor":[78,78,78,78,78,78,78,78,78,71,71,71,71,71,71,71,71,71,71,71,76,76,76,76,76],"card_choices":[{"not_picked":["Storm","Streamline","ReplaySolidLightProjector"],"picked":"SKIP","floor":1.0},{"not_picked":["Turbo","Reinforced Body"],"picked":"Ball Lightning","floor":5.0},{"not_picked":["Genetic Algorithm","Redo"],"picked":"Darkness","floor":6.0},{"not_picked":["Stack","Leap"],"picked":"Consume","floor":8.0},{"not_picked":["Go for the Eyes","Force Field","Gash"],"picked":"SKIP","floor":13.0},{"not_picked":["Panic Button","Cold Snap","Ball Lightning"],"picked":"SKIP","floor":14.0},{"not_picked":["Hyperbeam","All For One"],"picked":"Meteor Strike","floor":16.0},{"not_picked":["Aggregate+1","Leap","Capacitor"],"picked":"SKIP","floor":18},{"not_picked":["Storm","FIFO Queue","Compile Driver"],"picked":"SKIP","floor":20}],"player_experience":792380,"relics_obtained":[{"floor":4.0,"key":"Lizard Tail"},{"floor":6.0,"key":"Replay:Multitool"},{"floor":7.0,"key":"Replay:Antivirus Software"},{"floor":8.0,"key":"Bottled Lightning"}],"event_choices":[{"damage_healed":0.0,"max_hp_gain":0.0,"max_hp_loss":0.0,"gold_gain":0.0,"event_name":"FaceTrader","player_choice":"Trade","floor":2.0,"gold_loss":0.0,"damage_taken":0.0,"relics_obtained":["SsserpentHead"]},{"damage_healed":0.0,"max_hp_gain":0.0,"max_hp_loss":7.0,"gold_gain":0.0,"event_name":"Golden Idol","player_choice":"Lose Max HP","floor":10.0,"gold_loss":0.0,"damage_taken":0.0,"relics_obtained":["Golden Idol"]},{"cards_removed":["Strike_B"],"damage_healed":0,"gold_gain":0,"player_choice":"Gave Gold","damage_taken":0,"max_hp_gain":0,"max_hp_loss":0,"event_name":"Beggar","floor":19,"gold_loss":75},{"damage_healed":0,"gold_gain":50,"player_choice":"Pray","damage_taken":0,"max_hp_gain":0,"max_hp_loss":0,"event_name":"Golden Shrine","floor":22,"gold_loss":0}],"is_beta":false,"boss_relics":[{"not_picked":["Honey Jar","FrozenCore"],"picked":"Replay:Bronze Core"}],"items_purged_floors":[12,21],"is_endless":false,"potions_floor_spawned":[1,6,14],"killed_by":"3 Cultists","ascension_level":18}}