{"host":"ELF","time":1613387691,"event":{"mods":["BaseMod","Bestiary","Minty Spire (QoL Compilation)","Relic Stats","Slay the Relics Exporter"],"gold_per_floor":[114,114,129,16,16,48,63,95,169,204,204,233,248,248,248,344,344,364,5,17,17,17,17,17,43,43,70,81,2,14,14,14],"floor_reached":31,"language":"ENG","playtime":1576,"items_purged":["Strike_P"],"score":587,"play_id":"f4fa1c59-29c4-4b01-a2d5-918d1c7471e5","local_time":"20210215051451","is_ascension_mode":true,"campfire_choices":[{"data":"BattleHymn","floor":11,"key":"SMITH"},{"data":"Vigilance","floor":15,"key":"SMITH"},{"data":"Bite","floor":23,"key":"SMITH"}],"circlet_count":0,"master_deck":["AscendersBane","Defend_P+1","Defend_P","Defend_P","Eruption","Vigilance+1","JustLucky","Weave","WheelKick","BowlingBash","CutThroughFate","EmptyFist","BattleHymn+1","Meditate+1","JustLucky","DevaForm","Protect+1","Weave","Halt","Bite","Bite+1","Bite","Bite","Bite","Shame","RitualDagger","ThirdEye","BowlingBash+1","WaveOfTheHand","Wireheading","Weave"],"relics":["HolyWater","NeowsBlessing","Thread and Needle","Dream Catcher","Darkstone Periapt","Ginger","Bird Faced Urn","Du-Vu Doll","Orichalcum","Happy Flower","Tiny Chest"],"acts_visited":["Exordium","TheCity"],"potions_floor_usage":[10,16,25,27,30],"damage_taken":[{"damage":0,"enemies":"2 Louse","floor":1,"turns":1},{"damage":0,"enemies":"Jaw Worm","floor":3,"turns":1},{"damage":0,"enemies":"Gremlin Nob","floor":6,"turns":1},{"damage":0,"enemies":"Small Slimes","floor":7,"turns":2},{"damage":0,"enemies":"3 Sentries","floor":8,"turns":7},{"damage":1,"enemies":"Gremlin Nob","floor":10,"turns":3},{"damage":11,"enemies":"Lagavulin","floor":12,"turns":6},{"damage":0,"enemies":"3 Louse","floor":13,"turns":2},{"damage":31,"enemies":"Hexaghost","floor":16,"turns":7},{"damage":2,"enemies":"Shell Parasite","floor":18,"turns":3},{"damage":13,"enemies":"2 Thieves","floor":20,"turns":4},{"damage":23,"enemies":"Slavers","floor":25,"turns":5},{"damage":40,"enemies":"Gremlin Leader","floor":27,"turns":5},{"damage":11,"enemies":"Centurion and Healer","floor":28,"turns":5},{"damage":0,"enemies":"3 Cultists","floor":30,"turns":4},{"damage":36,"enemies":"Book of Stabbing","floor":31,"turns":5}],"seed_played":"1734118627910234356","potions_obtained":[{"floor":3,"key":"SteroidPotion"},{"floor":6,"key":"Dexterity Potion"},{"floor":10,"key":"Dexterity Potion"},{"floor":16,"key":"GamblersBrew"},{"floor":25,"key":"Fire Potion"},{"floor":28,"key":"SpeedPotion"}],"is_trial":false,"path_per_floor":["M","?","M","$","?","E","M","E","T","E","R","E","M","?","R","B",null,"M","$","M","?","?","R","?","E","T","E","M","$","M","E"],"character_chosen":"WATCHER","items_purchased":["WheelKick","Du-Vu Doll","Weave","Wireheading"],"campfire_rested":0,"item_purchase_floors":[4,19,19,29],"current_hp_per_floor":[65,51,51,51,44,44,44,44,44,43,43,32,34,34,34,5,55,57,57,48,48,54,54,48,39,39,12,14,14,25,0,0],"gold":14,"neow_bonus":"THREE_ENEMY_KILL","is_daily":false,"chose_seed":false,"campfire_upgraded":3,"win_rate":0.0,"timestamp":1613387691,"path_taken":["M","?","M","$","?","E","M","E","T","E","R","E","?","?","R","BOSS","M","$","M","?","?","R","?","E","T","E","M","?","M","E"],"items_purchased_type":["Card","Relic","Card","Card"],"build_version":"2020-12-18","purchased_purges":1,"victory":false,"max_hp_per_floor":[72,72,72,72,72,72,72,72,72,72,72,72,72,72,72,72,72,72,72,72,50,56,56,56,56,56,56,56,56,56,56,56],"relic_stats":{"Darkstone Periapt":6,"Dream Catcher":0,"Happy Flower":[6],"counters":[16,61],"Bird Faced Urn":[32],"Tiny Chest":0,"Ginger":[1],"Orichalcum":[30],"obtain_stats":[{"Darkstone Periapt":9,"Du-Vu Doll":19,"Dream Catcher":8,"NeowsBlessing":0,"Happy Flower":25,"Bird Faced Urn":12,"HolyWater":17,"Thread and Needle":6,"Tiny Chest":27,"Ginger":10,"PureWater":0,"Orichalcum":22},{"Darkstone Periapt":5,"Du-Vu Doll":10,"Dream Catcher":5,"NeowsBlessing":0,"Happy Flower":12,"Bird Faced Urn":7,"HolyWater":9,"Thread and Needle":3,"Tiny Chest":13,"Ginger":6,"PureWater":0,"Orichalcum":11},{"Darkstone Periapt":12,"Du-Vu Doll":33,"Dream Catcher":12,"NeowsBlessing":0,"Happy Flower":42,"Bird Faced Urn":21,"HolyWater":30,"Thread and Needle":3,"Tiny Chest":47,"Ginger":15,"PureWater":0,"Orichalcum":37}]},"card_choices":[{"not_picked":["Protect","Study"],"picked":"JustLucky","floor":1},{"not_picked":["FearNoEvil","FollowUp"],"picked":"Weave","floor":3},{"not_picked":["EmptyFist","CarveReality"],"picked":"BowlingBash","floor":6},{"not_picked":["JustLucky","EmptyBody"],"picked":"CutThroughFate","floor":7},{"not_picked":["Blasphemy","Halt"],"picked":"EmptyFist","floor":8},{"not_picked":["Crescendo","WindmillStrike"],"picked":"BattleHymn","floor":10},{"not_picked":["FollowUp","Alpha"],"picked":"Meditate","floor":12},{"not_picked":["Prostrate","ClearTheMind"],"picked":"JustLucky","floor":13},{"not_picked":["Alpha","Brilliance"],"picked":"DevaForm","floor":16},{"not_picked":["ForeignInfluence","ReachHeaven+1"],"picked":"Protect+1","floor":18},{"not_picked":["Consecrate","BowlingBash"],"picked":"Halt","floor":20},{"not_picked":["Collect","PathToVictory"],"picked":"ThirdEye","floor":25},{"not_picked":["Devotion","PathToVictory"],"picked":"BowlingBash+1","floor":27},{"not_picked":["Sanctity","BowlingBash"],"picked":"WaveOfTheHand","floor":28},{"not_picked":["FlurryOfBlows","Pray"],"picked":"Weave","floor":30}],"player_experience":3446964,"relics_obtained":[{"floor":6,"key":"Thread and Needle"},{"floor":8,"key":"Dream Catcher"},{"floor":9,"key":"Darkstone Periapt"},{"floor":10,"key":"Ginger"},{"floor":12,"key":"Bird Faced Urn"},{"floor":25,"key":"Happy Flower"},{"floor":27,"key":"Tiny Chest"}],"event_choices":[{"damage_healed":0,"gold_gain":0,"player_choice":"Entered Light","damage_taken":14,"max_hp_gain":0,"max_hp_loss":0,"event_name":"Shining Light","floor":2,"gold_loss":0,"cards_upgraded":["Defend_P","Strike_P"]},{"cards_removed":["Defend_P"],"damage_healed":0,"gold_gain":0,"player_choice":"Card Removal","damage_taken":7,"max_hp_gain":0,"max_hp_loss":0,"event_name":"Golden Wing","floor":5,"gold_loss":0},{"damage_healed":0,"gold_gain":0,"player_choice":"Grow","damage_taken":0,"max_hp_gain":0,"max_hp_loss":0,"event_name":"Living Wall","floor":14,"gold_loss":0,"cards_upgraded":["Meditate"]},{"damage_healed":0,"gold_gain":0,"player_choice":"Became a vampire","damage_taken":0,"max_hp_gain":0,"max_hp_loss":22,"event_name":"Vampires","floor":21,"gold_loss":0,"cards_obtained":["Bite","Bite","Bite","Bite","Bite"]},{"damage_healed":0,"gold_gain":0,"player_choice":"Stole Relic","damage_taken":0,"relics_obtained":["Orichalcum"],"max_hp_gain":0,"max_hp_loss":0,"event_name":"Addict","floor":22,"gold_loss":0,"cards_obtained":["Shame"]},{"damage_healed":0,"gold_gain":0,"player_choice":"Joined the Cult","damage_taken":6,"max_hp_gain":0,"max_hp_loss":0,"event_name":"Nest","floor":24,"gold_loss":0,"cards_obtained":["RitualDagger"]}],"is_beta":true,"boss_relics":[{"not_picked":["Runic Dome","SlaversCollar"],"picked":"HolyWater"}],"items_purged_floors":[4],"is_endless":false,"potions_floor_spawned":[3,6,10,16,25,28],"killed_by":"Book of Stabbing","ascension_level":12}}