{"host":"fuszjwm6fqgjjp4d","time":1613355545,"event":{"mods":["BaseMod","Colored Map","Minty Spire (QoL Compilation)","Permanent Neow","Relic Sorter","Relic Stats","StSLib"],"gold_per_floor":[113,127,177,10,10,10,44,44,44,55,68,94,113,142,142,219,219,237,237,237,215,215,249,249,48,48,79,95,95,95,11,11,11,11],"floor_reached":33,"language":"ENG","playtime":768,"items_purged":["Shame"],"score":652,"play_id":"733ea1f0-0d13-409b-98d3-b02238baff5d","local_time":"20210214201905","is_ascension_mode":true,"campfire_choices":[{"data":"Zap","floor":6.0,"key":"SMITH"},{"data":"Barrage","floor":8.0,"key":"SMITH"},{"data":"Consume","floor":15.0,"key":"SMITH"},{"data":"Barrage","floor":24,"key":"SMITH"},{"data":"White Noise","floor":29,"key":"SMITH"},{"data":"Zap","floor":32,"key":"SMITH"}],"circlet_count":0,"master_deck":["AscendersBane","Strike_B+1","Strike_B+1","Defend_B","Defend_B","Defend_B","Zap+1","Dualcast","Barrage+1","Coolheaded","Zap+1","Hologram","Leap","Consume+1","Barrage+1","Coolheaded","Cold Snap","Biased Cognition","Lockon+1","Thunder Strike+1","Redo+1","Cold Snap","Barrage","Compile Driver","White Noise+1","All For One","Self Repair"],"relics":["Cracked Core","Vajra","Runic Capacitor","DataDisk","Lizard Tail","Whetstone","Astrolabe","HornCleat","Gambling Chip","Ginger","Turnip"],"acts_visited":["Exordium","TheCity"],"potions_floor_usage":[21,23,27],"damage_taken":[{"damage":5.0,"enemies":"2 Louse","floor":1.0,"turns":3.0},{"damage":1.0,"enemies":"Cultist","floor":2.0,"turns":3.0},{"damage":13.0,"enemies":"Lagavulin","floor":7.0,"turns":5.0},{"damage":0.0,"enemies":"Small Slimes","floor":10.0,"turns":2.0},{"damage":0.0,"enemies":"Exordium Thugs","floor":11.0,"turns":4.0},{"damage":10.0,"enemies":"3 Sentries","floor":12.0,"turns":6.0},{"damage":0.0,"enemies":"3 Louse","floor":13.0,"turns":2.0},{"damage":0.0,"enemies":"Gremlin Nob","floor":14.0,"turns":2.0},{"damage":2.0,"enemies":"Slime Boss","floor":16.0,"turns":7.0},{"damage":36,"enemies":"3 Byrds","floor":18,"turns":4},{"damage":9,"enemies":"2 Thieves","floor":21,"turns":4},{"damage":6,"enemies":"Gremlin Leader","floor":23,"turns":5},{"damage":5,"enemies":"Book of Stabbing","floor":27,"turns":4},{"damage":0,"enemies":"Cultist and Chosen","floor":28,"turns":4},{"damage":61,"enemies":"Collector","floor":33,"turns":6}],"seed_played":"8997397023920226419","potions_obtained":[{"floor":2.0,"key":"AttackPotion"},{"floor":7.0,"key":"Explosive Potion"},{"floor":11.0,"key":"Ancient Potion"},{"floor":12.0,"key":"SpeedPotion"},{"floor":14.0,"key":"SkillPotion"},{"floor":18,"key":"EssenceOfSteel"},{"floor":21,"key":"Block Potion"}],"is_trial":false,"path_per_floor":["M","M","?","$","?","R","E","R","T","M","M","E","M","E","R","B",null,"M","?","T","M","?","E","R","$","T","E","M","R","?","$","R","B"],"character_chosen":"DEFECT","items_purchased":["Runic Capacitor","DuplicationPotion","White Noise","Self Repair"],"campfire_rested":0,"item_purchase_floors":[4,25,25,31],"current_hp_per_floor":[59,58,51,51,51,51,38,38,38,38,38,28,28,28,28,26,60,24,24,24,15,15,9,9,9,9,4,4,4,4,4,4,0,0],"gold":11,"neow_bonus":"RANDOM_COMMON_RELIC","is_daily":false,"chose_seed":false,"campfire_upgraded":6,"win_rate":0.0,"timestamp":1613355545,"path_taken":["M","M","?","?","?","R","E","R","T","?","M","E","M","E","R","BOSS","M","?","?","M","?","E","R","$","T","E","M","R","?","?","R","BOSS"],"items_purchased_type":["Relic","Potion","Card","Card"],"build_version":"2020-12-22","purchased_purges":1,"victory":false,"max_hp_per_floor":[71,71,71,71,71,71,71,71,71,71,71,71,71,71,71,71,71,71,71,71,71,71,71,71,71,71,71,71,71,71,71,71,71,71],"relic_stats":{"Lizard Tail":35,"counters":[15,61],"Astrolabe":["Lockon","Thunder Strike","Redo"],"Gambling Chip":[9],"Turnip":[5],"Whetstone":["Strike_B","Strike_B"],"Ginger":[8],"obtain_stats":[{"DataDisk":7,"Lizard Tail":12,"HornCleat":20,"Astrolabe":17,"Gambling Chip":23,"Vajra":0,"Turnip":27,"Runic Capacitor":4,"Whetstone":14,"Ginger":26,"Cracked Core":0},{"DataDisk":3,"Lizard Tail":6,"HornCleat":10,"Astrolabe":9,"Gambling Chip":12,"Vajra":0,"Turnip":13,"Runic Capacitor":2,"Whetstone":8,"Ginger":12,"Cracked Core":0},{"DataDisk":11,"Lizard Tail":23,"HornCleat":38,"Astrolabe":34,"Gambling Chip":47,"Vajra":0,"Turnip":51,"Runic Capacitor":6,"Whetstone":27,"Ginger":47,"Cracked Core":0}]},"card_choices":[{"not_picked":["Steam Power","Leap"],"picked":"Barrage","floor":1.0},{"not_picked":["Hologram","Recycle"],"picked":"Coolheaded","floor":2.0},{"not_picked":["Darkness","Turbo"],"picked":"Hologram","floor":7.0},{"not_picked":["Reprogram","Double Energy"],"picked":"Leap","floor":10.0},{"not_picked":["BootSequence","Conserve Battery"],"picked":"Consume","floor":11.0},{"not_picked":["Reinforced Body","Steam"],"picked":"Barrage","floor":12.0},{"not_picked":["Barrage","Stack"],"picked":"Coolheaded","floor":13.0},{"not_picked":["Leap","Sunder"],"picked":"Cold Snap","floor":14.0},{"not_picked":["Buffer","Amplify"],"picked":"Biased Cognition","floor":16.0},{"not_picked":["Redo","Lockon","Recycle"],"picked":"SKIP","floor":18},{"not_picked":["Sweeping Beam","Doom and Gloom"],"picked":"Barrage","floor":21},{"not_picked":["Gash+1","Ball Lightning"],"picked":"Compile Driver","floor":23},{"not_picked":["Gash","Steam"],"picked":"All For One","floor":27},{"not_picked":["Heatsinks","Darkness","Sweeping Beam"],"picked":"SKIP","floor":28}],"player_experience":1485223,"relics_obtained":[{"floor":7.0,"key":"DataDisk"},{"floor":12.0,"key":"Lizard Tail"},{"floor":14.0,"key":"Whetstone"},{"floor":20,"key":"HornCleat"},{"floor":23,"key":"Gambling Chip"},{"floor":26,"key":"Ginger"},{"floor":27,"key":"Turnip"}],"event_choices":[{"damage_healed":0.0,"max_hp_gain":0.0,"max_hp_loss":0.0,"gold_gain":50.0,"event_name":"FaceTrader","player_choice":"Touch","floor":3.0,"gold_loss":0.0,"damage_taken":7.0},{"damage_healed":0.0,"max_hp_gain":0.0,"max_hp_loss":0.0,"gold_gain":0.0,"event_name":"Match and Keep!","player_choice":"2 cards matched","floor":5.0,"gold_loss":0.0,"damage_taken":0.0,"cards_obtained":["Zap","Shame"]},{"damage_healed":0,"gold_gain":0,"player_choice":"Read","damage_taken":0,"max_hp_gain":0,"max_hp_loss":0,"event_name":"The Library","floor":19,"gold_loss":0,"cards_obtained":["Cold Snap"]},{"damage_healed":0,"gold_gain":0,"player_choice":"Ignored","damage_taken":0,"max_hp_gain":0,"max_hp_loss":0,"event_name":"The Mausoleum","floor":22,"gold_loss":0},{"damage_healed":0,"gold_gain":0,"player_choice":"Ignored","damage_taken":0,"max_hp_gain":0,"max_hp_loss":0,"event_name":"Cursed Tome","floor":30,"gold_loss":0}],"is_beta":false,"boss_relics":[{"not_picked":["Ectoplasm","SlaversCollar"],"picked":"Astrolabe"}],"items_purged_floors":[25],"is_endless":false,"potions_floor_spawned":[2,7,11,12,14,18,21],"killed_by":"Collector","ascension_level":20}}