{"host":"pe2q1tocp309rrg9","time":1613379185,"event":{"mods":["2.2 Compatiblity","BaseMod","BetterRewards","Curses Come First","Downfall","Ekko","Gremlin Mod","Hermit","Jorbs\u0027s Wanderer Trilogy","Minty Spire (QoL Compilation)","Quick Restart","Rare Cards Sparkle","Replay The Spire","StSLib","The Blue Laboratory","The Construct","The Hierophant","Uncapped"],"gold_per_floor":[110,110,124,101,101,133,144,144,169,169,184,131,131,142,142,246,246,257,276,313,2,2,2,29,29,29,29,29,128,148,174,174,272,272,292,304,304,329,354,354,404,438,462,462,495,495,532,567,567,577,577],"floor_reached":50,"language":"ENG","playtime":1592,"items_purged":[],"score":612,"play_id":"5ea931c5-314e-4143-8552-ea81fdc6cc79","local_time":"20210215025305","is_ascension_mode":true,"campfire_choices":[{"data":"Noxious Fumes","floor":8.0,"key":"SMITH"},{"data":"Deadly Poison","floor":10.0,"key":"SMITH"},{"data":"Bane","floor":13.0,"key":"SMITH"},{"data":"Bouncing Flask","floor":15.0,"key":"SMITH"},{"floor":23.0,"key":"REST"},{"data":"Poisoned Stab","floor":25.0,"key":"SMITH"},{"data":"Choke","floor":27.0,"key":"SMITH"},{"floor":32.0,"key":"REST"},{"floor":40.0,"key":"REST"},{"floor":44,"key":"REST"},{"floor":46,"key":"REST"},{"floor":49,"key":"REST"}],"circlet_count":0,"master_deck":["Strike_G","Strike_G","Strike_G+1","Strike_G","Defend_G","Defend_G+1","Defend_G","Defend_G","Survivor","Neutralize","Deadly Poison+1","Toxin Wave+1","Slice","Noxious Fumes+1","Acrobatics","Pot Of Greed+1","Pot Of Greed","Underhanded Strike","Bane+1","Bouncing Flask+1","Envenom+1","Cloak And Dagger+1","Dodge and Roll+1","ReplayTheSpireMod:Splinters","Choke+1","Pot Of Greed","Poisoned Stab+1","Choke+1","Poisoned Stab+1","Dagger Throw","Burst","Bane+1","Hidden Blade+1","Poisoned Stab","Replay:Poison Smokescreen","Escape Plan+1","Prepared","Outmaneuver+1","Pot Of Greed","Infinite Blades+1"],"relics":["Ring of the Snake","NeowsBlessing","Replay:Rubber Ducky","Gambling Chip","Grinning Jar","Busted Crown","Snake Skull","Guide Book","Pen Nib","Smiling Mask","Shuriken","Dead Branch","Simple Rune","Black Star","Replay:Bandana","ReplayTheSpireMod:Shallot","White Beast Statue","Boot"],"acts_visited":["Exordium","TheCity","TheBeyond"],"potions_floor_usage":[48,50,50],"damage_taken":[{"damage":0.0,"enemies":"Small Slimes","floor":1.0,"turns":1.0},{"damage":0.0,"enemies":"2 Louse","floor":3.0,"turns":1.0},{"damage":0.0,"enemies":"Lagavulin","floor":6.0,"turns":1.0},{"damage":2.0,"enemies":"Jaw Worm","floor":7.0,"turns":3.0},{"damage":2.0,"enemies":"Looter","floor":11.0,"turns":3.0},{"damage":1.0,"enemies":"Blue Slaver","floor":14.0,"turns":2.0},{"damage":28.0,"enemies":"Fading Forest","floor":16.0,"turns":11.0},{"damage":18.0,"enemies":"2 Thieves","floor":18.0,"turns":4.0},{"damage":0.0,"enemies":"Spheric Guardian","floor":19.0,"turns":3.0},{"damage":8.0,"enemies":"Replay:Snechameleon","floor":24.0,"turns":5.0},{"damage":10.0,"enemies":"3 Cultists","floor":30.0,"turns":5.0},{"damage":30.0,"enemies":"Book of Stabbing","floor":31.0,"turns":5.0},{"damage":27.0,"enemies":"Champ","floor":33.0,"turns":5.0},{"damage":0.0,"enemies":"3 Shapes","floor":35.0,"turns":3.0},{"damage":25.0,"enemies":"3 Darklings","floor":36.0,"turns":7.0},{"damage":18.0,"enemies":"Maw","floor":39.0,"turns":6.0},{"damage":5.0,"enemies":"R_Hoarder","floor":41.0,"turns":4.0},{"damage":12,"enemies":"Writhing Mass","floor":42,"turns":3},{"damage":20,"enemies":"Spire Growth","floor":45,"turns":4},{"damage":19,"enemies":"Maw","floor":47,"turns":6},{"damage":9,"enemies":"Jaw Worm Horde","floor":48,"turns":4},{"damage":55,"enemies":"Time Eater","floor":50,"turns":4}],"seed_played":"1856978193335690140","potions_obtained":[{"floor":3.0,"key":"AttackPotion"},{"floor":11.0,"key":"Dexterity Potion"},{"floor":14.0,"key":"blueLaboratory:PhilterOfMotion"},{"floor":18.0,"key":"blueLaboratory:BottleOfRum"},{"floor":20.0,"key":"LifebloodPotion"},{"floor":24.0,"key":"Ancient Potion"},{"floor":31.0,"key":"blueLaboratory:EnvenomedCoating"},{"floor":36.0,"key":"blueLaboratory:FruitPunch"},{"floor":42,"key":"Dexterity Potion"},{"floor":45,"key":"blueLaboratory:EnvenomedCoating"},{"floor":47,"key":"blueLaboratory:FruitPunch"},{"floor":48,"key":"blueLaboratory:BlinkPotion"}],"is_trial":false,"path_per_floor":["M","?","M","?","?","E","M","R","T","R","M","$","R","M","R","B",null,"M","M","?","$","?","R","E","R","T","R","T","?","M","E","R","B",null,"M","M","?","T","M","R","E","M","T","R","M","R","M","M","R","B"],"character_chosen":"THE_SILENT","items_purchased":["Bane","Guide Book","Pen Nib"],"campfire_rested":6,"item_purchase_floors":[12,21,21],"current_hp_per_floor":[70,70,70,70,63,63,61,61,61,61,59,59,59,58,58,40,70,52,52,52,52,52,70,62,62,62,62,62,62,52,22,43,16,70,70,45,45,45,29,50,45,33,33,54,34,55,36,29,51,0,0],"gold":577,"neow_bonus":"THREE_ENEMY_KILL","is_daily":false,"chose_seed":false,"campfire_upgraded":6,"win_rate":0.0,"timestamp":1613379185,"path_taken":["M","?","M","?","?","E","M","R","T","R","M","$","R","M","R","BOSS","M","M","?","$","?","R","E","R","T","R","?","?","M","E","R","BOSS","M","M","?","?","M","R","E","M","T","R","?","R","M","?","R","BOSS"],"items_purchased_type":["Card","Relic","Relic"],"build_version":"2020-12-22","purchased_purges":0,"victory":false,"max_hp_per_floor":[70,70,70,70,70,70,70,70,70,70,70,70,70,70,70,70,70,70,70,70,70,70,70,70,70,70,70,70,70,70,70,70,70,70,70,70,70,70,72,72,72,72,72,72,72,72,72,74,74,74,74],"card_choices":[{"not_picked":["Bane","Poisoned Stab"],"picked":"Deadly Poison","floor":1.0},{"not_picked":["Hidden Blade","Backflip"],"picked":"Slice","floor":3.0},{"not_picked":["Riddle With Holes","Flechettes"],"picked":"Noxious Fumes","floor":6.0},{"not_picked":["Underhanded Strike","Infinite Blades"],"picked":"Acrobatics","floor":7.0},{"not_picked":["Flying Knee","Glass Knife"],"picked":"Underhanded Strike","floor":11.0},{"not_picked":["Replay:Poison Smokescreen","Backflip"],"picked":"Bouncing Flask","floor":14.0},{"not_picked":["Adrenaline","Die Die Die"],"picked":"Envenom","floor":16.0},{"not_picked":[],"picked":"Cloak And Dagger+1","floor":18.0},{"not_picked":[],"picked":"Dodge and Roll+1","floor":19.0},{"not_picked":[],"picked":"Choke+1","floor":20.0},{"not_picked":[],"picked":"Poisoned Stab","floor":20.0},{"not_picked":[],"picked":"Choke","floor":24.0},{"not_picked":[],"picked":"Poisoned Stab+1","floor":30.0},{"not_picked":[],"picked":"Dagger Throw","floor":31.0},{"not_picked":[],"picked":"Burst","floor":33.0},{"not_picked":[],"picked":"Bane+1","floor":35.0},{"not_picked":[],"picked":"Hidden Blade+1","floor":36.0},{"not_picked":[],"picked":"Poisoned Stab","floor":39.0},{"not_picked":[],"picked":"Replay:Poison Smokescreen","floor":41.0},{"not_picked":[],"picked":"Escape Plan+1","floor":42},{"not_picked":[],"picked":"Prepared","floor":45},{"not_picked":[],"picked":"Outmaneuver+1","floor":47},{"not_picked":[],"picked":"Infinite Blades+1","floor":48}],"player_experience":708014,"relics_obtained":[{"floor":6.0,"key":"Gambling Chip"},{"floor":9.0,"key":"Grinning Jar"},{"floor":20.0,"key":"Snake Skull"},{"floor":24.0,"key":"Smiling Mask"},{"floor":26.0,"key":"Shuriken"},{"floor":28.0,"key":"Dead Branch"},{"floor":31.0,"key":"Simple Rune"},{"floor":38.0,"key":"Replay:Bandana"},{"floor":41.0,"key":"ReplayTheSpireMod:Shallot"},{"floor":41.0,"key":"White Beast Statue"},{"floor":43,"key":"Boot"}],"event_choices":[{"damage_healed":0.0,"max_hp_gain":0.0,"max_hp_loss":0.0,"gold_gain":0.0,"event_name":"World of Goop","player_choice":"Left Gold","floor":4.0,"gold_loss":23.0,"damage_taken":0.0},{"damage_healed":0.0,"max_hp_gain":0.0,"max_hp_loss":0.0,"gold_gain":0.0,"event_name":"Scrap Ooze","player_choice":"Success","floor":5.0,"gold_loss":0.0,"damage_taken":7.0,"relics_obtained":["Replay:Rubber Ducky"]},{"damage_healed":0.0,"max_hp_gain":0.0,"max_hp_loss":0.0,"gold_gain":0.0,"event_name":"Ghosts","player_choice":"Ignored","floor":22.0,"gold_loss":0.0,"damage_taken":0.0},{"damage_healed":0.0,"max_hp_gain":0.0,"max_hp_loss":0.0,"gold_gain":99.0,"event_name":"Nest","player_choice":"Stole From Cult","floor":29.0,"gold_loss":0.0,"damage_taken":0.0},{"cards_removed":["Defend_G"],"damage_healed":0.0,"max_hp_gain":0.0,"max_hp_loss":0.0,"gold_gain":0.0,"event_name":"Falling","player_choice":"Removed Skill","floor":37.0,"gold_loss":0.0,"damage_taken":0.0}],"is_beta":false,"boss_relics":[{"not_picked":["Philosopher\u0027s Stone","Replay:Bronze Core"],"picked":"Busted Crown"},{"not_picked":["SacredBark","Cursed Key"],"picked":"Black Star"}],"items_purged_floors":[],"is_endless":false,"potions_floor_spawned":[3,11,14,16,18,24,31,36,42,45,47,48],"killed_by":"Time Eater","ascension_level":1}}