{"host":"gsu59bb6ixcbb7gk","time":1613420758,"event":{"mods":["BaseMod","Colored Powertips","Googly Eyes","Infinite Spire","Minty Spire (QoL Compilation)","Replay The Spire","StSLib"],"gold_per_floor":[119,138,31,43,118,145,145,163,188,221,221,221,231,331,331,430,430,447,1,1,20,35,35,35,35],"floor_reached":24,"language":"ENG","playtime":1612,"items_purged":["Strike_G"],"score":241,"play_id":"248f695e-90df-45d7-bece-a89d092879ee","local_time":"20210215152558","is_ascension_mode":true,"campfire_choices":[{"floor":7,"key":"REST"},{"floor":12,"key":"REST"},{"floor":15,"key":"REST"},{"floor":23,"key":"REST"}],"circlet_count":0,"master_deck":["Defend_G","Defend_G","Defend_G","Defend_G","Defend_G","Survivor","Neutralize+1","Hidden Blade","Backstab","Infinite Blades","Infinite Blades","Blade Dance","Prepared","ReplayTheSpireMod:Shiv Toss","Accuracy","infinitespire:Neurotoxin","After Image","Bite","Bite","Bite","Bite","Bite","Accuracy+1"],"relics":["Ring of the Snake","Juzu Bracelet","infinitespire:PuzzleCube","ReplayTheSpireMod:TigerMarble","Black Star","Membership Card","Replay:Baseball"],"acts_visited":["Exordium","TheCity"],"potions_floor_usage":[10,16,22,24,24],"damage_taken":[{"damage":0,"enemies":"Small Slimes","floor":1,"turns":4},{"damage":0,"enemies":"Cultist","floor":2,"turns":3},{"damage":0,"enemies":"2 Louse","floor":4,"turns":2},{"damage":26,"enemies":"Gremlin Nob","floor":6,"turns":4},{"damage":20,"enemies":"Lots of Slimes","floor":8,"turns":4},{"damage":19,"enemies":"Lagavulin","floor":10,"turns":7},{"damage":10,"enemies":"Large Slime","floor":13,"turns":4},{"damage":34,"enemies":"Hexaghost","floor":16,"turns":6},{"damage":29,"enemies":"2 Thieves","floor":18,"turns":4},{"damage":8,"enemies":"Shell Parasite","floor":21,"turns":6},{"damage":28,"enemies":"Shelled Parasite and Fungi","floor":22,"turns":5},{"damage":35,"enemies":"Nightmare","floor":24,"turns":5}],"seed_played":"-4062649016555664273","potions_obtained":[{"floor":2,"key":"LiquidBronze"},{"floor":6,"key":"Regen Potion"},{"floor":16,"key":"Venom Potion"},{"floor":21,"key":"Strength Potion"},{"floor":22,"key":"Explosive Potion"}],"is_trial":false,"path_per_floor":["M","M","$","M","?","E","R","M","T","E","?","R","M","?","R","B",null,"M","$","?","M","M","R","NM"],"character_chosen":"THE_SILENT","items_purchased":["Infinite Blades","Blade Dance","After Image","Membership Card","Replay:Baseball","CunningPotion"],"campfire_rested":4,"item_purchase_floors":[3,3,19,19,19,19],"current_hp_per_floor":[70,70,70,70,59,33,54,34,34,30,30,51,41,41,62,28,70,41,41,41,43,17,31,0,0],"gold":35,"neow_bonus":"UPGRADE_CARD","is_daily":false,"chose_seed":false,"campfire_upgraded":0,"win_rate":0.0,"timestamp":1613420758,"path_taken":["M","M","$","M","?","E","R","M","T","E","?","R","M","?","R","BOSS","M","$","?","M","M","R","NM"],"items_purchased_type":["Card","Card","Card","Relic","Relic","Potion"],"build_version":"2020-12-22","purchased_purges":1,"victory":false,"max_hp_per_floor":[70,70,70,70,70,70,70,70,70,70,70,70,70,70,70,70,70,70,70,49,49,49,49,49,49],"card_choices":[{"not_picked":["Deflect","Quick Slash"],"picked":"Hidden Blade","floor":1},{"not_picked":["Outmaneuver","Toxin Wave"],"picked":"Backstab","floor":2},{"not_picked":["Tools of the Trade","Bane","Deadly Poison"],"picked":"SKIP","floor":4},{"not_picked":["Quick Slash","PiercingWail"],"picked":"Prepared","floor":6},{"not_picked":["Quick Slash","Choke","Dodge and Roll"],"picked":"SKIP","floor":8},{"not_picked":["Reflex","PiercingWail"],"picked":"ReplayTheSpireMod:Shiv Toss","floor":10},{"not_picked":["Catalyst","Infinite Blades"],"picked":"Accuracy","floor":13},{"not_picked":["Burst","ReplayTheSpireMod:Necrosis"],"picked":"infinitespire:Neurotoxin","floor":16},{"not_picked":["Catalyst","Dodge and Roll","Blur+1"],"picked":"SKIP","floor":18},{"not_picked":["Blur+1","Acrobatics+1","Toxin Wave"],"picked":"SKIP","floor":21},{"not_picked":["Crippling Poison","Underhanded Strike"],"picked":"Accuracy+1","floor":22}],"player_experience":239216,"relics_obtained":[{"floor":6,"key":"Juzu Bracelet"},{"floor":9,"key":"infinitespire:PuzzleCube"},{"floor":10,"key":"ReplayTheSpireMod:TigerMarble"}],"event_choices":[{"damage_healed":0,"gold_gain":75,"player_choice":"Gather Gold","damage_taken":11,"max_hp_gain":0,"max_hp_loss":0,"event_name":"World of Goop","floor":5,"gold_loss":0},{"damage_healed":0,"gold_gain":100,"player_choice":"Pray","damage_taken":0,"max_hp_gain":0,"max_hp_loss":0,"event_name":"Golden Shrine","floor":14,"gold_loss":0},{"damage_healed":0,"gold_gain":0,"player_choice":"Became a vampire","damage_taken":0,"max_hp_gain":0,"max_hp_loss":21,"event_name":"Vampires","floor":20,"gold_loss":0,"cards_obtained":["Bite","Bite","Bite","Bite","Bite"]}],"is_beta":false,"boss_relics":[{"not_picked":["SlaversCollar","Coffee Dripper"],"picked":"Black Star"}],"items_purged_floors":[19],"is_endless":false,"potions_floor_spawned":[2,6,16,21,22],"killed_by":"Nightmare","ascension_level":1}}