{"host":"7c48c022du196gjj","time":1613373348,"event":{"mods":["BaseMod","Better Third Choice","Colored Map","Hubris","Minty Spire (QoL Compilation)","Monster B Gone","Quick Restart","Reliquary","Replay The Spire","Say the Spire","Smile Girya","Spicy Shops","StSLib"],"gold_per_floor":[113,1,1,14,14,43,43,68,68,121,147,90,90,90],"floor_reached":13,"language":"ENG","playtime":291,"items_purged":[],"score":229,"play_id":"0e754e1a-2189-496b-95ba-e0649b786433","local_time":"20210215011548","is_ascension_mode":true,"campfire_choices":[{"data":"Draining Mist","floor":7,"key":"SMITH"}],"circlet_count":0,"master_deck":["AscendersBane","Strike_G","Strike_G","Strike_G","Strike_G","Strike_G","Defend_G","Defend_G","Defend_G","Defend_G","Defend_G","Survivor","Neutralize","Prepared","Masterful Stab+1","Draining Mist+1","hubris:DuctTapeCard","Quick Slash","Parasite"],"relics":["Ring of the Snake","NeowsBlessing","reliquary:RoseTintedGlasses","Gremlin Food","hubris:Reverence","CaptainsWheel","hubris:DuctTape","CeramicFish"],"acts_visited":["Exordium"],"potions_floor_usage":[8,11,13],"damage_taken":[{"damage":0,"enemies":"Jaw Worm","floor":1,"turns":1},{"damage":0,"enemies":"Cultist","floor":4,"turns":1},{"damage":0,"enemies":"Gremlin Nob","floor":6,"turns":1},{"damage":21,"enemies":"Lagavulin","floor":8,"turns":7},{"damage":13,"enemies":"Gremlin Nob","floor":11,"turns":4},{"damage":9,"enemies":"Lagavulin","floor":13,"turns":2}],"seed_played":"5423281650566218462","potions_obtained":[{"floor":4,"key":"Milkshake"},{"floor":6,"key":"Dexterity Potion"},{"floor":8,"key":"Fire Potion"},{"floor":11,"key":"ColorlessPotion"}],"is_trial":false,"path_per_floor":["M","$","?","M","?","E","R","E","T","?","E","$","E"],"character_chosen":"THE_SILENT","items_purchased":["Masterful Stab","CeramicFish"],"campfire_rested":0,"item_purchase_floors":[2,12],"current_hp_per_floor":[59,59,59,59,41,41,41,20,20,20,7,7,0,0],"gold":90,"neow_bonus":"THREE_ENEMY_KILL","is_daily":false,"chose_seed":false,"campfire_upgraded":1,"win_rate":0.0,"timestamp":1613373348,"path_taken":["M","$","?","?","?","E","R","E","T","?","E","?","E"],"items_purchased_type":["Card","Relic"],"build_version":"2020-12-22","purchased_purges":0,"victory":false,"max_hp_per_floor":[66,66,66,66,66,66,66,66,66,66,66,66,66,66],"card_choices":[{"not_picked":["Sucker Punch","Deflect"],"picked":"Prepared","floor":1},{"not_picked":["Dodge and Roll","Cloak And Dagger"],"picked":"Draining Mist","floor":4},{"not_picked":["Malaise","Escape Plan"],"picked":"Footwork","floor":6},{"not_picked":["Backflip","Underhanded Strike"],"picked":"Infinite Blades","floor":8},{"not_picked":["Setup","Eviscerate"],"picked":"Quick Slash","floor":11}],"player_experience":890428,"relics_obtained":[{"floor":6,"key":"Gremlin Food"},{"floor":8,"key":"hubris:Reverence"},{"floor":9,"key":"CaptainsWheel"},{"floor":11,"key":"hubris:DuctTape"}],"event_choices":[{"damage_healed":0,"gold_gain":0,"player_choice":"Upgraded","damage_taken":0,"max_hp_gain":0,"max_hp_loss":0,"event_name":"Upgrade Shrine","floor":3,"gold_loss":0,"cards_upgraded":["Masterful Stab"]},{"damage_healed":0,"gold_gain":0,"player_choice":"Relic ","damage_taken":18,"max_hp_gain":0,"max_hp_loss":0,"event_name":"betterThird:BetterScrap","floor":5,"gold_loss":0,"cards_obtained":["hubris:PowerSurge"]},{"damage_healed":0,"gold_gain":53,"player_choice":"Gained Gold","damage_taken":0,"max_hp_gain":0,"max_hp_loss":0,"event_name":"Golden Wing","floor":10,"gold_loss":0}],"is_beta":false,"boss_relics":[],"items_purged_floors":[],"is_endless":false,"potions_floor_spawned":[4,6,8,11],"killed_by":"Lagavulin","ascension_level":17}}