{"host":"faxec7zdkweurczj","time":1613396993,"event":{"mods":["Ascension Reborn","BaseMod","Colored Powertips","Conspire","Highlight Path","Minty Spire (QoL Compilation)","Replay The Spire","Shop Mod","StSLib","TestMod","[IsaacMod]ÒÔÈö¼âËþ","óô»ðÖ¸ÄÏ"],"gold_per_floor":[115,115,139,139,229,260,260,301,329,370,382,406,24,36,54,54,123,143,157,157,180,214,298,347,347,677,711,579,1162,1278,1278,1590,1612,1205,1228,1281,1281,1313,1313,1404,1404,1194,1212,975,1295,1176,1296,1296,1704,1722,1722,1744,1320,1030,1443,1478,1478,1503,1521,1539,1539,2679,2288,2288,2288,2288,2240,2282,2282],"floor_reached":56,"language":"ZHS","playtime":2429,"items_purged":["Strike_R+1","Strike_R+1","Strike_R+1","Defend_R+1","Defend_R+1","Defend_R+2","Defend_R+2","BettingIsNotGood+1","Shrug It Off","Shrug It Off"],"score":500,"play_id":"91bcfec4-e9df-472d-9f01-5e9874e7f0f7","local_time":"20210215214953","is_ascension_mode":true,"campfire_choices":[{"floor":7.0,"key":"RECALL"},{"data":"Pommel Strike","floor":15.0,"key":"SMITH"},{"data":"Thunderclap","floor":6.0,"key":"SMITH"},{"data":"Shrug It Off","floor":11.0,"key":"SMITH"},{"data":"Metallicize","floor":15.0,"key":"SMITH"},{"data":"Limit Break","floor":23.0,"key":"SMITH"},{"data":"Limit Break","floor":25.0,"key":"SMITH"},{"data":"Pommel Strike","floor":52,"key":"SMITH"}],"circlet_count":0,"master_deck":["Bash+1","Pommel Strike+1","Pommel Strike+1","Pommel Strike+1","Shrug It Off+1","Thunderclap+1","Metallicize+1","Cleave+1","Limit Break+1","Metallicize","Limit Break+1","Inflame+1","Inflame+1","Inflame","Pommel Strike+1","Pommel Strike+1","Shrug It Off+1","Body Slam+1","Limit Break"],"relics":["Burning Blood","testmod-TestBox","HushsDoor","testmod-BatchProcessingSystem","BookOfRevelations","NeowsBlessing","testmod-ArcanaOfDestiny","Whetstone","DeathBook","TheBean","Paper Frog","Turnip","Omamori","PokeGo","Bronze Scales","PillsDrop","MealTicket","Blue Doll","Anchor","Blue Candle","BloodDonationBag","Durian","Coffee Dripper","GuppysTail","GuppysHead","SatanicBible","MerchantsRug","Simple Rune","testmod-LifeArmor","Snack Pack","DeadEye","Bottled Flame","testmod-Maize","Nunchaku","Membership Card","ReplayTheSpireMod:CursedCoin","Lantern","TuHaoJin","testmod-Fortitude","testmod-NegativeEmotionEnhancer","testmod-ObsoleteBoomerang","SalivaCoin","PreservedInsect","HandDrill","Chameleon Ring","Shuriken","Replay:Bottled Steam","InkBottle","Replay:Rubber Ducky","Pen Nib","PunchingBag","testmod-IndustrialRevolution","Mercury Hourglass","Blood Vial","Gremlin Food","King of Hearts","Pear","conspire:DeflatedDodgeball","Orrery","Boot"],"acts_visited":["Exordium","TheCity","TheBeyond","TheEnding"],"potions_floor_usage":[54,55,55,55,55,55,55,55,55,55,55,55,55,55,55,55],"damage_taken":[{"damage":0.0,"enemies":"2 Louse","floor":1.0,"turns":1.0},{"damage":0.0,"enemies":"Small Slimes","floor":3.0,"turns":1.0},{"damage":0.0,"enemies":"Hiden Room Battle","floor":5.0,"turns":1.0},{"damage":6.0,"enemies":"Lagavulin","floor":6.0,"turns":3.0},{"damage":6.0,"enemies":"Gremlin Nob","floor":8.0,"turns":2.0},{"damage":0.0,"enemies":"Lagavulin","floor":10.0,"turns":1.0},{"damage":6.0,"enemies":"Jaw Worm","floor":11.0,"turns":1.0},{"damage":0.0,"enemies":"3 Louse","floor":12.0,"turns":1.0},{"damage":6.0,"enemies":"Large Slime","floor":14.0,"turns":2.0},{"damage":0.0,"enemies":"Jaw Worm","floor":1.0,"turns":1.0},{"damage":6.0,"enemies":"Hiden Room Battle","floor":3.0,"turns":2.0},{"damage":0.0,"enemies":"Cultist","floor":4.0,"turns":1.0},{"damage":0.0,"enemies":"2 Louse","floor":5.0,"turns":1.0},{"damage":6.0,"enemies":"Exordium Wildlife","floor":7.0,"turns":1.0},{"damage":0.0,"enemies":"Gremlin Nob","floor":8.0,"turns":1.0},{"damage":0.0,"enemies":"3 Louse","floor":10.0,"turns":1.0},{"damage":0.0,"enemies":"3 Sentries","floor":13.0,"turns":1.0},{"damage":0.0,"enemies":"The Guardian","floor":16.0,"turns":3.0},{"damage":0.0,"enemies":"Chosen","floor":18.0,"turns":1.0},{"damage":0.0,"enemies":"Shell Parasite","floor":19.0,"turns":2.0},{"damage":6.0,"enemies":"Snake Plant","floor":21.0,"turns":2.0},{"damage":0.0,"enemies":"Centurion and Healer","floor":22.0,"turns":2.0},{"damage":0.0,"enemies":"conspire:SneckoGhost","floor":24.0,"turns":2.0},{"damage":0.0,"enemies":"Cultist and Chosen","floor":29.0,"turns":1.0},{"damage":0.0,"enemies":"Snake Plant","floor":31.0,"turns":1.0},{"damage":0.0,"enemies":"Collector","floor":33.0,"turns":1.0},{"damage":0.0,"enemies":"3 Shapes","floor":35.0,"turns":1.0},{"damage":0.0,"enemies":"3 Darklings","floor":36.0,"turns":1.0},{"damage":0.0,"enemies":"Spire Growth","floor":38.0,"turns":1.0},{"damage":0.0,"enemies":"Sphere and 2 Shapes","floor":41.0,"turns":1.0},{"damage":0.0,"enemies":"Giant Head","floor":42.0,"turns":1.0},{"damage":0.0,"enemies":"Jaw Worm Horde","floor":45.0,"turns":1.0},{"damage":0.0,"enemies":"3 Darklings","floor":46.0,"turns":1.0},{"damage":0.0,"enemies":"Sphere and 2 Shapes","floor":48.0,"turns":1.0},{"damage":0.0,"enemies":"Time Eater","floor":50.0,"turns":1.0},{"damage":0,"enemies":"Shield and Spear","floor":54,"turns":1},{"damage":0,"enemies":"Delirium","floor":55,"turns":2}],"seed_played":"-7423467833087297093","potions_obtained":[{"floor":6.0,"key":"AttackPotion"},{"floor":6.0,"key":"FearPotion"},{"floor":10.0,"key":"Strength Potion"},{"floor":12.0,"key":"Fruit Juice"},{"floor":5.0,"key":"Adrenaline Potion"},{"floor":7.0,"key":"Adrenaline Potion"},{"floor":8.0,"key":"LiquidBronze"},{"floor":10.0,"key":"LiquidBronze"},{"floor":16.0,"key":"testmod-SpacePotion"},{"floor":35.0,"key":"FairyPotion"},{"floor":54,"key":"Fruit Juice"}],"is_trial":false,"path_per_floor":["M","?","M","?","?","E","R","E","T","E","M","M","$","M","R","M","?","?","M","M","R","M","E","T","M","R","?","E","$","R","B",null,"M","M","$","M","M","R","E","R","T","T","$","M","R","M","R","B",null,"M","M","?","M","$","R","M","E","T","$","M","M","?","M","R","B",null,"R","$","E","B",null],"character_chosen":"IRONCLAD","items_purchased":["Turnip","Omamori","testmod-SpacePotion","EntropicBrew","GuppysTail","GuppysHead","Metallicize","Limit Break","SatanicBible","Inflame+1","Shrug It Off","MerchantsRug","Nunchaku","Membership Card","ChaosCard","ReplayTheSpireMod:CursedCoin","Lantern","TuHaoJin","Strength Potion","EntropicBrew","testmod-ObsoleteBoomerang","SalivaCoin","Inflame","SuicideKing","PreservedInsect","HandDrill","Pommel Strike","Mercury Hourglass","Blood Vial","Shrug It Off+1","CultistPotion","Pear","conspire:DeflatedDodgeball","Orrery","Fire Potion","CultistPotion","Explosive Potion"],"campfire_rested":0,"item_purchase_floors":[13,13,13,14,17,17,17,17,20,20,20,20,28,30,30,32,32,32,32,34,39,39,39,39,40,40,40,44,44,44,44,49,49,53,53,53,53],"current_hp_per_floor":[85,68,76,76,84,85,85,85,85,85,85,90,90,90,90,83,84,90,93,93,93,93,93,93,93,93,93,93,5,27,71,9,17,38,40,48,48,56,56,56,56,71,71,71,1,1,23,75,23,44,44,61,79,79,50,67,67,54,72,84,84,1,15,41,104,104,104,112,118],"gold":2282,"neow_bonus":"THREE_ENEMY_KILL","is_daily":false,"chose_seed":false,"campfire_upgraded":7,"win_rate":0.0,"timestamp":1613396993,"path_taken":["M","?","M","?","?","E","R","E","T","E","M","M","$","?","R","M","?","?","M","M","R","M","E","T","?","R","?","E","$","R","BOSS","M","M","$","M","M","R","E","R","T","?","$","M","R","M","R","BOSS","M","?","?","M","$","R","M","E","T","$","M","M","?","M","R","BOSS","R","$","E","BOSS"],"items_purchased_type":["Relic","Relic","Potion","Potion","Relic","Relic","Card","Card","Relic","Card","Card","Relic","Relic","Relic","Card","Relic","Relic","Relic","Potion","Potion","Relic","Relic","Card","Card","Relic","Relic","Card","Relic","Relic","Card","Potion","Relic","Relic","Relic","Potion","Potion","Potion"],"build_version":"2020-12-22","purchased_purges":10,"victory":true,"max_hp_per_floor":[85,85,85,85,85,85,85,85,85,85,85,90,90,90,90,90,90,90,93,93,93,93,93,93,93,93,93,93,93,103,71,71,71,71,71,71,71,71,71,71,71,71,71,71,71,71,79,75,79,75,75,79,79,79,83,87,87,87,88,84,84,88,98,104,104,104,104,112,118],"card_choices":[{"not_picked":[],"picked":"BettingIsNotGood","floor":0.0},{"not_picked":["Perfected Strike","True Grit"],"picked":"Bomb","floor":1.0},{"not_picked":["Eclipse","Perfected Strike"],"picked":"Pommel Strike","floor":3.0},{"not_picked":["Clothesline","Fiend Fire"],"picked":"Pommel Strike+1","floor":6.0},{"not_picked":["Wild Strike","Sever Soul","Replay:Undeath\u0027s Touch+1"],"picked":"SKIP","floor":6.0},{"not_picked":["Havoc","conspire:Charge","Warcry"],"picked":"SKIP","floor":8.0},{"not_picked":["Double Tap","Clothesline","Uppercut"],"picked":"SKIP","floor":8.0},{"not_picked":["Clothesline","Life Link"],"picked":"Pommel Strike","floor":10.0},{"not_picked":["Abandon","Clothesline","Bomb"],"picked":"SKIP","floor":10.0},{"not_picked":["Massacre+1","Dark Embrace"],"picked":"Shrug It Off","floor":11.0},{"not_picked":["ReplayTheSpireMod:Strike From Hell","Bomb","Iron Wave+1"],"picked":"SKIP","floor":12.0},{"not_picked":["Warcry","Corruption","Bomb"],"picked":"SKIP","floor":14.0},{"not_picked":["Defy Death","Clash+1","Replay:Undeath\u0027s Touch"],"picked":"SKIP","floor":1.0},{"not_picked":["Twin Strike","Infernal Blade","Flex+1"],"picked":"SKIP","floor":4.0},{"not_picked":["Dropkick","Burning Pact"],"picked":"Thunderclap","floor":5.0},{"not_picked":["Clash","Clothesline","Combust"],"picked":"SKIP","floor":7.0},{"not_picked":["Impervious","Juggernaut","ReplayTheSpireMod:Strike From Hell+1"],"picked":"SKIP","floor":8.0},{"not_picked":["Iron Wave","Heavy Blade","Dropkick"],"picked":"SKIP","floor":8.0},{"not_picked":["Abandon","Anger"],"picked":"Metallicize","floor":10.0},{"not_picked":["Havoc+1","Heavy Blade"],"picked":"Cleave+1","floor":13.0},{"not_picked":["Clash","Wild Strike","Whirlwind"],"picked":"SKIP","floor":13.0},{"not_picked":["Impervious","Feed"],"picked":"Limit Break","floor":16.0},{"not_picked":["Rupture+1","Anger+1","ReplayReversal+1"],"picked":"SKIP","floor":18.0},{"not_picked":["Infernal Blade","Fire Breathing","Dark Embrace"],"picked":"SKIP","floor":19.0},{"not_picked":["Combust","Havoc+1"],"picked":"Shrug It Off","floor":21.0},{"not_picked":["Twin Strike+1","Shockwave+1","ReplayTheSpireMod:Strike From Hell"],"picked":"SKIP","floor":22.0},{"not_picked":["Cleave","Anger","True Grit"],"picked":"SKIP","floor":24.0},{"not_picked":["Clothesline","Flame Barrier+1","Rampage"],"picked":"SKIP","floor":29.0},{"not_picked":["Sword Boomerang+1","Heavy Blade+1","Perfected Strike+1"],"picked":"SKIP","floor":31.0},{"not_picked":["ReplayTheSpireMod:Corrosion Curse","Warcry+1","Perfected Strike+1"],"picked":"SKIP","floor":35.0},{"not_picked":["Warcry","Evolve","Flex+1"],"picked":"SKIP","floor":36.0},{"not_picked":["Flex+1","ReplayTheSpireMod:Limb From Limb","conspire:ExplosiveBarrier+1"],"picked":"SKIP","floor":38.0},{"not_picked":["Seeing Red+1","Run Through","Twin Strike+1"],"picked":"SKIP","floor":41.0},{"not_picked":["Run Through+1","Warcry","ReplayTheSpireMod:Strike From Hell+1"],"picked":"SKIP","floor":41.0},{"not_picked":["Intimidate+1","Power Through","Demon Form"],"picked":"SKIP","floor":41.0},{"not_picked":["Thunderclap+1","Twin Strike+1"],"picked":"Pommel Strike+1","floor":42.0},{"not_picked":["Twin Strike+1","Heavy Blade+1","Fire Breathing+1"],"picked":"SKIP","floor":45.0},{"not_picked":["Dual Wield+1","Flex+1","Clash+1"],"picked":"SKIP","floor":46.0},{"not_picked":["ReplayReversal+1","Thunderclap","Havoc"],"picked":"SKIP","floor":48.0},{"not_picked":["Barricade","Feed"],"picked":"Body Slam+1","floor":53},{"not_picked":["Replay:Undeath\u0027s Touch","Dark Embrace+1"],"picked":"Limit Break","floor":54}],"player_experience":1247226,"relics_obtained":[{"floor":5.0,"key":"testmod-ArcanaOfDestiny"},{"floor":5.0,"key":"Whetstone"},{"floor":6.0,"key":"DeathBook"},{"floor":8.0,"key":"ForgetMeNow"},{"floor":9.0,"key":"TheBean"},{"floor":10.0,"key":"Paper Frog"},{"floor":14.0,"key":"PokeGo"},{"floor":1.0,"key":"Bronze Scales"},{"floor":3.0,"key":"PillsDrop"},{"floor":3.0,"key":"MealTicket"},{"floor":8.0,"key":"Blue Doll"},{"floor":9.0,"key":"Anchor"},{"floor":9.0,"key":"Blue Candle"},{"floor":13.0,"key":"BloodDonationMachine"},{"floor":16.0,"key":"Durian"},{"floor":22.0,"key":"Simple Rune"},{"floor":24.0,"key":"testmod-LifeArmor"},{"floor":26.0,"key":"Snack Pack"},{"floor":26.0,"key":"DeadEye"},{"floor":27.0,"key":"Bottled Flame"},{"floor":27.0,"key":"testmod-Maize"},{"floor":33.0,"key":"testmod-Fortitude"},{"floor":41.0,"key":"Chameleon Ring"},{"floor":41.0,"key":"Shuriken"},{"floor":41.0,"key":"Replay:Bottled Steam"},{"floor":41.0,"key":"InkBottle"},{"floor":41.0,"key":"Replay:Rubber Ducky"},{"floor":41.0,"key":"Pen Nib"},{"floor":42.0,"key":"PunchingBag"},{"floor":43.0,"key":"testmod-IndustrialRevolution"},{"floor":45.0,"key":"Gremlin Food"},{"floor":46.0,"key":"King of Hearts"},{"floor":54,"key":"Boot"}],"event_choices":[{"damage_healed":0.0,"max_hp_gain":0.0,"max_hp_loss":0.0,"gold_gain":0.0,"event_name":"Shining Light","player_choice":"Entered Light","floor":2.0,"gold_loss":0.0,"damage_taken":17.0,"cards_upgraded":["BettingIsNotGood"]},{"cards_removed":["Strike_R"],"damage_healed":0.0,"max_hp_gain":0.0,"max_hp_loss":0.0,"gold_gain":0.0,"event_name":"Living Wall","player_choice":"Forget","floor":4.0,"gold_loss":0.0,"damage_taken":0.0},{"damage_healed":0.0,"max_hp_gain":0.0,"max_hp_loss":0.0,"gold_gain":0.0,"event_name":"HidenRoomEvent","player_choice":"Fight","floor":5.0,"gold_loss":0.0,"damage_taken":0.0},{"cards_removed":["Strike_R"],"damage_healed":0.0,"max_hp_gain":0.0,"max_hp_loss":0.0,"gold_gain":0.0,"event_name":"Golden Wing","player_choice":"Card Removal","floor":2.0,"gold_loss":0.0,"damage_taken":7.0},{"damage_healed":0.0,"max_hp_gain":0.0,"max_hp_loss":0.0,"gold_gain":0.0,"event_name":"HidenRoomEvent","player_choice":"Fight","floor":3.0,"gold_loss":0.0,"damage_taken":0.0},{"damage_healed":0.0,"max_hp_gain":0.0,"max_hp_loss":0.0,"gold_gain":275.0,"event_name":"Golden Shrine","player_choice":"Desecrate","floor":12.0,"gold_loss":0.0,"damage_taken":0.0,"cards_obtained":["Regret"]},{"damage_healed":0.0,"max_hp_gain":0.0,"max_hp_loss":0.0,"gold_gain":0.0,"event_name":"Duplicator","player_choice":"Copied","floor":37.0,"gold_loss":0.0,"damage_taken":0.0,"cards_obtained":["Inflame"]},{"cards_removed":["Pommel Strike"],"damage_healed":0.0,"max_hp_gain":0.0,"max_hp_loss":0.0,"gold_gain":0.0,"event_name":"Falling","player_choice":"Removed Attack","floor":47.0,"gold_loss":0.0,"damage_taken":0.0}],"is_beta":false,"boss_relics":[{"not_picked":["Ring of Chaos","Black Blood"],"picked":"Coffee Dripper"},{"not_picked":[]},{"not_picked":["Replay:Drink Me","ChampionBelt"],"picked":"testmod-NegativeEmotionEnhancer"},{"not_picked":[]}],"items_purged_floors":[14,17,20,28,30,32,39,40,44,49],"is_endless":false,"potions_floor_spawned":[1,6,8,11,5,8,10,13,18,19,21,29,35,42,45,48,54],"ascension_level":-20}}