{"host":"7m635teefjn47zxe","time":1613399197,"event":{"mods":["BaseMod","Colored Map","Minty Spire (QoL Compilation)","Permanent Neow","Relic Stats","StSLib","everything is the same but u backflip on backflip"],"gold_per_floor":[119,89,102,117,131,131,166,194,252,299,311,323,335,366,378,486,498,496,527,454,466,493,505,544,556,568,435,355,355,355,10,10,10,10],"floor_reached":33,"language":"ENG","playtime":1210,"items_purged":[],"score":448,"play_id":"de1692c6-2e96-4810-a7a8-fd6d1f6722b3","local_time":"20210215152637","is_ascension_mode":true,"campfire_choices":[{"data":"Wild Strike","floor":6,"key":"SMITH"},{"floor":13,"key":"REST"},{"data":"Clothesline","floor":15,"key":"SMITH"},{"data":"Wild Strike","floor":23,"key":"SMITH"},{"data":"Seeing Red","floor":25,"key":"SMITH"},{"data":"Feel No Pain","floor":30,"key":"SMITH"},{"floor":32,"key":"REST"}],"circlet_count":0,"master_deck":["AscendersBane","Strike_R","Strike_R","Strike_R","Strike_R","Strike_R","Defend_R","Defend_R","Defend_R","Defend_R","Bash+1","Wild Strike+1","Clothesline+1","Shrug It Off","Flame Barrier+1","Reaper","Ghostly Armor","Immolate","Evolve+1","Ghostly","Ghostly","Ghostly","Ghostly","Ghostly","Wild Strike+1","Seeing Red+1","Burning Pact","Feel No Pain+1","Feel No Pain","Warcry"],"relics":["Burning Blood","Oddly Smooth Stone","MawBank","Pen Nib","Bottled Lightning","Black Star","Bag of Preparation","Dead Branch","Nunchaku","Ice Cream","FossilizedHelix"],"acts_visited":["Exordium","TheCity"],"potions_floor_usage":[7,10,16,33],"damage_taken":[{"damage":20,"enemies":"Small Slimes","floor":1,"turns":4},{"damage":6,"enemies":"Cultist","floor":3,"turns":3},{"damage":0,"enemies":"2 Louse","floor":4,"turns":2},{"damage":13,"enemies":"Blue Slaver","floor":5,"turns":4},{"damage":21,"enemies":"Lagavulin","floor":7,"turns":8},{"damage":11,"enemies":"Exordium Wildlife","floor":8,"turns":4},{"damage":14,"enemies":"Gremlin Nob","floor":10,"turns":4},{"damage":0,"enemies":"2 Fungi Beasts","floor":14,"turns":6},{"damage":35,"enemies":"Hexaghost","floor":16,"turns":11},{"damage":27,"enemies":"2 Thieves","floor":18,"turns":4},{"damage":6,"enemies":"Chosen","floor":19,"turns":5},{"damage":23,"enemies":"Centurion and Healer","floor":22,"turns":8},{"damage":26,"enemies":"Slavers","floor":24,"turns":8},{"damage":50,"enemies":"Collector","floor":33,"turns":11}],"seed_played":"-156607788485191057","potions_obtained":[{"floor":1,"key":"SmokeBomb"},{"floor":2,"key":"HeartOfIron"},{"floor":3,"key":"SpeedPotion"},{"floor":7,"key":"Block Potion"},{"floor":14,"key":"Block Potion"}],"is_trial":false,"path_per_floor":["M","?","M","M","M","R","E","M","T","E","?","$","R","M","R","B",null,"M","M","?","?","M","R","E","R","T","$","$","?","R","$","R","B"],"character_chosen":"IRONCLAD","items_purchased":["Burning Pact","Feel No Pain","Feel No Pain","FossilizedHelix","Warcry"],"campfire_rested":2,"item_purchase_floors":[27,27,28,31,31],"current_hp_per_floor":[58,58,58,64,57,57,42,37,37,29,13,13,37,47,47,18,65,52,52,52,40,23,23,17,17,17,17,17,12,12,12,25,0,0],"gold":10,"neow_bonus":"RANDOM_COMMON_RELIC","is_daily":false,"chose_seed":false,"campfire_upgraded":5,"win_rate":0.0,"timestamp":1613399197,"path_taken":["M","?","M","?","M","R","E","M","T","E","?","$","R","M","R","BOSS","M","M","?","?","M","R","E","R","T","?","$","?","R","$","R","BOSS"],"items_purchased_type":["Card","Card","Card","Relic","Card"],"build_version":"2020-12-22","purchased_purges":0,"victory":false,"max_hp_per_floor":[80,80,80,80,80,80,80,80,80,80,80,80,80,80,80,80,80,80,80,80,40,40,40,40,40,40,40,40,45,45,45,45,45,45],"relic_stats":{"Nunchaku":[1],"counters":[14,82],"Dead Branch":[14],"Pen Nib":[7],"Black Star":1,"Bag of Preparation":[6],"MawBank":240,"obtain_stats":[{"Ice Cream":26,"Nunchaku":24,"Dead Branch":24,"Oddly Smooth Stone":0,"Pen Nib":9,"Black Star":17,"Bag of Preparation":20,"Bottled Lightning":10,"MawBank":7,"Burning Blood":0,"FossilizedHelix":31},{"Ice Cream":13,"Nunchaku":13,"Dead Branch":13,"Oddly Smooth Stone":0,"Pen Nib":6,"Black Star":9,"Bag of Preparation":11,"Bottled Lightning":7,"MawBank":5,"Burning Blood":0,"FossilizedHelix":13},{"Ice Cream":71,"Nunchaku":71,"Dead Branch":71,"Oddly Smooth Stone":0,"Pen Nib":25,"Black Star":46,"Bag of Preparation":55,"Bottled Lightning":29,"MawBank":21,"Burning Blood":0,"FossilizedHelix":71}],"Burning Blood":78},"card_choices":[{"not_picked":["Dual Wield","Metallicize"],"picked":"Wild Strike","floor":1},{"not_picked":["Metallicize","True Grit"],"picked":"Clothesline","floor":3},{"not_picked":["Intimidate","Warcry"],"picked":"Shrug It Off","floor":4},{"not_picked":["Havoc","Clothesline","Twin Strike"],"picked":"SKIP","floor":5},{"not_picked":["Iron Wave","Rage"],"picked":"Flame Barrier","floor":7},{"not_picked":["Heavy Blade","Uppercut","Body Slam"],"picked":"SKIP","floor":8},{"not_picked":["Headbutt","Perfected Strike"],"picked":"Reaper","floor":10},{"not_picked":["Perfected Strike","Entrench"],"picked":"Ghostly Armor","floor":14},{"not_picked":["Fiend Fire","Juggernaut"],"picked":"Immolate","floor":16},{"not_picked":["Burning Pact","Carnage","Dual Wield"],"picked":"SKIP","floor":18},{"not_picked":["Armaments","Cleave"],"picked":"Evolve+1","floor":19},{"not_picked":["Cleave","Clash"],"picked":"Wild Strike","floor":22},{"not_picked":["Armaments","Flex"],"picked":"Seeing Red","floor":24}],"player_experience":187343,"relics_obtained":[{"floor":7,"key":"MawBank"},{"floor":9,"key":"Pen Nib"},{"floor":10,"key":"Bottled Lightning"},{"floor":24,"key":"Dead Branch"},{"floor":24,"key":"Nunchaku"},{"floor":26,"key":"Ice Cream"}],"event_choices":[{"damage_healed":0,"gold_gain":0,"player_choice":"Bought 2 Potions","damage_taken":0,"max_hp_gain":0,"max_hp_loss":0,"event_name":"The Woman in Blue","floor":2,"gold_loss":0},{"damage_healed":0,"gold_gain":0,"player_choice":"Entered Light","damage_taken":16,"max_hp_gain":0,"max_hp_loss":0,"event_name":"Shining Light","floor":11,"gold_loss":0,"cards_upgraded":["Bash","Flame Barrier"]},{"damage_healed":0,"gold_gain":0,"player_choice":"Obtained Relic","damage_taken":0,"relics_obtained":["Bag of Preparation"],"max_hp_gain":0,"max_hp_loss":0,"event_name":"Addict","floor":20,"gold_loss":85},{"damage_healed":0,"gold_gain":0,"player_choice":"Became a Ghost","damage_taken":0,"max_hp_gain":0,"max_hp_loss":40,"event_name":"Ghosts","floor":21,"gold_loss":0,"cards_obtained":["Ghostly","Ghostly","Ghostly","Ghostly","Ghostly"]},{"damage_healed":0,"gold_gain":0,"player_choice":"Shed Blood","damage_taken":10,"max_hp_gain":5,"max_hp_loss":0,"event_name":"Forgotten Altar","floor":29,"gold_loss":0}],"is_beta":false,"boss_relics":[{"not_picked":["Runic Cube","Runic Dome"],"picked":"Black Star"}],"items_purged_floors":[],"is_endless":false,"potions_floor_spawned":[1,3,7,14],"killed_by":"Collector","ascension_level":11}}