{"host":"d8d3jqle49sogkjv","time":1613388634,"event":{"mods":["BaseMod","Colored Map","Colored Powertips","Minty Spire (QoL Compilation)","StSLib"],"gold_per_floor":[111,128,142,217,217,251,251,251,251,264,439,439,456,475,475,475,475],"floor_reached":16,"language":"ENG","playtime":762,"items_purged":[],"score":153,"play_id":"e17ebdff-67a7-48c4-80ab-a7e500f97c67","local_time":"20210215123034","is_ascension_mode":true,"campfire_choices":[{"data":"Neutralize","floor":8,"key":"SMITH"},{"data":"Dodge and Roll","floor":12,"key":"SMITH"},{"data":"Blade Dance","floor":15,"key":"SMITH"}],"circlet_count":0,"master_deck":["AscendersBane","Strike_G","Strike_G+1","Strike_G","Strike_G","Defend_G","Defend_G","Defend_G","Defend_G","Defend_G","Survivor","Neutralize+1","Poisoned Stab+1","Dodge and Roll+1","Footwork","Doubt","Blade Dance+1"],"relics":["Ring of the Snake","Eternal Feather","Singing Bowl"],"acts_visited":["Exordium"],"potions_floor_usage":[6,16,16,16],"damage_taken":[{"damage":0,"enemies":"Cultist","floor":1,"turns":4},{"damage":7,"enemies":"Small Slimes","floor":2,"turns":3},{"damage":0,"enemies":"2 Louse","floor":3,"turns":2},{"damage":19,"enemies":"3 Sentries","floor":6,"turns":15},{"damage":0,"enemies":"Large Slime","floor":10,"turns":9},{"damage":0,"enemies":"Blue Slaver","floor":13,"turns":5},{"damage":4,"enemies":"Lots of Slimes","floor":14,"turns":6},{"damage":46,"enemies":"Slime Boss","floor":16,"turns":12}],"seed_played":"4118948411815282350","potions_obtained":[{"floor":2,"key":"Block Potion"},{"floor":6,"key":"Weak Potion"},{"floor":10,"key":"Dexterity Potion"},{"floor":13,"key":"DuplicationPotion"}],"is_trial":false,"path_per_floor":["M","M","M","?","?","E","?","R","T","M","?","R","M","M","R","B"],"character_chosen":"THE_SILENT","items_purchased":[],"campfire_rested":0,"item_purchase_floors":[],"current_hp_per_floor":[63,56,56,45,31,12,12,21,21,23,23,32,32,30,39,0,0],"gold":475,"neow_bonus":"THREE_CARDS","is_daily":false,"chose_seed":false,"campfire_upgraded":3,"win_rate":0.0,"timestamp":1613388634,"path_taken":["M","M","M","?","?","E","?","R","T","M","?","R","M","M","R","BOSS"],"items_purchased_type":[],"build_version":"2020-12-22","purchased_purges":0,"victory":false,"max_hp_per_floor":[70,70,70,70,70,70,70,70,70,72,72,72,72,74,74,74,74],"card_choices":[{"not_picked":["Tactician","Endless Agony"],"picked":"Poisoned Stab","floor":0},{"not_picked":["Acrobatics","Deflect","Quick Slash"],"picked":"SKIP","floor":1},{"not_picked":["Poisoned Stab","Slice","Dagger Throw"],"picked":"SKIP","floor":2},{"not_picked":["Dagger Spray","Slice"],"picked":"Dodge and Roll","floor":3},{"not_picked":["Reflex","Outmaneuver"],"picked":"Footwork","floor":6},{"not_picked":["Bane","Distraction","Dagger Throw"],"picked":"Singing Bowl","floor":10},{"not_picked":["PiercingWail","Finisher"],"picked":"Blade Dance","floor":13},{"not_picked":["Riddle With Holes","Bane","Deflect"],"picked":"Singing Bowl","floor":14}],"player_experience":447792,"relics_obtained":[{"floor":6,"key":"Eternal Feather"},{"floor":9,"key":"Singing Bowl"}],"event_choices":[{"damage_healed":0,"gold_gain":75,"player_choice":"Gather Gold","damage_taken":11,"max_hp_gain":0,"max_hp_loss":0,"event_name":"World of Goop","floor":4,"gold_loss":0},{"damage_healed":0,"gold_gain":0,"player_choice":"Entered Light","damage_taken":14,"max_hp_gain":0,"max_hp_loss":0,"event_name":"Shining Light","floor":5,"gold_loss":0,"cards_upgraded":["Poisoned Stab","Strike_G"]},{"cards_removed":["Strike_G"],"damage_healed":0,"gold_gain":0,"player_choice":"Forget","damage_taken":0,"max_hp_gain":0,"max_hp_loss":0,"event_name":"Living Wall","floor":7,"gold_loss":0},{"damage_healed":0,"gold_gain":175,"player_choice":"AGREE","damage_taken":0,"max_hp_gain":0,"max_hp_loss":0,"event_name":"Liars Game","floor":11,"gold_loss":0,"cards_obtained":["Doubt"]}],"is_beta":false,"boss_relics":[],"items_purged_floors":[],"is_endless":false,"potions_floor_spawned":[2,6,10,13],"killed_by":"Slime Boss","ascension_level":10}}