{"host":"bgyhjzqafgkxdxsh","time":1613389141,"event":{"mods":["BaseMod","Colored Map","Minty Spire (QoL Compilation)","Relic Stats","StSLib","everything is the same but u backflip on backflip"],"gold_per_floor":[118,136,153,163,163,163,163,194,194,220,220,2,59,24,24,122,122,138,138,188,203,221,221,239,142,197,46,46,63,63,74,74,172,172,186,186,186,186],"floor_reached":37,"language":"ENG","playtime":1523,"items_purged":["Strike_P"],"score":512,"play_id":"1c93e369-e992-4a1c-8263-e331f960071d","local_time":"20210215213901","is_ascension_mode":true,"campfire_choices":[{"data":"WindmillStrike","floor":6.0,"key":"SMITH"},{"data":"MasterReality","floor":11,"key":"SMITH"},{"data":"Apotheosis","floor":15,"key":"SMITH"},{"floor":23,"key":"REST"},{"floor":28,"key":"REST"},{"data":"WaveOfTheHand","floor":30,"key":"SMITH"},{"data":"Ragnarok","floor":32,"key":"SMITH"}],"circlet_count":0,"master_deck":["Strike_P","Defend_P","Defend_P","Defend_P","Eruption","Vigilance","CutThroughFate","BattleHymn","WindmillStrike+1","MasterReality+1","EmptyBody","Apotheosis+1","Evaluate","Ragnarok+1","FlurryOfBlows+1","CrushJoints+1","JustLucky+1","WaveOfTheHand+1","Wallop+1","Protect","ThirdEye+1","Fasting2"],"relics":["Velvet Choker","Yang","Potion Belt","Question Card","Kunai","Bottled Flame","Astrolabe","Lantern","Regal Pillow","Fusion Hammer"],"acts_visited":["Exordium","TheCity","TheBeyond"],"potions_floor_usage":[21,22,29,31,33,33,37],"damage_taken":[{"damage":6.0,"enemies":"2 Louse","floor":1.0,"turns":2.0},{"damage":2.0,"enemies":"Jaw Worm","floor":2.0,"turns":4.0},{"damage":0.0,"enemies":"Small Slimes","floor":3.0,"turns":2.0},{"damage":2.0,"enemies":"2 Fungi Beasts","floor":4.0,"turns":4.0},{"damage":8,"enemies":"3 Sentries","floor":8,"turns":5},{"damage":25,"enemies":"Gremlin Nob","floor":10,"turns":4},{"damage":16,"enemies":"Gremlin Nob","floor":13,"turns":4},{"damage":0,"enemies":"Slime Boss","floor":16,"turns":4},{"damage":18,"enemies":"Shell Parasite","floor":18,"turns":4},{"damage":20,"enemies":"2 Thieves","floor":21,"turns":3},{"damage":0,"enemies":"Shelled Parasite and Fungi","floor":22,"turns":4},{"damage":13,"enemies":"Snecko","floor":24,"turns":5},{"damage":12,"enemies":"Chosen and Byrds","floor":29,"turns":5},{"damage":0,"enemies":"Snake Plant","floor":31,"turns":1},{"damage":26,"enemies":"Champ","floor":33,"turns":9},{"damage":26,"enemies":"3 Darklings","floor":35,"turns":5},{"damage":70,"enemies":"Awakened One","floor":37,"turns":3}],"seed_played":"88555010409747624","potions_obtained":[{"floor":1.0,"key":"BottledMiracle"},{"floor":16,"key":"StancePotion"},{"floor":21,"key":"DistilledChaos"},{"floor":22,"key":"Regen Potion"},{"floor":24,"key":"FearPotion"},{"floor":35,"key":"Block Potion"}],"is_trial":false,"path_per_floor":["M","M","M","M","?","R","T","E","T","E","R","$","?","?","R","B",null,"M","?","?","M","M","R","M","$","T","$","R","M","R","M","R","B",null,"M","?","B"],"character_chosen":"WATCHER","items_purchased":["Apotheosis","BlessingOfTheForge","Protect","Regal Pillow"],"campfire_rested":2,"item_purchase_floors":[12,12,25,27],"current_hp_per_floor":[66,64,64,62,62,62,62,54,54,29,29,29,13,31,31,31,72,54,41,41,21,21,44,31,31,31,31,69,71,71,71,71,45,77,51,51,0,0],"gold":186,"neow_bonus":"BOSS_RELIC","is_daily":false,"chose_seed":false,"campfire_upgraded":5,"win_rate":0.0,"timestamp":1613389141,"path_taken":["M","M","M","M","?","R","?","E","T","E","R","$","?","?","R","BOSS","M","?","?","?","M","R","M","?","T","?","R","M","R","M","R","BOSS","M","?","BOSS"],"items_purchased_type":["Card","Potion","Card","Relic"],"build_version":"2020-12-22","purchased_purges":1,"victory":false,"max_hp_per_floor":[72,72,72,72,72,72,72,72,72,72,72,72,72,72,72,72,72,72,77,77,77,77,77,77,77,77,77,77,77,77,77,77,77,77,77,77,77,77],"relic_stats":{"Regal Pillow":15,"counters":[17,68],"Astrolabe":["FlurryOfBlows","CrushJoints","JustLucky"],"Yang":[121],"Kunai":[17],"Question Card":11,"obtain_stats":[{"Potion Belt":8,"Bottled Flame":13,"Lantern":26,"Regal Pillow":27,"Astrolabe":17,"Velvet Choker":0,"Yang":7,"Fusion Hammer":34,"Kunai":10,"PureWater":0,"Question Card":9},{"Potion Belt":5,"Bottled Flame":7,"Lantern":12,"Regal Pillow":12,"Astrolabe":8,"Velvet Choker":0,"Yang":4,"Fusion Hammer":15,"Kunai":6,"PureWater":0,"Question Card":5},{"Potion Belt":17,"Bottled Flame":25,"Lantern":45,"Regal Pillow":45,"Astrolabe":29,"Velvet Choker":0,"Yang":12,"Fusion Hammer":60,"Kunai":21,"PureWater":0,"Question Card":17}]},"card_choices":[{"not_picked":["BattleHymn","FlyingSleeves"],"picked":"CutThroughFate","floor":1.0},{"not_picked":["Halt","InnerPeace"],"picked":"BattleHymn","floor":2.0},{"not_picked":["FlyingSleeves","BowlingBash"],"picked":"WindmillStrike","floor":3.0},{"not_picked":["ForeignInfluence","Study","Consecrate"],"picked":"SKIP","floor":4.0},{"not_picked":["Wireheading","Weave"],"picked":"MasterReality","floor":8},{"not_picked":["PathToVictory","ClearTheMind","Crescendo"],"picked":"EmptyBody","floor":10},{"not_picked":["EmptyFist","Protect","SashWhip"],"picked":"Evaluate","floor":13},{"not_picked":["Blasphemy","Vault","Wish"],"picked":"Ragnarok","floor":16},{"not_picked":["WheelKick","ClearTheMind+1","Vengeance","Swivel"],"picked":"SKIP","floor":18},{"not_picked":["EmptyFist","Consecrate","Protect"],"picked":"WaveOfTheHand","floor":21},{"not_picked":["JustLucky","WindmillStrike","BowlingBash+1"],"picked":"Wallop+1","floor":22},{"not_picked":["Swivel","Halt+1","Crescendo","ClearTheMind+1"],"picked":"SKIP","floor":24},{"not_picked":["ReachHeaven","FlurryOfBlows","EmptyMind+1","Halt"],"picked":"SKIP","floor":29},{"not_picked":["FearNoEvil","DeceiveReality","ForeignInfluence"],"picked":"ThirdEye+1","floor":31},{"not_picked":["FlurryOfBlows+1","FollowUp","FlyingSleeves+1"],"picked":"Fasting2","floor":35}],"player_experience":532955,"relics_obtained":[{"floor":7.0,"key":"Yang"},{"floor":8,"key":"Potion Belt"},{"floor":9,"key":"Question Card"},{"floor":10,"key":"Kunai"},{"floor":13,"key":"Bottled Flame"},{"floor":26,"key":"Lantern"}],"event_choices":[{"damage_healed":0.0,"max_hp_gain":0.0,"max_hp_loss":0.0,"gold_gain":0.0,"event_name":"Liars Game","player_choice":"Ignored","floor":5.0,"gold_loss":0.0,"damage_taken":0.0},{"damage_healed":0,"gold_gain":0,"player_choice":"Searched \u00271\u0027 times","damage_taken":0,"max_hp_gain":0,"max_hp_loss":0,"event_name":"Dead Adventurer","floor":13,"gold_loss":0},{"damage_healed":18,"gold_gain":0,"player_choice":"Healed","damage_taken":0,"max_hp_gain":0,"max_hp_loss":0,"event_name":"The Cleric","floor":14,"gold_loss":35},{"damage_healed":0,"gold_gain":0,"player_choice":"Shed Blood","damage_taken":18,"max_hp_gain":5,"max_hp_loss":0,"event_name":"Forgotten Altar","floor":19,"gold_loss":0},{"damage_healed":0,"gold_gain":100,"player_choice":"Bet on Murderer","damage_taken":0,"max_hp_gain":0,"max_hp_loss":0,"event_name":"The Joust","floor":20,"gold_loss":50},{"damage_healed":0,"gold_gain":0,"player_choice":"Took Portal","damage_taken":0,"max_hp_gain":0,"max_hp_loss":0,"event_name":"SecretPortal","floor":36,"gold_loss":0}],"is_beta":false,"boss_relics":[{"not_picked":["Philosopher\u0027s Stone","VioletLotus"],"picked":"Astrolabe"},{"not_picked":["Empty Cage","Black Star"],"picked":"Fusion Hammer"}],"items_purged_floors":[25],"is_endless":false,"potions_floor_spawned":[1,16,21,22,24,35],"killed_by":"Awakened One","ascension_level":4}}