{"host":"pjz3m1kifmtv24r2","time":1613368759,"event":{"mods":["2.2 Compatiblity","Aspiration","BaseMod","Bestiary","Better Altar","Better Match","Better Note","Better Sensory Stone","Better Skull","CCEM2","Colored Powertips","Conspire","Dark Map","Displayed Cursed Tome","Downfall","Fox Events","GifTheSpireLib","Halation","Highlight Path","Hubris","Jedi Mod","Mimic Mod","Minty Spire (QoL Compilation)","Quick Restart","RatMod","Relic Sorter","Reliquary","Replay The Spire","Small Relic Pack","Spicy Shops","Spikes Relics","Spire Arcade","StS++","StSLib","Stuff the Spire","The Blue Laboratory","The Runesmith","Trackpad","Wandering Minibosses"],"gold_per_floor":[116,61,61,61,6,6,6,6,6,6,6,6,6,6,6,6,6],"floor_reached":16,"language":"ENG","playtime":1060,"items_purged":[],"score":145,"play_id":"091ca932-f451-44aa-92c9-06fdd592492f","local_time":"20210215005919","is_ascension_mode":false,"campfire_choices":[{"data":"jedi:controlledanger","floor":8,"key":"SMITH"},{"floor":15,"key":"REST"}],"circlet_count":0,"master_deck":["Strike_R","Strike_R","Strike_R","Strike_R","Defend_R","Defend_R","Defend_R","Defend_R","Bash","jedi:controlledanger+1","jedi:hate","Shrug It Off","Replay:Undeath\u0027s Touch","Pommel Strike","Invigoration","Armaments","Anger","Anger"],"relics":["Burning Blood","NeowsBlessing","jedi:ominousloannote","halation:Jellyphish","CCEMRelics:SoftDrink","trackpad:CultistFigurine","Tiny Chest","jedi:arcanewood","Pondfish Scales","hubris:Backtick","trackpad:BottledAnger","rat:PhantomDancer","Gremlin Food"],"acts_visited":["Exordium"],"potions_floor_usage":[16],"damage_taken":[{"damage":0,"enemies":"Jaw Worm","floor":1,"turns":1},{"damage":0,"enemies":"Cultist","floor":3,"turns":1},{"damage":0,"enemies":"3 Sentries","floor":6,"turns":1},{"damage":5,"enemies":"Small Slimes","floor":7,"turns":3},{"damage":24,"enemies":"Exordium Thugs","floor":10,"turns":5},{"damage":20,"enemies":"Gremlin Nob","floor":11,"turns":4},{"damage":45,"enemies":"Lagavulin","floor":13,"turns":7},{"damage":8,"enemies":"Red Slaver","floor":14,"turns":2},{"damage":43,"enemies":"Fading Forest","floor":16,"turns":9}],"seed_played":"-8284074635951630588","potions_obtained":[{"floor":6,"key":"blueLaboratory:CorrosionFlask"},{"floor":11,"key":"blueLaboratory:TrueEctoplasm"}],"is_trial":false,"path_per_floor":["M","$","M","?","?","E","M","R","T","M","E","M","E","M","R","B"],"character_chosen":"IRONCLAD","items_purchased":["jedi:ominousloannote","jedi:hate","halation:Jellyphish","Shrug It Off","CCEMRelics:SoftDrink"],"campfire_rested":1,"item_purchase_floors":[2,2,2,2,2],"current_hp_per_floor":[80,80,80,73,73,79,80,80,80,62,48,48,9,7,31,0,0],"gold":6,"neow_bonus":"THREE_ENEMY_KILL","is_daily":false,"chose_seed":false,"campfire_upgraded":1,"win_rate":0.0,"timestamp":1613368759,"path_taken":["M","$","M","?","?","E","M","R","T","?","E","M","E","M","R","BOSS"],"items_purchased_type":["Relic","Card","Relic","Card","Relic"],"build_version":"2020-12-22","purchased_purges":0,"victory":false,"max_hp_per_floor":[80,80,80,80,80,80,80,80,80,80,80,80,80,80,80,80,80],"card_choices":[{"not_picked":["StSpp:Sprint","Replay:Undeath\u0027s Touch"],"picked":"jedi:controlledanger","floor":1},{"not_picked":["Entrench","Searing Blow"],"picked":"Replay:Undeath\u0027s Touch","floor":3},{"not_picked":["Whirlwind","StuffTheSpire:RockThrow","Havoc"],"picked":"SKIP","floor":6},{"not_picked":["Perfected Strike","hubris:ReadiedAction"],"picked":"Pommel Strike","floor":7},{"not_picked":["Warcry","Havoc"],"picked":"Invigoration","floor":10},{"not_picked":["Shockwave","Bludgeon"],"picked":"Armaments","floor":11},{"not_picked":["Anger","StuffTheSpire:Slingshot","Flex"],"picked":"Anger","floor":13},{"not_picked":["Warcry","Clash","hubris:ReadiedAction"],"picked":"Anger","floor":14}],"player_experience":110986,"relics_obtained":[{"floor":6,"key":"Tiny Chest"},{"floor":9,"key":"jedi:arcanewood"},{"floor":11,"key":"Pondfish Scales"},{"floor":13,"key":"rat:PhantomDancer"}],"event_choices":[{"cards_removed":["Strike_R"],"damage_healed":0,"gold_gain":0,"player_choice":"Card Removal","damage_taken":7,"max_hp_gain":0,"max_hp_loss":0,"event_name":"Golden Wing","floor":4,"gold_loss":0},{"damage_healed":0,"gold_gain":0,"player_choice":"Paid Gold","damage_taken":0,"relics_obtained":["trackpad:CultistFigurine"],"max_hp_gain":0,"max_hp_loss":0,"event_name":"WeMeetAgain","floor":5,"gold_loss":55}],"is_beta":false,"boss_relics":[],"items_purged_floors":[],"is_endless":false,"potions_floor_spawned":[6,11],"killed_by":"Fading Forest","ascension_level":0}}