{"host":"vlqej45p0v31lhdi","time":1613426210,"event":{"mods":["AchievementEnabler","BaseMod","Bestiary","Colored Powertips","Minty Spire (QoL Compilation)","Relic Stats"],"gold_per_floor":[118,118,83,83,99,99,109,18,18,45,45,45,78,106,106,202,202,219,68,80,91,106,106,136,136,218,233,233,233,252,252,252],"floor_reached":31,"language":"ENG","playtime":1374,"items_purged":[],"score":417,"play_id":"45767c61-e685-4cb3-afde-3125eb6fc48c","local_time":"20210215155650","is_ascension_mode":true,"campfire_choices":[{"data":"Zap","floor":6.0,"key":"SMITH"},{"data":"Defragment","floor":11,"key":"SMITH"},{"data":"Capacitor","floor":12,"key":"SMITH"},{"data":"Consume","floor":15,"key":"SMITH"},{"floor":23,"key":"REST"},{"data":"Darkness","floor":25,"key":"SMITH"},{"floor":28,"key":"REST"},{"data":"Dualcast","floor":29,"key":"SMITH"}],"circlet_count":0,"master_deck":["Strike_B","Strike_B","Strike_B","Defend_B","Defend_B","Defend_B","Defend_B","Zap+1","Dualcast+1","Barrage","Ball Lightning","Capacitor+1","Defragment+1","Coolheaded","Glacier","Consume+1","Heatsinks","Echo Form","Fusion","Echo Form","Redo+1","Darkness+1","Regret","Sweeping Beam","All For One"],"relics":["Cracked Core","NeowsBlessing","Sundial","Blood Vial","WingedGreaves","Centennial Puzzle","Regal Pillow","Cursed Key","Runic Capacitor","Du-Vu Doll","Cables"],"acts_visited":["Exordium","TheCity"],"potions_floor_usage":[10,16,24,24,24,31],"damage_taken":[{"damage":0.0,"enemies":"2 Louse","floor":1.0,"turns":1.0},{"damage":0.0,"enemies":"Small Slimes","floor":5.0,"turns":1.0},{"damage":0.0,"enemies":"Cultist","floor":7.0,"turns":1.0},{"damage":23,"enemies":"Gremlin Nob","floor":10,"turns":4},{"damage":10,"enemies":"3 Sentries","floor":13,"turns":6},{"damage":0,"enemies":"Lagavulin","floor":14,"turns":6},{"damage":16,"enemies":"Slime Boss","floor":16,"turns":7},{"damage":2,"enemies":"3 Byrds","floor":18,"turns":5},{"damage":19,"enemies":"2 Thieves","floor":20,"turns":5},{"damage":20,"enemies":"Shelled Parasite and Fungi","floor":21,"turns":6},{"damage":0,"enemies":"Snecko","floor":22,"turns":5},{"damage":31,"enemies":"Gremlin Leader","floor":24,"turns":5},{"damage":27,"enemies":"Snake Plant","floor":27,"turns":4},{"damage":16,"enemies":"Cultist and Chosen","floor":30,"turns":5},{"damage":39,"enemies":"Slavers","floor":31,"turns":1}],"seed_played":"2542243862906706077","potions_obtained":[{"floor":7.0,"key":"Energy Potion"},{"floor":14,"key":"Weak Potion"},{"floor":16,"key":"ColorlessPotion"},{"floor":18,"key":"EssenceOfDarkness"},{"floor":22,"key":"FearPotion"},{"floor":27,"key":"Swift Potion"}],"is_trial":false,"path_per_floor":["M","?","?","?","M","R","M","$","T","E","R","R","E","E","R","B",null,"M","$","M","M","M","R","E","R","T","M","R","R","M","E"],"character_chosen":"DEFECT","items_purchased":["Defragment","Coolheaded","Runic Capacitor"],"campfire_rested":2,"item_purchase_floors":[8,8,19],"current_hp_per_floor":[68,50,68,68,68,68,68,68,68,47,47,47,39,41,41,27,63,63,63,46,28,30,67,38,38,38,13,50,50,36,0,0],"gold":252,"neow_bonus":"THREE_ENEMY_KILL","is_daily":false,"chose_seed":false,"campfire_upgraded":6,"win_rate":0.0,"timestamp":1613426210,"path_taken":["M","?","?","?","M","R","?","?","T","E","R","R","E","E","R","BOSS","M","$","M","M","M","R","E","R","T","M","R","R","M","E"],"items_purchased_type":["Card","Card","Relic"],"build_version":"2020-12-22","purchased_purges":0,"victory":false,"max_hp_per_floor":[75,75,75,75,75,75,75,75,75,75,75,75,75,75,75,75,75,75,75,75,75,75,75,75,75,75,75,75,75,75,75,75],"relic_stats":{"Blood Vial":24,"Centennial Puzzle":[24],"Regal Pillow":30,"counters":[15,62],"Sundial":[10],"Cursed Key":1,"obtain_stats":[{"Blood Vial":9,"Du-Vu Doll":24,"Centennial Puzzle":13,"Regal Pillow":14,"NeowsBlessing":0,"Sundial":2,"WingedGreaves":10,"Runic Capacitor":19,"Cracked Core":0,"Cursed Key":17,"Cables":26},{"Blood Vial":3,"Du-Vu Doll":12,"Centennial Puzzle":5,"Regal Pillow":6,"NeowsBlessing":0,"Sundial":1,"WingedGreaves":4,"Runic Capacitor":8,"Cracked Core":0,"Cursed Key":7,"Cables":12},{"Blood Vial":3,"Du-Vu Doll":52,"Centennial Puzzle":13,"Regal Pillow":19,"NeowsBlessing":0,"Sundial":1,"WingedGreaves":7,"Runic Capacitor":31,"Cracked Core":0,"Cursed Key":26,"Cables":52}],"Cables":[9,6,2,1,0]},"card_choices":[{"not_picked":["Go for the Eyes","Leap"],"picked":"Barrage","floor":1.0},{"not_picked":["Scrape","Compile Driver"],"picked":"Ball Lightning","floor":5.0},{"not_picked":["Compile Driver","Turbo"],"picked":"Capacitor","floor":7.0},{"not_picked":["Hologram","Cold Snap"],"picked":"Glacier","floor":10},{"not_picked":["Leap","Melter"],"picked":"Consume","floor":13},{"not_picked":["Doom and Gloom","Cold Snap"],"picked":"Heatsinks","floor":14},{"not_picked":["Seek","Amplify"],"picked":"Echo Form","floor":16},{"not_picked":["Rebound","Stack+1"],"picked":"Fusion","floor":18},{"not_picked":["Stack","Redo+1"],"picked":"Echo Form","floor":20},{"not_picked":["Go for the Eyes","Steam+1"],"picked":"Redo+1","floor":21},{"not_picked":["Leap","Coolheaded"],"picked":"Darkness","floor":22},{"not_picked":["Redo","Hello World","Gash+1"],"picked":"SKIP","floor":24},{"not_picked":["Hologram","Streamline"],"picked":"Sweeping Beam","floor":27},{"not_picked":["Beam Cell","Auto Shields"],"picked":"All For One","floor":30}],"player_experience":2910520,"relics_obtained":[{"floor":9.0,"key":"Blood Vial"},{"floor":10,"key":"WingedGreaves"},{"floor":13,"key":"Centennial Puzzle"},{"floor":14,"key":"Regal Pillow"},{"floor":24,"key":"Du-Vu Doll"},{"floor":26,"key":"Cables"}],"event_choices":[{"damage_healed":0.0,"max_hp_gain":0.0,"max_hp_loss":0.0,"gold_gain":0.0,"event_name":"Scrap Ooze","player_choice":"Success","floor":2.0,"gold_loss":0.0,"damage_taken":18.0,"relics_obtained":["Sundial"]},{"damage_healed":18.0,"max_hp_gain":0.0,"max_hp_loss":0.0,"gold_gain":0.0,"event_name":"The Cleric","player_choice":"Healed","floor":3.0,"gold_loss":35.0,"damage_taken":0.0},{"cards_removed":["Strike_B"],"damage_healed":0.0,"max_hp_gain":0.0,"max_hp_loss":0.0,"gold_gain":0.0,"event_name":"Purifier","player_choice":"Purged","floor":4.0,"gold_loss":0.0,"damage_taken":0.0}],"is_beta":false,"boss_relics":[{"not_picked":["Black Star","Pandora\u0027s Box"],"picked":"Cursed Key"}],"items_purged_floors":[],"is_endless":false,"potions_floor_spawned":[7,14,16,18,22,27],"killed_by":"Slavers","ascension_level":8}}