{"host":"5inz41fcnifmg6v2","time":1613363671,"event":{"mods":["BaseMod","Downfall","Minty Spire (QoL Compilation)","Reliquary","Replay The Spire","StSLib"],"gold_per_floor":[119,23,298,311,322,347,361,372,395,395,495,200,230,246,246,345,345,362,362,362,382,399,430,430,458,484,484,484],"floor_reached":27,"language":"ZHS","playtime":1554,"items_purged":["Regret"],"score":289,"play_id":"b0170e52-8499-440e-af24-c55bdc50b130","local_time":"20210215123431","is_ascension_mode":true,"campfire_choices":[{"floor":10,"key":"RECALL"},{"floor":15,"key":"REST"},{"floor":24,"key":"REST"}],"circlet_count":0,"master_deck":["Strike_R","Strike_R","Strike_R","Strike_R","Strike_R","Defend_R","Defend_R","Defend_R","Defend_R","Bash","Perfected Strike","Twin Strike","Perfected Strike","Replay:Undeath\u0027s Touch","Flex","Perfected Strike","Infernal Blade","Anger","Fiend Fire","Rampage","Limit Break","ReplayTheSpireMod:Corrosion Curse","Clash+1","Anger","Shrug It Off+1","Bloodletting"],"relics":["Burning Blood","NeowsBlessing","Shuriken","reliquary:Stiletto","HandDrill","ReplayFunnel","Philosopher\u0027s Stone","Happy Flower","ReplayTheSpireMod:Spearhead","Anchor"],"acts_visited":["Exordium","TheCity"],"potions_floor_usage":[2,25],"damage_taken":[{"damage":0,"enemies":"Small Slimes","floor":1,"turns":1},{"damage":0,"enemies":"Cultist","floor":4,"turns":1},{"damage":0,"enemies":"2 Louse","floor":5,"turns":1},{"damage":12,"enemies":"Replay:BlueRogue","floor":6,"turns":4},{"damage":12,"enemies":"Red Slaver","floor":7,"turns":4},{"damage":13,"enemies":"Looter","floor":8,"turns":3},{"damage":31,"enemies":"3 Sentries","floor":13,"turns":5},{"damage":17,"enemies":"Lots of Slimes","floor":14,"turns":4},{"damage":48,"enemies":"Slime Boss","floor":16,"turns":6},{"damage":28,"enemies":"2 Thieves","floor":18,"turns":3},{"damage":24,"enemies":"Shell Parasite","floor":21,"turns":3},{"damage":0,"enemies":"Snake Plant","floor":22,"turns":2},{"damage":29,"enemies":"Replay:Snechameleon","floor":23,"turns":4},{"damage":38,"enemies":"Slavers","floor":25,"turns":4},{"damage":22,"enemies":"Centurion and Healer","floor":27,"turns":3}],"seed_played":"7689690267183891143","potions_obtained":[{"floor":6,"key":"Elixir"},{"floor":8,"key":"GamblersBrew"},{"floor":14,"key":"Milkshake"},{"floor":21,"key":"Slimebound:ThreeZeroPotion"}],"is_trial":false,"path_per_floor":["M","$","?","M","M","E","M","M","T","R","?","$","E","M","R","B",null,"M","T","?","M","M","E","R","E","T","M"],"character_chosen":"IRONCLAD","items_purchased":["Fruit Juice","HandDrill","Infernal Blade"],"campfire_rested":2,"item_purchase_floors":[2,12,12],"current_hp_per_floor":[80,85,85,85,85,79,73,66,66,66,66,66,41,30,55,13,85,63,63,63,45,51,28,53,21,21,0,0],"gold":484,"neow_bonus":"THREE_ENEMY_KILL","is_daily":false,"chose_seed":false,"campfire_upgraded":0,"win_rate":0.0,"timestamp":1613363671,"path_taken":["M","$","?","?","M","E","M","M","T","R","?","$","E","M","R","BOSS","M","?","?","M","M","E","R","E","T","?"],"items_purchased_type":["Potion","Relic","Card"],"build_version":"2020-12-22","purchased_purges":1,"victory":false,"max_hp_per_floor":[80,85,85,85,85,85,85,85,85,85,85,85,85,85,85,85,85,85,85,85,85,85,85,85,85,85,85,85],"card_choices":[{"not_picked":["Run Through","Thunderclap"],"picked":"Perfected Strike","floor":1},{"not_picked":["Shrug It Off","ReplayReversal"],"picked":"Twin Strike","floor":4},{"not_picked":["Run Through","Sentinel"],"picked":"Perfected Strike","floor":5},{"not_picked":["Abandon","Demonic Infusion"],"picked":"Replay:Undeath\u0027s Touch","floor":6},{"not_picked":["Run Through","Warcry"],"picked":"Flex","floor":7},{"not_picked":["Heavy Blade","Headbutt"],"picked":"Perfected Strike","floor":8},{"not_picked":["Blood for Blood","Thunderclap"],"picked":"Anger","floor":13},{"not_picked":["Uppercut","Wild Strike","Havoc"],"picked":"SKIP","floor":14},{"not_picked":["Hemogenesis","Exhume"],"picked":"Fiend Fire","floor":16},{"not_picked":["Wild Strike","Infernal Blade"],"picked":"Rampage","floor":18},{"not_picked":["Bloodletting","Searing Blow+1"],"picked":"Clash+1","floor":21},{"not_picked":["Rampage","Shrug It Off+1"],"picked":"Anger","floor":22},{"not_picked":["Thunderclap+1","Life Link+1"],"picked":"Shrug It Off+1","floor":23},{"not_picked":["ReplayTheSpireMod:Corrosion Curse","Infernal Blade"],"picked":"Bloodletting","floor":25}],"player_experience":99334,"relics_obtained":[{"floor":6,"key":"Shuriken"},{"floor":9,"key":"reliquary:Stiletto"},{"floor":13,"key":"ReplayFunnel"},{"floor":23,"key":"Happy Flower"},{"floor":25,"key":"ReplayTheSpireMod:Spearhead"},{"floor":26,"key":"Anchor"}],"event_choices":[{"damage_healed":0,"gold_gain":275,"player_choice":"Desecrate","damage_taken":0,"max_hp_gain":0,"max_hp_loss":0,"event_name":"Golden Shrine","floor":3,"gold_loss":0,"cards_obtained":["Regret"]},{"damage_healed":0,"gold_gain":100,"player_choice":"Gold","damage_taken":0,"max_hp_gain":0,"max_hp_loss":0,"event_name":"Wheel of Change","floor":11,"gold_loss":0},{"damage_healed":0,"gold_gain":0,"player_choice":"2 cards matched","damage_taken":0,"max_hp_gain":0,"max_hp_loss":0,"event_name":"Match and Keep!","floor":20,"gold_loss":0,"cards_obtained":["Limit Break","ReplayTheSpireMod:Corrosion Curse"]}],"is_beta":false,"boss_relics":[{"not_picked":["Runic Dome","reliquary:RedCape"],"picked":"Philosopher\u0027s Stone"}],"items_purged_floors":[12],"is_endless":false,"potions_floor_spawned":[6,8,14,16,21],"killed_by":"Centurion and Healer","ascension_level":2}}