{"host":"2no1vwhhkhf0ohz3","time":1613387700,"event":{"mods":["AchievementEnabler","BaseMod","Colored Map","DeckTracker","Keyboard Shortcuts","Minty Spire (QoL Compilation)","SuperFastMode"],"gold_per_floor":[109,284,155,165,184,184,209,228,309,309,329,329,363,377,377,479,479,499,515,515,526,625,625,643,643,643,643,643,656,656,656],"floor_reached":30,"language":"KOR","playtime":614,"items_purged":["Doubt"],"score":363,"play_id":"67fc9b4f-77fd-400c-a608-7be48dbe60de","local_time":"20210215201500","is_ascension_mode":true,"campfire_choices":[{"data":"Carnage","floor":6,"key":"SMITH"},{"data":"Perfected Strike","floor":10,"key":"SMITH"},{"data":"Berserk","floor":15,"key":"SMITH"},{"data":"Body Slam","floor":23,"key":"SMITH"},{"data":"Fiend Fire","floor":25,"key":"SMITH"},{"data":"Pommel Strike","floor":28,"key":"SMITH"}],"circlet_count":0,"master_deck":["AscendersBane","Strike_R","Strike_R","Strike_R","Strike_R","Strike_R","Defend_R","Defend_R","Defend_R","Defend_R","Bash","Flame Barrier","Body Slam+1","Carnage+1","Shrug It Off","Perfected Strike+1","Pommel Strike+1","Berserk+1","Second Wind","Fiend Fire+1","Evolve"],"relics":["Burning Blood","NeowsBlessing","Lizard Tail","Meat on the Bone","Pen Nib","Potion Belt","Sozu","InkBottle"],"acts_visited":["Exordium","TheCity"],"potions_floor_usage":[16,16,30],"damage_taken":[{"damage":0.0,"enemies":"Small Slimes","floor":1.0,"turns":1.0},{"damage":0,"enemies":"2 Louse","floor":4,"turns":1},{"damage":0,"enemies":"Jaw Worm","floor":5,"turns":1},{"damage":22,"enemies":"3 Sentries","floor":7,"turns":9},{"damage":0,"enemies":"Large Slime","floor":8,"turns":4},{"damage":8,"enemies":"Blue Slaver","floor":11,"turns":3},{"damage":44,"enemies":"Lagavulin","floor":13,"turns":7},{"damage":0,"enemies":"2 Fungi Beasts","floor":14,"turns":2},{"damage":49,"enemies":"The Guardian","floor":16,"turns":10},{"damage":1,"enemies":"Spheric Guardian","floor":18,"turns":3},{"damage":12,"enemies":"Chosen","floor":19,"turns":3},{"damage":51,"enemies":"Shelled Parasite and Fungi","floor":21,"turns":5},{"damage":0,"enemies":"Snecko","floor":24,"turns":2},{"damage":23,"enemies":"Chosen and Byrds","floor":29,"turns":5},{"damage":48,"enemies":"Book of Stabbing","floor":30,"turns":4}],"seed_played":"-6764023554983190739","potions_obtained":[{"floor":1.0,"key":"Ancient Potion"},{"floor":7,"key":"SmokeBomb"},{"floor":13,"key":"Strength Potion"},{"floor":16,"key":"Fire Potion"}],"is_trial":false,"path_per_floor":["M","?","$","M","M","R","E","M","T","R","M","?","E","M","R","B",null,"M","M","$","M","?","R","M","R","T","?","R","M","E"],"character_chosen":"IRONCLAD","items_purchased":["Body Slam"],"campfire_rested":0,"item_purchase_floors":[3],"current_hp_per_floor":[78,78,78,80,80,80,64,70,70,70,68,56,30,48,48,58,75,80,74,74,41,41,41,47,47,47,47,47,42,0,0],"gold":656,"neow_bonus":"THREE_ENEMY_KILL","is_daily":false,"chose_seed":false,"campfire_upgraded":6,"win_rate":0.0,"timestamp":1613387700,"path_taken":["M","?","$","M","M","R","E","M","T","R","M","?","E","M","R","BOSS","M","M","$","M","?","R","M","R","T","?","R","M","E"],"items_purchased_type":["Card"],"build_version":"2020-12-22","purchased_purges":1,"victory":false,"max_hp_per_floor":[80,80,80,80,80,80,80,80,80,80,80,80,80,80,80,80,80,80,80,80,80,80,80,80,80,80,80,80,80,80,80],"card_choices":[{"not_picked":["Clash","Sword Boomerang"],"picked":"Flame Barrier","floor":1.0},{"not_picked":["Heavy Blade","Sentinel"],"picked":"Carnage","floor":4},{"not_picked":["Infernal Blade","Thunderclap"],"picked":"Shrug It Off","floor":5},{"not_picked":["Clash","Thunderclap"],"picked":"Perfected Strike","floor":7},{"not_picked":["Intimidate","Bloodletting"],"picked":"Pommel Strike","floor":8},{"not_picked":["Feel No Pain","Hemokinesis"],"picked":"Berserk","floor":11},{"not_picked":["Shrug It Off","Clash","Burning Pact"],"picked":"SKIP","floor":13},{"not_picked":["Infernal Blade","Warcry"],"picked":"Second Wind","floor":14},{"not_picked":["Brutality","Limit Break"],"picked":"Fiend Fire","floor":16},{"not_picked":["Clash","Havoc","Armaments"],"picked":"SKIP","floor":18},{"not_picked":["Sentinel","Rupture+1","Blood for Blood"],"picked":"SKIP","floor":19},{"not_picked":["Iron Wave+1","Reckless Charge","Searing Blow"],"picked":"SKIP","floor":21},{"not_picked":["Havoc","Armaments+1","Sword Boomerang+1"],"picked":"SKIP","floor":24},{"not_picked":["Sword Boomerang","Sentinel"],"picked":"Evolve","floor":29}],"player_experience":303460,"relics_obtained":[{"floor":7,"key":"Lizard Tail"},{"floor":9,"key":"Meat on the Bone"},{"floor":13,"key":"Potion Belt"},{"floor":26,"key":"InkBottle"}],"event_choices":[{"damage_healed":0,"gold_gain":175,"player_choice":"AGREE","damage_taken":0,"max_hp_gain":0,"max_hp_loss":0,"event_name":"Liars Game","floor":2,"gold_loss":0,"cards_obtained":["Doubt"]},{"damage_healed":0,"gold_gain":0,"player_choice":"Success","damage_taken":12,"relics_obtained":["Pen Nib"],"max_hp_gain":0,"max_hp_loss":0,"event_name":"Scrap Ooze","floor":12,"gold_loss":0},{"damage_healed":0,"gold_gain":99,"player_choice":"Stole From Cult","damage_taken":0,"max_hp_gain":0,"max_hp_loss":0,"event_name":"Nest","floor":22,"gold_loss":0},{"damage_healed":0,"gold_gain":0,"player_choice":"Ignored","damage_taken":0,"max_hp_gain":0,"max_hp_loss":0,"event_name":"Vampires","floor":27,"gold_loss":0}],"is_beta":false,"boss_relics":[{"not_picked":["Black Blood","Black Star"],"picked":"Sozu"}],"items_purged_floors":[3],"is_endless":false,"potions_floor_spawned":[1,7,13,16,21,29],"killed_by":"Book of Stabbing","ascension_level":10}}