{"host":"2mb887pelv9ua2b0","time":1613417295,"event":{"mods":["AchievementEnabler","BaseMod","Colored Map","Keyboard Shortcuts","Minty Spire (QoL Compilation)","Quick Restart","Relic Stats","StSLib","SuperFastMode","everything is the same but u backflip on backflip"],"gold_per_floor":[115,135,2,2,77,110,110,110,162,162,197,221,245,266,266,357,357,312,336,336,42,67,103,121,165,465,465,465],"floor_reached":27,"language":"KOR","playtime":697,"items_purged":["Strike_R"],"score":726,"play_id":"623de08d-63ba-4eed-aea1-f0075da9308e","local_time":"20210216042815","is_ascension_mode":true,"campfire_choices":[{"data":"Body Slam","floor":8.0,"key":"SMITH"},{"data":"Bash","floor":10.0,"key":"SMITH"},{"data":"Shrug It Off","floor":15.0,"key":"SMITH"}],"circlet_count":0,"master_deck":["AscendersBane","Strike_R","Strike_R","Strike_R+1","Defend_R","Defend_R","Defend_R","Defend_R","Bash+1","Burning Pact+1","Body Slam+1","Pommel Strike","Shockwave","Warcry","Barricade","Shrug It Off+1","Shrug It Off","Entrench"],"relics":["Burning Blood","NeowsBlessing","Blue Candle","Golden Idol","Boot","HornCleat","Runic Pyramid","Sundial","Pear","Pen Nib","Old Coin"],"acts_visited":["TheCity"],"potions_floor_usage":[],"damage_taken":[{"damage":0.0,"enemies":"Jaw Worm","floor":1.0,"turns":1.0},{"damage":0.0,"enemies":"Small Slimes","floor":2.0,"turns":1.0},{"damage":0.0,"enemies":"Gremlin Nob","floor":6.0,"turns":1.0},{"damage":44.0,"enemies":"Lagavulin","floor":11.0,"turns":8.0},{"damage":0.0,"enemies":"Cultist","floor":12.0,"turns":3.0},{"damage":6.0,"enemies":"Large Slime","floor":13.0,"turns":7.0},{"damage":0.0,"enemies":"2 Fungi Beasts","floor":14.0,"turns":4.0},{"damage":0.0,"enemies":"The Guardian","floor":16.0,"turns":7.0},{"damage":11.0,"enemies":"2 Thieves","floor":18.0,"turns":5.0},{"damage":7.0,"enemies":"Chosen","floor":19.0,"turns":6.0},{"damage":0.0,"enemies":"Snecko","floor":22.0,"turns":5.0},{"damage":32.0,"enemies":"Slavers","floor":23.0,"turns":9.0},{"damage":18.0,"enemies":"Snake Plant","floor":24.0,"turns":6.0},{"damage":13.0,"enemies":"Gremlin Leader","floor":25.0,"turns":6.0},{"damage":10,"enemies":"Book of Stabbing","floor":27,"turns":4}],"seed_played":"7768614931331735502","potions_obtained":[{"floor":6.0,"key":"Dexterity Potion"},{"floor":14.0,"key":"LiquidMemories"},{"floor":16.0,"key":"SpeedPotion"},{"floor":18.0,"key":"BlessingOfTheForge"},{"floor":24.0,"key":"CultistPotion"}],"is_trial":false,"path_per_floor":["M","M","$","?","?","E","?","R","T","R","E","M","M","M","R","B",null,"M","M","?","$","M","E","M","E","T","E"],"character_chosen":"IRONCLAD","items_purchased":["Pommel Strike","Sundial","Shrug It Off"],"campfire_rested":0,"item_purchase_floors":[3,21,21],"current_hp_per_floor":[74,75,75,52,41,47,47,47,47,47,9,15,15,21,21,27,58,53,52,52,52,58,42,30,23,23,13,13],"gold":465,"neow_bonus":"THREE_ENEMY_KILL","is_daily":false,"chose_seed":false,"campfire_upgraded":3,"win_rate":0.0,"timestamp":1613417295,"path_taken":["M","M","$","?","?","E","?","R","T","R","E","M","M","M","R","BOSS","M","M","?","$","?","E","M","E","T","E"],"items_purchased_type":["Card","Relic","Card"],"build_version":"2020-12-22","purchased_purges":1,"victory":false,"max_hp_per_floor":[75,75,75,75,75,75,68,68,68,68,68,68,68,68,68,68,68,68,68,68,68,68,78,78,78,78,78,78],"relic_stats":{"counters":[15,73],"Golden Idol":72,"Sundial":[22],"Blue Candle":[0],"Pen Nib":[0],"Boot":[7],"obtain_stats":[{"HornCleat":11,"Pear":23,"NeowsBlessing":0,"Golden Idol":7,"Sundial":21,"Blue Candle":6,"Pen Nib":25,"Boot":9,"Burning Blood":0,"Runic Pyramid":17,"Old Coin":26},{"HornCleat":4,"Pear":12,"NeowsBlessing":0,"Golden Idol":3,"Sundial":10,"Blue Candle":3,"Pen Nib":14,"Boot":3,"Burning Blood":0,"Runic Pyramid":8,"Old Coin":14},{"HornCleat":11,"Pear":57,"NeowsBlessing":0,"Golden Idol":3,"Sundial":43,"Blue Candle":3,"Pen Nib":69,"Boot":3,"Burning Blood":0,"Runic Pyramid":32,"Old Coin":69}],"Burning Blood":79},"card_choices":[{"not_picked":["Clothesline","Reckless Charge"],"picked":"Burning Pact","floor":1.0},{"not_picked":["Twin Strike","Havoc"],"picked":"Body Slam","floor":2.0},{"not_picked":["Sever Soul","Cleave"],"picked":"Shockwave","floor":6.0},{"not_picked":["Pommel Strike","Cleave","Blood for Blood"],"picked":"SKIP","floor":11.0},{"not_picked":["Wild Strike","Sword Boomerang"],"picked":"Warcry","floor":12.0},{"not_picked":["Flex","Infernal Blade"],"picked":"Barricade","floor":13.0},{"not_picked":["Anger","Twin Strike"],"picked":"Shrug It Off","floor":14.0},{"not_picked":["Sentinel","Pommel Strike","Heavy Blade"],"picked":"SKIP","floor":18.0},{"not_picked":["Thunderclap","Armaments","Twin Strike"],"picked":"SKIP","floor":19.0},{"not_picked":["Thunderclap","Reckless Charge","Double Tap"],"picked":"SKIP","floor":22.0},{"not_picked":["Thunderclap","Reckless Charge","Double Tap"],"picked":"SKIP","floor":22.0},{"not_picked":["Flex","Wild Strike+1"],"picked":"Entrench","floor":23.0},{"not_picked":["Sword Boomerang","Armaments","Shockwave+1"],"picked":"SKIP","floor":24.0},{"not_picked":["Body Slam","Barricade","Wild Strike"],"picked":"SKIP","floor":25.0}],"player_experience":627597,"relics_obtained":[{"floor":6.0,"key":"Blue Candle"},{"floor":9.0,"key":"Boot"},{"floor":11.0,"key":"HornCleat"},{"floor":23.0,"key":"Pear"},{"floor":25.0,"key":"Pen Nib"},{"floor":26.0,"key":"Old Coin"}],"event_choices":[{"damage_healed":0.0,"max_hp_gain":0.0,"max_hp_loss":0.0,"gold_gain":0.0,"event_name":"Shining Light","player_choice":"Entered Light","floor":4.0,"gold_loss":0.0,"damage_taken":23.0,"cards_upgraded":["Burning Pact","Strike_R"]},{"damage_healed":0.0,"max_hp_gain":0.0,"max_hp_loss":0.0,"gold_gain":75.0,"event_name":"World of Goop","player_choice":"Gather Gold","floor":5.0,"gold_loss":0.0,"damage_taken":11.0},{"damage_healed":0.0,"max_hp_gain":0.0,"max_hp_loss":7.0,"gold_gain":0.0,"event_name":"Golden Idol","player_choice":"Lose Max HP","floor":7.0,"gold_loss":0.0,"damage_taken":0.0,"relics_obtained":["Golden Idol"]},{"cards_removed":["Strike_R"],"damage_healed":0.0,"max_hp_gain":0.0,"max_hp_loss":0.0,"gold_gain":0.0,"event_name":"Bonfire Elementals","player_choice":"Offered Basic","floor":20.0,"gold_loss":0.0,"damage_taken":0.0}],"is_beta":false,"boss_relics":[{"not_picked":["Tiny House","Mark of Pain"],"picked":"Runic Pyramid"}],"items_purged_floors":[3],"is_endless":false,"potions_floor_spawned":[6,14,16,18,24],"killed_by":"Book of Stabbing","ascension_level":20}}