{"host":"0mk07bycsqo1qk03","time":1613424623,"event":{"mods":["BaseMod","Downfall","Hermit","Hubris","Minty Spire (QoL Compilation)","Reliquary","Replay The Spire","StSLib","The Cursed"],"gold_per_floor":[99,117,217,273,287,305,351,366,400,108,118,218,218,231,246,347,347,347,361,346,346,346],"floor_reached":20,"language":"ENG","playtime":1044,"items_purged":[],"score":194,"play_id":"b318432a-db73-4c8e-a059-6a0a84da55e7","local_time":"20210215223023","is_ascension_mode":true,"campfire_choices":[{"floor":1.0,"key":"DIG"},{"floor":13.0,"key":"REST"},{"data":"Jack Of All Trades","floor":18.0,"key":"SMITH"}],"circlet_count":0,"master_deck":["bronze:Strike","bronze:Strike+1","bronze:Strike+1","bronze:Strike","bronze:Defend","bronze:Defend","bronze:Defend","bronze:Defend","bronze:Replicate","bronze:Goto","bronze:Flail","bronze:Overload","bronze:ForceShield","bronze:Frontload","bronze:Branch","bronze:Repair","bronze:SpaghettiCode","bronze:Terminator","bronze:ClassDefault","bronze:Constructor","bronze:Flail","bronze:Goto","bronze:Deprecate","bronze:Refactor","bronze:FindAndReplace","Jack Of All Trades+1","Amnesia","bronze:FineTuning","bronze:DelayedSlice","bronze:GetLatest","bronze:Assembly","bronze:DelayedGuard","bronze:DigitalCarnage"],"relics":["bronze:BronzeCore","Quantum Egg","Pantograph","Simple Rune","hubris:64BitClover","Pet Ghost","downfall:GremlinSack","hubris:Backtick","sneckomod:SuperSneckoEye"],"acts_visited":["Exordium","TheCity"],"potions_floor_usage":[],"damage_taken":[{"damage":2.0,"enemies":"Jaw Worm","floor":2.0,"turns":3.0},{"damage":0.0,"enemies":"Small Slimes","floor":5.0,"turns":3.0},{"damage":6.0,"enemies":"Cultist","floor":6.0,"turns":4.0},{"damage":0.0,"enemies":"downfall:LooterAlt","floor":8.0,"turns":4.0},{"damage":17.0,"enemies":"Gremlin Nob","floor":9.0,"turns":5.0},{"damage":0.0,"enemies":"downfall:FleeingMerchant","floor":10.0,"turns":4.0},{"damage":0.0,"enemies":"Lots of Slimes","floor":11.0,"turns":1.0},{"damage":29.0,"enemies":"Lots of Slimes","floor":12.0,"turns":5.0},{"damage":5.0,"enemies":"Blue Slaver","floor":14.0,"turns":8.0},{"damage":6.0,"enemies":"Red Slaver","floor":15.0,"turns":5.0},{"damage":12.0,"enemies":"DF_ARCHETYPE_STREAMLINE","floor":16.0,"turns":7.0},{"damage":0.0,"enemies":"Spheric Guardian","floor":19.0,"turns":1.0},{"damage":0,"enemies":"downfall:FleeingMerchant","floor":20,"turns":4}],"seed_played":"-6896125281593241202","potions_obtained":[{"floor":4.0,"key":"FairyPotion"},{"floor":5.0,"key":"Languid Potion"},{"floor":9.0,"key":"bronze:FreeFunctionsPotion"},{"floor":14.0,"key":"BlessingOfTheForge"}],"is_trial":false,"path_per_floor":["R","M","?","?","M","M","T","M","E","$","M","?","R","M","M","B",null,"R","M","$"],"character_chosen":"THE_AUTOMATON","items_purchased":["bronze:ClassDefault","bronze:Constructor","Pet Ghost"],"campfire_rested":1,"item_purchase_floors":[10,10,10],"current_hp_per_floor":[70,68,68,40,40,34,34,34,17,24,24,2,23,25,43,56,70,70,70,70,70,70],"gold":346,"neow_bonus":"THREE_CARDS","is_daily":false,"chose_seed":false,"campfire_upgraded":1,"win_rate":0.0,"timestamp":1613424623,"path_taken":["R","M","?","?","M","?","T","M","E","$","M","?","R","?","M","BOSS","R","M","$"],"items_purchased_type":["Card","Card","Relic"],"build_version":"2020-12-22","purchased_purges":0,"victory":false,"max_hp_per_floor":[70,70,70,70,70,70,70,70,70,70,70,70,70,70,70,70,70,70,70,70,70,70],"card_choices":[{"not_picked":["bronze:InfiniteBeams","bronze:BitShift"],"picked":"bronze:Flail","floor":0.0},{"not_picked":["bronze:DelayedGuard","bronze:Fortify"],"picked":"bronze:Overload","floor":2.0},{"not_picked":["bronze:BitShift","bronze:Turbo"],"picked":"bronze:ForceShield","floor":4.0},{"not_picked":["bronze:FineTuning","bronze:Shield"],"picked":"bronze:Frontload","floor":5.0},{"not_picked":["bronze:Assembly","bronze:BugBarrage"],"picked":"bronze:Branch","floor":6.0},{"not_picked":["bronze:Constructor","bronze:ForceShield"],"picked":"bronze:Repair","floor":8.0},{"not_picked":["bronze:Deprecate","bronze:Invalidate"],"picked":"bronze:SpaghettiCode","floor":9.0},{"not_picked":["bronze:BugBarrage","bronze:Overheat"],"picked":"bronze:Terminator","floor":10.0},{"not_picked":["bronze:Frontload","bronze:BugBarrage"],"picked":"bronze:Flail","floor":11.0},{"not_picked":["bronze:Backtrace","bronze:Boost"],"picked":"bronze:FineTuning","floor":12.0},{"not_picked":["bronze:ChildClass","bronze:Shield"],"picked":"bronze:DelayedSlice","floor":14.0},{"not_picked":["bronze:Boost","bronze:Constructor"],"picked":"bronze:GetLatest","floor":15.0},{"not_picked":["bronze:BurnOut","bronze:SpaghettiCode"],"picked":"bronze:Assembly","floor":16.0},{"not_picked":["bronze:BugBarrage+1","bronze:CutThrough"],"picked":"bronze:DelayedGuard","floor":19.0},{"not_picked":["bronze:Frontload","bronze:Shield"],"picked":"bronze:DigitalCarnage","floor":20}],"player_experience":1056849,"relics_obtained":[{"floor":1.0,"key":"Quantum Egg"},{"floor":4.0,"key":"Pantograph"},{"floor":7.0,"key":"Simple Rune"},{"floor":9.0,"key":"hubris:64BitClover"},{"floor":12.0,"key":"downfall:GremlinSack"}],"event_choices":[],"is_beta":false,"boss_relics":[{"not_picked":["reliquary:Craggleroot","Replay:Grab Bag"],"picked":"hubris:Backtick"}],"items_purged_floors":[],"is_endless":false,"potions_floor_spawned":[5,9,11,14,15],"ascension_level":2}}