{"host":"36t3qd3wjvajtu1z","time":1613376842,"event":{"mods":["2.2 Compatiblity","AchievementEnabler","BaseMod","Bestiary","Block Reminder","Colored Powertips","Curses Come First","Highlight Path","Minty Spire (QoL Compilation)","Permanent Neow","Quick Restart","Random Character Button","Rare Cards Sparkle","Relic Stats","Slay-I","StSLib","Unknown Chances"],"gold_per_floor":[17,28,28,48,123,166,166,166,166,40,40,61,61,101,101,227,227,250,291,315,414,414,414,454,454,454,454,498,498,529,26,26,145,145,169,169,192,212,275,275,315,315,315,339,91,154,154,376,376,376],"floor_reached":51,"language":"ENG","playtime":2532,"items_purged":["Strike_B","Scrape"],"score":1279,"play_id":"4d5bbcfc-55dd-445b-a085-2bc89ef869e7","local_time":"20210215001402","is_ascension_mode":true,"campfire_choices":[{"floor":7.0,"key":"REST"},{"data":"Sunder","floor":11.0,"key":"SMITH"},{"floor":13.0,"key":"REST"},{"data":"Sunder","floor":15.0,"key":"SMITH"},{"floor":23.0,"key":"REST"},{"floor":25.0,"key":"REST"},{"floor":29.0,"key":"REST"},{"floor":32.0,"key":"REST"},{"floor":40.0,"key":"REST"},{"data":"Coolheaded","floor":42.0,"key":"SMITH"},{"data":"Storm","floor":47.0,"key":"SMITH"},{"data":"Thunder Strike","floor":49.0,"key":"SMITH"}],"circlet_count":0,"master_deck":["AscendersBane","Defend_B","Defend_B","Defend_B","Zap","Dualcast","Ball Lightning","Barrage","Go for the Eyes","Static Discharge","Sunder+1","Ball Lightning","Sunder+1","Electrodynamics","White Noise+1","Storm+1","Heatsinks","Meteor Strike","Glacier","Leap+1","Barrage","Coolheaded+1","Hologram","Coolheaded+1","Capacitor","Rebound","Machine Learning","Thunder Strike+1","Undo","Defragment+1","Glacier","Hologram+1","Barrage+1","Turbo+1","Fusion","Hologram+1"],"relics":["Cracked Core","Golden Idol","StoneCalendar","Smiling Mask","HornCleat","Dream Catcher","Philosopher\u0027s Stone","Red Mask","Kunai","Prayer Wheel","Akabeko","Juzu Bracelet","Frozen Eye","InkBottle","Runic Pyramid","Du-Vu Doll","CaptainsWheel","TungstenRod","Lee\u0027s Waffle","Emotion Chip"],"acts_visited":["Exordium","TheCity","TheBeyond"],"potions_floor_usage":[50],"damage_taken":[{"damage":12.0,"enemies":"Jaw Worm","floor":1.0,"turns":3.0},{"damage":3.0,"enemies":"2 Louse","floor":2.0,"turns":2.0},{"damage":0.0,"enemies":"Small Slimes","floor":4.0,"turns":3.0},{"damage":30.0,"enemies":"Lagavulin","floor":6.0,"turns":5.0},{"damage":13.0,"enemies":"Blue Slaver","floor":12.0,"turns":2.0},{"damage":0.0,"enemies":"3 Sentries","floor":14.0,"turns":3.0},{"damage":20.0,"enemies":"Slime Boss","floor":16.0,"turns":7.0},{"damage":24.0,"enemies":"2 Thieves","floor":18.0,"turns":3.0},{"damage":0.0,"enemies":"Masked Bandits","floor":19.0,"turns":3.0},{"damage":5.0,"enemies":"Chosen","floor":20.0,"turns":3.0},{"damage":1.0,"enemies":"Gremlin Leader","floor":24.0,"turns":5.0},{"damage":35.0,"enemies":"Book of Stabbing","floor":28.0,"turns":5.0},{"damage":16.0,"enemies":"Slavers","floor":30.0,"turns":4.0},{"damage":35.0,"enemies":"Champ","floor":33.0,"turns":12.0},{"damage":4.0,"enemies":"3 Shapes","floor":35.0,"turns":2.0},{"damage":0.0,"enemies":"3 Darklings","floor":36.0,"turns":1.0},{"damage":0.0,"enemies":"Sphere and 2 Shapes","floor":37.0,"turns":3.0},{"damage":8.0,"enemies":"4 Shapes","floor":38.0,"turns":3.0},{"damage":32.0,"enemies":"2 Orb Walkers","floor":39.0,"turns":5.0},{"damage":0.0,"enemies":"Reptomancer","floor":41.0,"turns":3.0},{"damage":1.0,"enemies":"3 Darklings","floor":44.0,"turns":4.0},{"damage":0.0,"enemies":"Mind Bloom Boss Battle","floor":46.0,"turns":6.0},{"damage":18,"enemies":"Awakened One","floor":50,"turns":8}],"seed_played":"-2865511045825338648","potions_obtained":[{"floor":6.0,"key":"BlessingOfTheForge"},{"floor":12.0,"key":"AttackPotion"},{"floor":27.0,"key":"LiquidMemories"},{"floor":30.0,"key":"Ancient Potion"},{"floor":33.0,"key":"SmokeBomb"},{"floor":35.0,"key":"DistilledChaos"},{"floor":39.0,"key":"DistilledChaos"},{"floor":46.0,"key":"Fruit Juice"}],"is_trial":false,"path_per_floor":["M","M","?","M","?","E","R","?","T","$","R","M","R","E","R","B",null,"M","?","M","?","?","R","E","R","T","?","E","R","E","$","R","B",null,"M","M","M","M","?","R","E","R","T","M","$","?","R","?","R","B",null],"character_chosen":"DEFECT","items_purchased":["Sunder","Capacitor","Frozen Eye","InkBottle","Rebound","Lee\u0027s Waffle","Energy Potion"],"campfire_rested":7,"item_purchase_floors":[10,31,31,31,31,45,45],"current_hp_per_floor":[56,53,53,53,42,12,32,32,32,32,32,19,39,39,39,19,57,33,33,28,28,28,48,47,67,67,67,32,52,36,36,56,21,57,53,53,53,45,13,33,33,33,33,32,76,81,81,81,81,63],"gold":376,"neow_bonus":"REMOVE_TWO","is_daily":false,"chose_seed":false,"campfire_upgraded":5,"win_rate":0.0,"timestamp":1613376842,"path_taken":["M","M","?","M","?","E","R","?","T","$","R","M","R","E","R","BOSS","M","?","M","?","?","R","E","R","T","?","E","R","E","$","R","BOSS","M","M","M","M","?","R","E","R","T","M","$","?","R","?","R","BOSS"],"items_purchased_type":["Card","Card","Relic","Relic","Card","Relic","Potion"],"build_version":"2020-12-22","purchased_purges":2,"victory":true,"max_hp_per_floor":[75,75,69,69,69,69,69,69,69,69,69,69,69,69,69,69,69,69,69,69,69,69,69,69,69,69,69,69,69,69,69,69,69,69,69,69,69,69,69,69,69,69,69,69,76,81,81,81,81,81],"relic_stats":{"Lee\u0027s Waffle":44,"counters":[23,95],"Golden Idol":198,"StoneCalendar":[104],"Juzu Bracelet":1,"Smiling Mask":75,"Dream Catcher":5,"Emotion Chip":[10,7,2,0,1],"Prayer Wheel":4,"Kunai":[11],"obtain_stats":[{"Lee\u0027s Waffle":45,"Golden Idol":3,"StoneCalendar":6,"Juzu Bracelet":30,"Smiling Mask":8,"Akabeko":28,"Du-Vu Doll":39,"Frozen Eye":31,"Dream Catcher":14,"CaptainsWheel":41,"Emotion Chip":46,"HornCleat":9,"Philosopher\u0027s Stone":17,"Prayer Wheel":26,"Red Mask":19,"Kunai":24,"Cracked Core":0,"InkBottle":31,"TungstenRod":43,"Runic Pyramid":34},{"Lee\u0027s Waffle":21,"Golden Idol":2,"StoneCalendar":4,"Juzu Bracelet":13,"Smiling Mask":4,"Akabeko":12,"Du-Vu Doll":19,"Frozen Eye":13,"Dream Catcher":6,"CaptainsWheel":20,"Emotion Chip":22,"HornCleat":4,"Philosopher\u0027s Stone":7,"Prayer Wheel":11,"Red Mask":9,"Kunai":11,"Cracked Core":0,"InkBottle":13,"TungstenRod":20,"Runic Pyramid":14},{"Lee\u0027s Waffle":81,"Golden Idol":5,"StoneCalendar":13,"Juzu Bracelet":48,"Smiling Mask":13,"Akabeko":44,"Du-Vu Doll":74,"Frozen Eye":48,"Dream Catcher":18,"CaptainsWheel":77,"Emotion Chip":87,"HornCleat":13,"Philosopher\u0027s Stone":25,"Prayer Wheel":39,"Red Mask":31,"Kunai":39,"Cracked Core":0,"InkBottle":48,"TungstenRod":77,"Runic Pyramid":60}],"InkBottle":[18],"TungstenRod":3},"card_choices":[{"not_picked":["Barrage","Skim"],"picked":"Ball Lightning","floor":1.0},{"not_picked":["Reinforced Body","Compile Driver"],"picked":"Barrage","floor":2.0},{"not_picked":["Gash","Leap"],"picked":"Go for the Eyes","floor":4.0},{"not_picked":["Gash","Beam Cell"],"picked":"Static Discharge","floor":6.0},{"not_picked":["Reprogram","Stack"],"picked":"Ball Lightning","floor":12.0},{"not_picked":["Stack","Conserve Battery"],"picked":"Sunder","floor":14.0},{"not_picked":["Rainbow","Buffer"],"picked":"Electrodynamics","floor":16.0},{"not_picked":["Redo","Cold Snap"],"picked":"White Noise+1","floor":18.0},{"not_picked":["Genetic Algorithm","Reinforced Body"],"picked":"Storm","floor":19.0},{"not_picked":["Cold Snap","Hello World"],"picked":"Heatsinks","floor":20.0},{"not_picked":["Go for the Eyes","White Noise"],"picked":"Glacier","floor":23.0},{"not_picked":["Meteor Strike","Streamline"],"picked":"Leap+1","floor":24.0},{"not_picked":["Go for the Eyes","Melter"],"picked":"Barrage","floor":25.0},{"not_picked":["Leap","Beam Cell"],"picked":"Coolheaded","floor":28.0},{"not_picked":["Beam Cell","Compile Driver"],"picked":"Hologram","floor":29.0},{"not_picked":["Leap","Beam Cell"],"picked":"Coolheaded+1","floor":30.0},{"not_picked":["Beam Cell","Blizzard"],"picked":"Machine Learning","floor":32.0},{"not_picked":["Amplify","Multi-Cast"],"picked":"Thunder Strike","floor":33.0},{"not_picked":["Compile Driver+1","Steam","Cold Snap"],"picked":"SKIP","floor":35.0},{"not_picked":["Beam Cell","Rebound","Cold Snap+1"],"picked":"SKIP","floor":35.0},{"not_picked":["Fusion","Sweeping Beam"],"picked":"Undo","floor":37.0},{"not_picked":["Sweeping Beam","Storm+1"],"picked":"Defragment+1","floor":37.0},{"not_picked":["Barrage","White Noise"],"picked":"Glacier","floor":38.0},{"not_picked":["Beam Cell","Leap"],"picked":"Hologram+1","floor":38.0},{"not_picked":["Hologram","Streamline"],"picked":"Barrage+1","floor":41.0},{"not_picked":["Double Energy","Lockon"],"picked":"Turbo+1","floor":44.0},{"not_picked":["Go for the Eyes","FTL+1"],"picked":"Fusion","floor":44.0},{"not_picked":["Go for the Eyes+1","Ball Lightning+1"],"picked":"Hologram+1","floor":46.0}],"player_experience":531508,"relics_obtained":[{"floor":6.0,"key":"StoneCalendar"},{"floor":9.0,"key":"HornCleat"},{"floor":14.0,"key":"Dream Catcher"},{"floor":19.0,"key":"Red Mask"},{"floor":24.0,"key":"Kunai"},{"floor":26.0,"key":"Prayer Wheel"},{"floor":28.0,"key":"Akabeko"},{"floor":30.0,"key":"Juzu Bracelet"},{"floor":39.0,"key":"Du-Vu Doll"},{"floor":41.0,"key":"CaptainsWheel"},{"floor":43.0,"key":"TungstenRod"},{"floor":46.0,"key":"Emotion Chip"}],"event_choices":[{"damage_healed":0.0,"max_hp_gain":0.0,"max_hp_loss":6.0,"gold_gain":0.0,"event_name":"Golden Idol","player_choice":"Lose Max HP","floor":3.0,"gold_loss":0.0,"damage_taken":0.0,"relics_obtained":["Golden Idol"]},{"damage_healed":0.0,"max_hp_gain":0.0,"max_hp_loss":0.0,"gold_gain":75.0,"event_name":"World of Goop","player_choice":"Gather Gold","floor":5.0,"gold_loss":0.0,"damage_taken":11.0},{"damage_healed":0.0,"max_hp_gain":0.0,"max_hp_loss":0.0,"gold_gain":0.0,"event_name":"Dead Adventurer","player_choice":"Searched \u00271\u0027 times","floor":8.0,"gold_loss":0.0,"damage_taken":0.0,"relics_obtained":["Smiling Mask"]},{"damage_healed":0.0,"max_hp_gain":0.0,"max_hp_loss":0.0,"gold_gain":0.0,"event_name":"Masked Bandits","player_choice":"Fought Bandits","floor":19.0,"gold_loss":0.0,"damage_taken":0.0},{"damage_healed":0.0,"max_hp_gain":0.0,"max_hp_loss":0.0,"gold_gain":99.0,"event_name":"Nest","player_choice":"Stole From Cult","floor":21.0,"gold_loss":0.0,"damage_taken":0.0},{"damage_healed":0.0,"max_hp_gain":0.0,"max_hp_loss":0.0,"gold_gain":0.0,"cards_transformed":["Strike_B","Strike_B"],"event_name":"Drug Dealer","player_choice":"Became Test Subject","floor":22.0,"gold_loss":0.0,"damage_taken":0.0,"cards_obtained":["Meteor Strike","Scrape"]},{"damage_healed":0.0,"max_hp_gain":0.0,"max_hp_loss":0.0,"gold_gain":0.0,"event_name":"Lab","player_choice":"Got Potions","floor":27.0,"gold_loss":0.0,"damage_taken":0.0},{"damage_healed":0.0,"max_hp_gain":0.0,"max_hp_loss":0.0,"gold_gain":0.0,"event_name":"Mysterious Sphere","player_choice":"Fight","floor":39.0,"gold_loss":0.0,"damage_taken":0.0},{"damage_healed":0.0,"max_hp_gain":0.0,"max_hp_loss":0.0,"gold_gain":0.0,"event_name":"MindBloom","player_choice":"Fight","floor":46.0,"gold_loss":0.0,"damage_taken":0.0},{"damage_healed":0.0,"max_hp_gain":0.0,"max_hp_loss":0.0,"gold_gain":222.0,"event_name":"Tomb of Lord Red Mask","player_choice":"Wore Mask","floor":48.0,"gold_loss":0.0,"damage_taken":0.0}],"is_beta":false,"boss_relics":[{"not_picked":["Coffee Dripper","Tiny House"],"picked":"Philosopher\u0027s Stone"},{"not_picked":["Runic Dome","Empty Cage"],"picked":"Runic Pyramid"}],"items_purged_floors":[10,45],"is_endless":false,"potions_floor_spawned":[6,12,28,30,33,35,39,46],"ascension_level":12}}