{"host":"2no1vwhhkhf0ohz3","time":1613390026,"event":{"mods":["AchievementEnabler","BaseMod","Colored Map","DeckTracker","Keyboard Shortcuts","Minty Spire (QoL Compilation)","SuperFastMode"],"gold_per_floor":[116,129,129,129,140,140,166,177,201,182,182,215,215,25,25,124,124,142,159,159,159],"floor_reached":20,"language":"KOR","playtime":476,"items_purged":["Strike_B"],"score":230,"play_id":"957e43ac-d3d2-4542-898c-f27b9335262d","local_time":"20210215205346","is_ascension_mode":true,"campfire_choices":[{"data":"Zap","floor":6,"key":"SMITH"},{"data":"Buffer","floor":11,"key":"SMITH"},{"data":"Creative AI","floor":13,"key":"SMITH"},{"floor":15,"key":"REST"}],"circlet_count":0,"master_deck":["Strike_B","Strike_B","Strike_B","Defend_B","Defend_B","Defend_B","Defend_B","Zap+1","Dualcast","Cold Snap","Defragment+1","Compile Driver","Undo","Buffer+1","Rebound","Creative AI+1","Reboot"],"relics":["Cracked Core","NeowsBlessing","Tiny Chest","Happy Flower","PreservedInsect","Membership Card","SacredBark"],"acts_visited":["Exordium","TheCity"],"potions_floor_usage":[7,12,12],"damage_taken":[{"damage":0,"enemies":"Small Slimes","floor":1,"turns":1},{"damage":0,"enemies":"2 Louse","floor":2,"turns":1},{"damage":0,"enemies":"Cultist","floor":5,"turns":1},{"damage":22,"enemies":"Lagavulin","floor":7,"turns":5},{"damage":5,"enemies":"Exordium Wildlife","floor":8,"turns":5},{"damage":14,"enemies":"Exordium Thugs","floor":10,"turns":4},{"damage":1,"enemies":"3 Sentries","floor":12,"turns":6},{"damage":37,"enemies":"The Guardian","floor":16,"turns":15},{"damage":12,"enemies":"Chosen","floor":18,"turns":5},{"damage":25,"enemies":"Shell Parasite","floor":19,"turns":9},{"damage":27,"enemies":"Sentry and Sphere","floor":20,"turns":6}],"seed_played":"-2739341604204143020","potions_obtained":[{"floor":5,"key":"AttackPotion"},{"floor":7,"key":"Strength Potion"},{"floor":10,"key":"BlessingOfTheForge"},{"floor":19,"key":"EssenceOfSteel"}],"is_trial":false,"path_per_floor":["M","M","?","?","M","R","E","M","T","M","R","E","R","$","R","B",null,"M","M","M"],"character_chosen":"DEFECT","items_purchased":["Membership Card"],"campfire_rested":1,"item_purchase_floors":[14],"current_hp_per_floor":[75,75,80,80,80,80,58,53,53,39,39,38,38,38,62,25,66,54,29,2,2],"gold":159,"neow_bonus":"THREE_ENEMY_KILL","is_daily":false,"chose_seed":false,"campfire_upgraded":3,"win_rate":0.0,"timestamp":1613390026,"path_taken":["M","M","?","?","M","R","E","M","T","M","R","E","R","$","R","BOSS","M","M","M"],"items_purchased_type":["Relic"],"build_version":"2020-12-22","purchased_purges":1,"victory":false,"max_hp_per_floor":[75,75,80,80,80,80,80,80,80,80,80,80,80,80,80,80,80,80,80,80,80],"card_choices":[{"not_picked":["Hologram","BootSequence"],"picked":"Cold Snap","floor":1},{"not_picked":["Beam Cell","Conserve Battery"],"picked":"Defragment","floor":2},{"not_picked":["Steam","Turbo"],"picked":"Compile Driver","floor":5},{"not_picked":["Auto Shields","Hello World"],"picked":"Undo","floor":7},{"not_picked":["Conserve Battery","Cold Snap"],"picked":"Buffer","floor":8},{"not_picked":["Reprogram","Fusion"],"picked":"Rebound","floor":10},{"not_picked":["Gash","Loop"],"picked":"Creative AI","floor":12},{"not_picked":["Hyperbeam","Machine Learning"],"picked":"Reboot","floor":16},{"not_picked":["Turbo","Leap","Tempest+1"],"picked":"SKIP","floor":18},{"not_picked":["Go for the Eyes","Compile Driver","Cold Snap"],"picked":"SKIP","floor":19}],"player_experience":305347,"relics_obtained":[{"floor":7,"key":"Tiny Chest"},{"floor":9,"key":"Happy Flower"},{"floor":12,"key":"PreservedInsect"}],"event_choices":[{"damage_healed":0,"gold_gain":0,"player_choice":"Donut","damage_taken":0,"max_hp_gain":5,"max_hp_loss":0,"event_name":"Big Fish","floor":3,"gold_loss":0},{"damage_healed":0,"gold_gain":0,"player_choice":"Upgraded","damage_taken":0,"max_hp_gain":0,"max_hp_loss":0,"event_name":"Upgrade Shrine","floor":4,"gold_loss":0,"cards_upgraded":["Defragment"]}],"is_beta":false,"boss_relics":[{"not_picked":["Busted Crown","Black Star"],"picked":"SacredBark"}],"items_purged_floors":[14],"is_endless":false,"potions_floor_spawned":[5,7,10,19],"killed_by":"Sentry and Sphere","ascension_level":5}}