{"host":"wpu7ue7gh84ybhzj","time":1613421735,"event":{"mods":["AchievementEnabler","AlwaysNeverKeys","BaseMod","Better Third Choice","Colored Powertips","Hermit","Highlight Path","Marisa????????","Minty Spire (QoL Compilation)","Permanent Neow","Quick Restart","Rare Cards Sparkle","Relic Stats","Remilia??????","StSLib","The Servant 0.9.4"],"gold_per_floor":[109,109,109,109,109,109,109,109,109,109,109,109,109,109,109,109,109,109,79,79,79,79,79,79,79,79,79,79,79,79,79,79,79,79,79,79,79,79,79,79,79,79,79,79,79,79,79,131,131,131,131,131,131,131,131],"floor_reached":56,"language":"ENG","playtime":1599,"items_purged":[],"score":2233,"play_id":"46f4d6a0-e393-4762-a430-220bc643a91b","local_time":"20210215204214","is_ascension_mode":true,"campfire_choices":[{"floor":8,"key":"REST"},{"floor":15,"key":"REST"},{"floor":32,"key":"REST"},{"data":"Bandage Up","floor":40,"key":"SMITH"},{"data":"Panache","floor":49,"key":"SMITH"},{"floor":52,"key":"REST"}],"circlet_count":0,"master_deck":["BloodySeventeenLaser+1","BloodySeventeenLaser+1","BloodySeventeenLaser+1","BloodySeventeenLaser+1","MastersStateliness+1","MastersStateliness+1","MastersStateliness+1","MastersStateliness+1","ChainGang+1","ChainGang+1","ChainGang+1","ChainGang+1","ChainGang+1","ChainGang+1","QueenOfMidnight+1","Bandage Up+1","Panache+1"],"relics":["ScarletHat","Lee\u0027s Waffle","Lee\u0027s Waffle","Lee\u0027s Waffle","Lee\u0027s Waffle","Lee\u0027s Waffle","Lee\u0027s Waffle","Lee\u0027s Waffle","Lee\u0027s Waffle","Lee\u0027s Waffle","Lee\u0027s Waffle","Lee\u0027s Waffle","Lee\u0027s Waffle","Lee\u0027s Waffle","Lee\u0027s Waffle","Lee\u0027s Waffle","Lee\u0027s Waffle","Lee\u0027s Waffle","Lee\u0027s Waffle","Lee\u0027s Waffle","Lee\u0027s Waffle","Lee\u0027s Waffle","Lee\u0027s Waffle","Lee\u0027s Waffle","Lee\u0027s Waffle","Lee\u0027s Waffle","Lee\u0027s Waffle","Lee\u0027s Waffle","Lee\u0027s Waffle","Lee\u0027s Waffle","Lee\u0027s Waffle","Lee\u0027s Waffle","Lee\u0027s Waffle","ScarletEmblem","Gungnir","AntiCross","ScarletHat","ScarletDevilRocket","HornCleat","Bottled Flame","Bottled Tornado","TypeBBloodRedTea","APieceOfRedMist","PreservedInsect","Toy Ornithopter","War Paint","Matryoshka","Bag of Marbles","Runic Dome","Lantern","Gremlin Horn","Toxic Egg 2","Whetstone","Orichalcum","Eternal Feather"],"acts_visited":["Exordium","TheCity","TheBeyond","TheEnding"],"potions_floor_usage":[],"damage_taken":[{"damage":0.0,"enemies":"Cultist","floor":1.0,"turns":2.0},{"damage":0,"enemies":"2 Louse","floor":2,"turns":1},{"damage":0,"enemies":"Jaw Worm","floor":3,"turns":2},{"damage":0,"enemies":"Large Slime","floor":4,"turns":1},{"damage":0,"enemies":"Lagavulin","floor":6,"turns":1},{"damage":0,"enemies":"Exordium Wildlife","floor":7,"turns":1},{"damage":0,"enemies":"Blue Slaver","floor":10,"turns":1},{"damage":2,"enemies":"Exordium Thugs","floor":11,"turns":4},{"damage":0,"enemies":"3 Sentries","floor":12,"turns":2},{"damage":3,"enemies":"Lagavulin","floor":14,"turns":2},{"damage":0,"enemies":"The Guardian","floor":16,"turns":2},{"damage":0,"enemies":"Shell Parasite","floor":18,"turns":1},{"damage":0,"enemies":"2 Thieves","floor":19,"turns":2},{"damage":6,"enemies":"Centurion and Healer","floor":20,"turns":2},{"damage":0,"enemies":"Chosen and Byrds","floor":21,"turns":2},{"damage":0,"enemies":"Snake Plant","floor":22,"turns":1},{"damage":0,"enemies":"Book of Stabbing","floor":23,"turns":1},{"damage":0,"enemies":"Snecko","floor":24,"turns":1},{"damage":0,"enemies":"Slavers","floor":25,"turns":1},{"damage":0,"enemies":"Book of Stabbing","floor":28,"turns":2},{"damage":0,"enemies":"Gremlin Leader","floor":30,"turns":2},{"damage":0,"enemies":"Shelled Parasite and Fungi","floor":31,"turns":1},{"damage":0,"enemies":"Collector","floor":33,"turns":1},{"damage":4,"enemies":"3 Shapes","floor":35,"turns":1},{"damage":0,"enemies":"Orb Walker","floor":37,"turns":1},{"damage":3,"enemies":"Giant Head","floor":41,"turns":1},{"damage":4,"enemies":"Sphere and 2 Shapes","floor":42,"turns":1},{"damage":0,"enemies":"Writhing Mass","floor":44,"turns":1},{"damage":0,"enemies":"3 Darklings","floor":45,"turns":2},{"damage":0,"enemies":"Transient","floor":46,"turns":3},{"damage":0,"enemies":"Nemesis","floor":47,"turns":1},{"damage":0,"enemies":"Donu and Deca","floor":50,"turns":1},{"damage":0,"enemies":"Shield and Spear","floor":54,"turns":1},{"damage":5,"enemies":"The Heart","floor":55,"turns":3}],"seed_played":"-5776128541053380659","potions_obtained":[{"floor":1.0,"key":"Regen Potion"},{"floor":6,"key":"Dexterity Potion"},{"floor":7,"key":"Strength Potion"}],"is_trial":false,"path_per_floor":["M","M","M","M","?","E","M","R","T","M","M","E","R","E","R","B",null,"M","M","M","M","M","E","M","E","T","$","E","?","E","M","R","B",null,"M","?","M","?","$","R","E","M","T","M","M","M","E","T","R","B",null,"R","$","E","B",null],"character_chosen":"REMILIA","items_purchased":[],"campfire_rested":4,"item_purchase_floors":[],"current_hp_per_floor":[299,299,299,299,299,299,299,299,299,299,297,297,297,297,299,299,299,299,299,294,297,299,299,299,299,299,299,299,283,292,295,299,299,299,295,285,288,288,288,288,288,287,287,295,299,299,299,299,299,299,299,299,299,299,298],"gold":131,"neow_bonus":"ONE_RANDOM_RARE_CARD","is_daily":false,"chose_seed":false,"campfire_upgraded":2,"win_rate":0.0,"timestamp":1613421734,"path_taken":["M","M","M","M","?","E","M","R","T","?","M","E","R","E","R","BOSS","M","M","M","M","M","E","M","E","T","$","E","?","E","M","R","BOSS","M","?","M","?","?","R","E","M","T","M","?","M","E","?","R","BOSS","R","$","E","BOSS"],"items_purchased_type":[],"build_version":"2020-12-22","purchased_purges":0,"victory":true,"max_hp_per_floor":[299,299,299,299,299,299,299,299,299,299,299,299,299,299,299,299,299,299,299,299,299,299,299,299,299,299,299,299,299,299,299,299,299,299,299,299,299,299,299,299,299,299,299,299,299,299,299,299,299,299,299,299,299,299,299],"relic_stats":{"Lee\u0027s Waffle":224,"Gremlin Horn":[2,2],"counters":[34,52],"Eternal Feather":0,"PreservedInsect":365,"Whetstone":[],"War Paint":[],"Orichalcum":[6],"obtain_stats":[{"Lee\u0027s Waffle":0,"TypeBBloodRedTea":14,"Lantern":43,"ScarletDevilRocket":3,"Gremlin Horn":43,"Eternal Feather":54,"PreservedInsect":23,"ScarletEmblem":2,"Whetstone":48,"Bottled Tornado":13,"War Paint":26,"Orichalcum":48,"ScarletHat":0,"Gungnir":2,"Runic Dome":34,"Bottled Flame":12,"APieceOfRedMist":17,"HornCleat":6,"Matryoshka":28,"AntiCross":2,"Bag of Marbles":30,"Toxic Egg 2":47,"Toy Ornithopter":25},{"Lee\u0027s Waffle":0,"TypeBBloodRedTea":10,"Lantern":27,"ScarletDevilRocket":3,"Gremlin Horn":27,"Eternal Feather":33,"PreservedInsect":17,"ScarletEmblem":2,"Whetstone":31,"Bottled Tornado":9,"War Paint":19,"Orichalcum":31,"ScarletHat":0,"Gungnir":2,"Runic Dome":23,"Bottled Flame":9,"APieceOfRedMist":11,"HornCleat":5,"Matryoshka":20,"AntiCross":2,"Bag of Marbles":21,"Toxic Egg 2":31,"Toy Ornithopter":19},{"Lee\u0027s Waffle":0,"TypeBBloodRedTea":17,"Lantern":40,"ScarletDevilRocket":5,"Gremlin Horn":40,"Eternal Feather":49,"PreservedInsect":28,"ScarletEmblem":3,"Whetstone":47,"Bottled Tornado":15,"War Paint":30,"Orichalcum":47,"ScarletHat":0,"Gungnir":3,"Runic Dome":36,"Bottled Flame":15,"APieceOfRedMist":19,"HornCleat":7,"Matryoshka":32,"AntiCross":3,"Bag of Marbles":34,"Toxic Egg 2":47,"Toy Ornithopter":30}],"Toy Ornithopter":0},"card_choices":[{"not_picked":["EndlessAdversity","UnstableMagic","Stigmanizer"],"picked":"SKIP","floor":1.0},{"not_picked":["BloodAndWine","AfternoonTea","ScarletDream"],"picked":"SKIP","floor":2},{"not_picked":["EndlessAdversity","ScarletDevil","Stigmanizer"],"picked":"SKIP","floor":3},{"not_picked":["ScarletImprint","MillenniumVampire","BloodHunter"],"picked":"SKIP","floor":4},{"not_picked":["BloodyTrap","ChainGang","VampireClaw"],"picked":"SKIP","floor":6},{"not_picked":["Ultimatum","NightDance","HellCatastrophe"],"picked":"SKIP","floor":7},{"not_picked":["Maim","ScarletSymphony","BloodHunter"],"picked":"SKIP","floor":10},{"not_picked":["BloodHunter","CharismaGuard","EternalNight"],"picked":"SKIP","floor":11},{"not_picked":["UnderTheZenith","ScarletDream","ScarletDevil"],"picked":"SKIP","floor":12},{"not_picked":["EternalNight","RedNightlessCastle","VampireKiss"],"picked":"SKIP","floor":14},{"not_picked":["BlasphemousPunishment","BloodHunter+1","UnderTheZenith"],"picked":"SKIP","floor":18},{"not_picked":["BlasphemousPunishment","FavorOfDestiny","EndlessAdversity"],"picked":"SKIP","floor":19},{"not_picked":["FavorOfDestiny","ChaoticDestiny","UnstableMagic+1"],"picked":"SKIP","floor":20},{"not_picked":["VampireClaw+1","BombardNight","VampireSweep"],"picked":"SKIP","floor":21},{"not_picked":["UnstableMagic+1","ScarletImprint+1","Stigmanizer"],"picked":"SKIP","floor":22},{"not_picked":["Stigmanizer","BombardNight","ScarletDevil"],"picked":"SKIP","floor":23},{"not_picked":["UnderTheZenith+1","UnstableMagic","NightDance"],"picked":"SKIP","floor":24},{"not_picked":["ScarletSymphony","Ultimatum","BloodySeventeenLaser"],"picked":"SKIP","floor":25},{"not_picked":["GlobalNightmare+1","BlasphemousPunishment+1","MastersStateliness"],"picked":"SKIP","floor":28},{"not_picked":["NightDance","ScarletDevil","BloodyMagicSquare"],"picked":"SKIP","floor":30},{"not_picked":["FitfulNightmare","StarOfDavid","Stigmanizer+1"],"picked":"SKIP","floor":31},{"not_picked":["RedRainbow","FavorOfDestiny+1","VampireKiss"],"picked":"SKIP","floor":35},{"not_picked":["Jack Of All Trades","PanicButton"],"picked":"Bandage Up","floor":36},{"not_picked":["Metamorphosis","Panacea"],"picked":"Panache","floor":36},{"not_picked":["PanicButton","Master of Strategy"],"picked":"Deep Breath","floor":36},{"not_picked":["RedRainbow+1","NightLord+1","UnderTheZenith"],"picked":"SKIP","floor":37},{"not_picked":["BloodAndWine+1","StarOfDavid+1","RedRainbow"],"picked":"SKIP","floor":41},{"not_picked":["UltimateOffering","EndlessAdversity","CharismaGuard"],"picked":"SKIP","floor":42},{"not_picked":["ScarletImprint","BlasphemousPunishment","DiffusionOfMisfortune"],"picked":"SKIP","floor":44},{"not_picked":["MastersStateliness+1","ForbiddenFruit","BadLadyScramble"],"picked":"SKIP","floor":45},{"not_picked":["ScarletImprint","SuperhumanBloodyKnife+1","NightDance+1"],"picked":"SKIP","floor":46},{"not_picked":["StarOfDavid+1","TwelveNightmare+1","ScarletImprint"],"picked":"SKIP","floor":47},{"not_picked":["VampireFantasy+1","GlobalNightmare+1","EndlessAdversity"],"picked":"SKIP","floor":54}],"player_experience":45487,"relics_obtained":[{"floor":6,"key":"HornCleat"},{"floor":12,"key":"Bottled Flame"},{"floor":14,"key":"TypeBBloodRedTea"},{"floor":23,"key":"PreservedInsect"},{"floor":25,"key":"Toy Ornithopter"},{"floor":26,"key":"War Paint"},{"floor":28,"key":"Matryoshka"},{"floor":30,"key":"Bag of Marbles"},{"floor":43,"key":"Lantern"},{"floor":43,"key":"Gremlin Horn"},{"floor":47,"key":"Toxic Egg 2"},{"floor":48,"key":"Whetstone"},{"floor":48,"key":"Orichalcum"},{"floor":54,"key":"Eternal Feather"}],"event_choices":[{"damage_healed":0,"gold_gain":0,"player_choice":"Ignored","damage_taken":0,"max_hp_gain":0,"max_hp_loss":0,"event_name":"Upgrade Shrine","floor":5,"gold_loss":0},{"damage_healed":0,"gold_gain":0,"player_choice":"Obtained Book","damage_taken":16,"max_hp_gain":0,"max_hp_loss":0,"event_name":"Cursed Tome","floor":29,"gold_loss":0},{"damage_healed":0,"gold_gain":0,"player_choice":"Memory 3","damage_taken":10,"max_hp_gain":0,"max_hp_loss":0,"event_name":"SensoryStone","floor":36,"gold_loss":0},{"cards_removed":["Deep Breath"],"damage_healed":0,"gold_gain":0,"player_choice":"Removed Skill","damage_taken":0,"max_hp_gain":0,"max_hp_loss":0,"event_name":"Falling","floor":38,"gold_loss":0}],"is_beta":false,"boss_relics":[{"not_picked":["Tiny House","Cursed Key"],"picked":"APieceOfRedMist"},{"not_picked":["Snecko Eye","Empty Cage"],"picked":"Runic Dome"}],"items_purged_floors":[],"is_endless":false,"potions_floor_spawned":[1,6,7,10,14,16,18,20,21,24,37,42,44],"ascension_level":4}}