{"host":"knk89g45d3vzr5fm","time":1613428241,"event":{"mods":["2.2 Compatiblity","BaseMod","Downfall","Minty Spire (QoL Compilation)","Relic Stats","Reliquary","Replay The Spire","StSLib","The Marked"],"gold_per_floor":[99,109,127,227,244,276,326,340,352,252,265,265,18,46,58,163,163,63,102,125,134,149,149,149],"floor_reached":22,"language":"FRA","playtime":1665,"items_purged":["sneckomod:Strike"],"score":338,"play_id":"05d7b782-d88d-41ff-9925-450ef347a186","local_time":"20210215233041","is_ascension_mode":true,"campfire_choices":[{"data":"sneckomod:SnekBite","floor":1,"key":"SMITH"},{"floor":10,"key":"REST"},{"floor":12,"key":"RECALL"},{"data":"sneckomod:SoulCleanse","floor":18,"key":"SMITH"}],"circlet_count":0,"master_deck":["AscendersBane","sneckomod:Strike","sneckomod:Strike","sneckomod:Defend","sneckomod:Defend","sneckomod:Defend+1","sneckomod:TailWhip","sneckomod:SnekBite+1","sneckomod:Unknown+1","sneckomod:Unknown+1","sneckomod:QuickBite","sneckomod:QuickMove+1","sneckomod:UnknownRarePower","hexamod:FirstSeal","sneckomod:UnknownClassHEXA_GHOST_PURPLE","hexamod:ThirdSeal","sneckomod:ImprovisedGuard","sneckomod:UnknownClassGREEN","sneckomod:QuickMove","sneckomod:SoulRoll","sneckomod:Restock","sneckomod:SoulRoll","sneckomod:Rotation","sneckomod:SoulCleanse+1","hexamod:SixthSeal","sneckomod:UnknownClassRED","sneckomod:PureSnecko","sneckomod:GlitteringGambit","sneckomod:SerpentMind","sneckomod:Restock","sneckomod:SoulDraw+1","sneckomod:SoulCleanse","sneckomod:SoulRoll"],"relics":["Snecko Heart","Happy Flower","Slimebound:StickyStick","downfall:HeartBlessingGreen","Replay:Bottled Snecko","reliquary:Craggleroot","downfall:HeartBlessingRed"],"acts_visited":["Exordium","TheCity"],"potions_floor_usage":[9,14,22],"damage_taken":[{"damage":0,"enemies":"Small Slimes","floor":2,"turns":4},{"damage":7,"enemies":"Jaw Worm","floor":3,"turns":2},{"damage":0,"enemies":"Cultist","floor":5,"turns":3},{"damage":25,"enemies":"3 Sentries","floor":6,"turns":12},{"damage":0,"enemies":"Exordium Wildlife","floor":8,"turns":3},{"damage":17,"enemies":"Exordium Thugs","floor":9,"turns":4},{"damage":0,"enemies":"downfall:LooterAlt","floor":11,"turns":3},{"damage":4,"enemies":"downfall:FleeingMerchant","floor":13,"turns":4},{"damage":12,"enemies":"Lagavulin","floor":14,"turns":8},{"damage":3,"enemies":"2 Fungi Beasts","floor":15,"turns":5},{"damage":44,"enemies":"IC_STATUS_ARCHETYPE","floor":16,"turns":11},{"damage":0,"enemies":"Spheric Guardian","floor":19,"turns":2},{"damage":0,"enemies":"3 Byrds","floor":20,"turns":4},{"damage":0,"enemies":"Snecko","floor":21,"turns":3},{"damage":92,"enemies":"3 Cultists","floor":22,"turns":5}],"seed_played":"2064911139346250898","potions_obtained":[{"floor":8,"key":"Fire Potion"},{"floor":9,"key":"Swift Potion"},{"floor":11,"key":"DuplicationPotion"},{"floor":14,"key":"BlessingOfTheForge"},{"floor":15,"key":"AttackPotion"}],"is_trial":false,"path_per_floor":["R","M","M","?","M","E","T","M","M","R","M","R","$","E","M","B",null,"R","M","M","M","M"],"character_chosen":"THE_SNECKO","items_purchased":["sneckomod:Rotation","sneckomod:SoulCleanse"],"campfire_rested":1,"item_purchase_floors":[13,13],"current_hp_per_floor":[81,81,74,74,74,49,49,56,46,73,80,80,83,78,86,56,82,82,89,90,90,0,0,0],"gold":149,"neow_bonus":"BOSS_RELIC","is_daily":false,"chose_seed":false,"campfire_upgraded":2,"win_rate":0.0,"timestamp":1613428241,"path_taken":["R","M","M","?","M","E","T","M","M","R","M","R","$","E","M","BOSS","R","M","M","M","M"],"items_purchased_type":["Card","Card"],"build_version":"2020-12-22","purchased_purges":1,"victory":false,"max_hp_per_floor":[90,90,90,90,90,90,90,90,90,90,90,90,90,90,90,90,90,90,90,90,90,90,90,90],"relic_stats":{"Happy Flower":[17],"counters":[15,73],"obtain_stats":[{"Snecko Heart":0,"Happy Flower":6,"downfall:HeartBlessingRed":18,"Slimebound:StickyStick":7,"reliquary:Craggleroot":17,"downfall:HeartBlessingGreen":10,"Replay:Bottled Snecko":14,"sneckomod:SneckoSoul":0},{"Snecko Heart":0,"Happy Flower":4,"downfall:HeartBlessingRed":11,"Slimebound:StickyStick":4,"reliquary:Craggleroot":11,"downfall:HeartBlessingGreen":6,"Replay:Bottled Snecko":9,"sneckomod:SneckoSoul":0},{"Snecko Heart":0,"Happy Flower":21,"downfall:HeartBlessingRed":59,"Slimebound:StickyStick":21,"reliquary:Craggleroot":59,"downfall:HeartBlessingGreen":28,"Replay:Bottled Snecko":43,"sneckomod:SneckoSoul":0}]},"card_choices":[{"not_picked":["sneckomod:UnknownClassGUARDIAN","sneckomod:Nope"],"picked":"sneckomod:QuickBite","floor":2},{"not_picked":["sneckomod:QuickBite","sneckomod:RainOfDice"],"picked":"sneckomod:QuickMove","floor":3},{"not_picked":["sneckomod:SoulDraw","sneckomod:UnknownClassBLUE"],"picked":"sneckomod:UnknownRarePower","floor":5},{"not_picked":["hexamod:FourthSeal","hexamod:ThirdSeal"],"picked":"hexamod:FirstSeal","floor":6},{"not_picked":["sneckomod:DiceBlock","sneckomod:UnknownDraw"],"picked":"sneckomod:UnknownClassHEXA_GHOST_PURPLE","floor":6},{"not_picked":["hexamod:FourthSeal","hexamod:FirstSeal"],"picked":"hexamod:ThirdSeal","floor":8},{"not_picked":["sneckomod:MixItUp","sneckomod:SoulDraw"],"picked":"sneckomod:ImprovisedGuard","floor":8},{"not_picked":["sneckomod:UnknownClassGUARDIAN","sneckomod:QuickMove"],"picked":"sneckomod:UnknownClassGREEN","floor":9},{"not_picked":["sneckomod:RainOfDice","sneckomod:SoulDraw"],"picked":"sneckomod:QuickMove","floor":9},{"not_picked":["sneckomod:SnekBeam","sneckomod:UnknownClassTHE_BRONZE_AUTOMATON"],"picked":"sneckomod:SoulRoll","floor":11},{"not_picked":["sneckomod:UnknownStrike","sneckomod:ImprovisedAttack"],"picked":"sneckomod:Restock","floor":11},{"not_picked":["sneckomod:DiceBlock","sneckomod:UnknownVulnerable"],"picked":"sneckomod:SoulRoll","floor":13},{"not_picked":["sneckomod:UnknownClassPURPLE","sneckomod:ImprovisedAttack","sneckomod:UnknownClassTHE_BRONZE_AUTOMATON"],"picked":"SKIP","floor":13},{"not_picked":["sneckomod:QuickMove","sneckomod:UnknownCommonAttack","sneckomod:IronFang"],"picked":"SKIP","floor":13},{"not_picked":["hexamod:FirstSeal","hexamod:ThirdSeal"],"picked":"hexamod:SixthSeal","floor":14},{"not_picked":["sneckomod:UnknownUncommonPower","sneckomod:TrashToTreasure"],"picked":"sneckomod:UnknownClassRED","floor":14},{"not_picked":["sneckomod:UnknownCommonSkill","sneckomod:UnknownClassBLUE","sneckomod:SoulExchange"],"picked":"SKIP","floor":14},{"not_picked":["sneckomod:SoulCleanse","sneckomod:SerpentIdol"],"picked":"sneckomod:PureSnecko","floor":15},{"not_picked":["sneckomod:QuickMove","sneckomod:UnknownCommonAttack","sneckomod:DiceBlock"],"picked":"SKIP","floor":15},{"not_picked":["sneckomod:Unknown3Cost","sneckomod:SoulExchange"],"picked":"sneckomod:GlitteringGambit","floor":16},{"not_picked":["sneckomod:Cheat","sneckomod:GlitteringGambit"],"picked":"sneckomod:SerpentMind","floor":16},{"not_picked":["sneckomod:UnknownRareSkill","sneckomod:DangerNoodle"],"picked":"sneckomod:Restock","floor":16},{"not_picked":["sneckomod:DiceBlock+1","sneckomod:UnknownClassBLUE","sneckomod:UnknownClassHEXA_GHOST_PURPLE"],"picked":"SKIP","floor":19},{"not_picked":["sneckomod:UnknownClassHEXA_GHOST_PURPLE","sneckomod:UnknownStrike+1"],"picked":"sneckomod:SoulDraw","floor":20},{"not_picked":["sneckomod:SoulExchange","sneckomod:PureSnecko","sneckomod:Unknown1Cost"],"picked":"SKIP","floor":20},{"not_picked":["sneckomod:RainOfDice","sneckomod:DiceBlock+1"],"picked":"sneckomod:SoulCleanse","floor":21},{"not_picked":["sneckomod:QuickBite+1","sneckomod:SnakeSap"],"picked":"sneckomod:SoulRoll","floor":21}],"player_experience":2179609,"relics_obtained":[{"floor":6,"key":"Happy Flower"},{"floor":7,"key":"Slimebound:StickyStick"},{"floor":14,"key":"Replay:Bottled Snecko"}],"event_choices":[],"is_beta":false,"boss_relics":[{"not_picked":["reliquary:ThirdArm","ReplayTheSpireMod:DimensionalGlitch"],"picked":"reliquary:Craggleroot"}],"items_purged_floors":[13],"is_endless":false,"potions_floor_spawned":[8,9,11,14,15,20,21],"killed_by":"3 Cultists","ascension_level":10}}