{"host":"a3wpq7kyokchzawk","time":1613423561,"event":{"mods":["BaseMod","Colored Map","Highlight Path","Minty Spire (QoL Compilation)","Permanent Neow","Potion Indicator Mod","Relic Stats","Weighted Paths"],"gold_per_floor":[110,125,275,32,42,67,79,79,79,95,120,133,162,127,127,204,204,180,14,31,31,43,43,43],"floor_reached":23,"language":"ENG","playtime":3149,"items_purged":["Doubt"],"score":415,"play_id":"59091363-b4ee-4a89-a7e6-9797e1863a40","local_time":"20210215191241","is_ascension_mode":true,"campfire_choices":[{"floor":8.0,"key":"REST"},{"data":"Machine Learning","floor":15.0,"key":"SMITH"}],"circlet_count":0,"master_deck":["AscendersBane","Strike_B","Strike_B","Defend_B","Defend_B","Defend_B","Zap","Dualcast","Skim+1","Conserve Battery+1","Gash+1","Doom and Gloom","Conserve Battery","BootSequence","Machine Learning+1","Steam","Stack","Steam","Stack","Compile Driver","Meteor Strike","Self Repair","Reboot"],"relics":["Astrolabe","Regal Pillow","FossilizedHelix","Eternal Feather","Shuriken","Nunchaku","Inserter","Membership Card","Nilry\u0027s Codex"],"acts_visited":["Exordium","TheCity"],"potions_floor_usage":[23,23,23],"damage_taken":[{"damage":2.0,"enemies":"Jaw Worm","floor":1.0,"turns":4.0},{"damage":1.0,"enemies":"Small Slimes","floor":2.0,"turns":3.0},{"damage":0.0,"enemies":"Cultist","floor":5.0,"turns":3.0},{"damage":20.0,"enemies":"Lagavulin","floor":6.0,"turns":6.0},{"damage":0.0,"enemies":"Large Slime","floor":7.0,"turns":6.0},{"damage":10.0,"enemies":"Gremlin Gang","floor":10.0,"turns":3.0},{"damage":18.0,"enemies":"3 Sentries","floor":11.0,"turns":9.0},{"damage":0.0,"enemies":"Blue Slaver","floor":12.0,"turns":5.0},{"damage":9.0,"enemies":"Lagavulin","floor":13.0,"turns":7.0},{"damage":7.0,"enemies":"Slime Boss","floor":16.0,"turns":10.0},{"damage":0.0,"enemies":"2 Thieves","floor":18.0,"turns":4.0},{"damage":28.0,"enemies":"Shell Parasite","floor":20.0,"turns":9.0},{"damage":16,"enemies":"Snake Plant","floor":22,"turns":5},{"damage":21,"enemies":"Book of Stabbing","floor":23,"turns":4}],"seed_played":"5931884167686359949","potions_obtained":[{"floor":1.0,"key":"PotionOfCapacity"},{"floor":5.0,"key":"Strength Potion"},{"floor":13.0,"key":"FearPotion"},{"floor":16.0,"key":"EntropicBrew"},{"floor":22,"key":"LiquidBronze"}],"is_trial":false,"path_per_floor":["M","M","?","$","M","E","M","R","T","M","E","M","E","?","R","B",null,"M","$","M","?","M","E"],"character_chosen":"DEFECT","items_purchased":["Regal Pillow","Membership Card"],"campfire_rested":1,"item_purchase_floors":[4,19],"current_hp_per_floor":[62,61,61,61,61,41,41,71,71,61,43,43,34,51,63,56,67,67,67,46,25,16,0,0],"gold":43,"neow_bonus":"BOSS_RELIC","is_daily":false,"chose_seed":false,"campfire_upgraded":1,"win_rate":0.0,"timestamp":1613423561,"path_taken":["M","M","?","$","M","E","M","R","T","M","E","M","E","?","R","BOSS","M","$","M","?","M","E"],"items_purchased_type":["Relic","Relic"],"build_version":"2020-12-22","purchased_purges":1,"victory":false,"max_hp_per_floor":[71,71,71,71,71,71,71,71,71,71,71,71,71,71,71,71,71,71,71,71,71,71,71,71],"relic_stats":{"Regal Pillow":9,"Nunchaku":[3],"Inserter":[11],"counters":[14,78],"Shuriken":[4],"Astrolabe":["Skim","Conserve Battery","Gash"],"Eternal Feather":12,"obtain_stats":[{"Regal Pillow":4,"Nunchaku":13,"Inserter":17,"Shuriken":11,"Nilry\u0027s Codex":21,"Astrolabe":0,"Eternal Feather":9,"Membership Card":19,"Cracked Core":0,"FossilizedHelix":6},{"Regal Pillow":2,"Nunchaku":9,"Inserter":10,"Shuriken":7,"Nilry\u0027s Codex":12,"Astrolabe":0,"Eternal Feather":5,"Membership Card":11,"Cracked Core":0,"FossilizedHelix":4},{"Regal Pillow":7,"Nunchaku":46,"Inserter":56,"Shuriken":34,"Nilry\u0027s Codex":69,"Astrolabe":0,"Eternal Feather":22,"Membership Card":60,"Cracked Core":0,"FossilizedHelix":16}]},"card_choices":[{"not_picked":["Capacitor","Rebound"],"picked":"Doom and Gloom","floor":1.0},{"not_picked":["Redo","Cold Snap"],"picked":"Conserve Battery","floor":2.0},{"not_picked":["Redo","Cold Snap"],"picked":"BootSequence","floor":5.0},{"not_picked":["Genetic Algorithm","Rebound"],"picked":"Machine Learning","floor":6.0},{"not_picked":["Ball Lightning","Leap"],"picked":"Steam","floor":7.0},{"not_picked":["Consume","Hello World"],"picked":"Stack","floor":10.0},{"not_picked":["Force Field","Consume"],"picked":"Steam","floor":11.0},{"not_picked":["Redo","Fusion"],"picked":"Stack","floor":12.0},{"not_picked":["Capacitor","Doom and Gloom"],"picked":"Compile Driver","floor":13.0},{"not_picked":["Core Surge","Fission"],"picked":"Meteor Strike","floor":16.0},{"not_picked":["Compile Driver","Streamline"],"picked":"Self Repair","floor":18.0},{"not_picked":["Rebound","Streamline","Recycle"],"picked":"SKIP","floor":20.0},{"not_picked":["Streamline","Force Field"],"picked":"Reboot","floor":22}],"player_experience":2733874,"relics_obtained":[{"floor":6.0,"key":"FossilizedHelix"},{"floor":9.0,"key":"Eternal Feather"},{"floor":11.0,"key":"Shuriken"},{"floor":13.0,"key":"Nunchaku"},{"floor":21.0,"key":"Nilry\u0027s Codex"}],"event_choices":[{"damage_healed":0.0,"max_hp_gain":0.0,"max_hp_loss":0.0,"gold_gain":150.0,"event_name":"Liars Game","player_choice":"AGREE","floor":3.0,"gold_loss":0.0,"damage_taken":0.0,"cards_obtained":["Doubt"]},{"damage_healed":17.0,"max_hp_gain":0.0,"max_hp_loss":0.0,"gold_gain":0.0,"event_name":"The Cleric","player_choice":"Healed","floor":14.0,"gold_loss":35.0,"damage_taken":0.0},{"damage_healed":0.0,"max_hp_gain":0.0,"max_hp_loss":0.0,"gold_gain":0.0,"event_name":"Cursed Tome","player_choice":"Obtained Book","floor":21.0,"gold_loss":0.0,"damage_taken":21.0}],"is_beta":false,"boss_relics":[{"not_picked":["Ectoplasm","Calling Bell"],"picked":"Inserter"}],"items_purged_floors":[4],"is_endless":false,"potions_floor_spawned":[1,5,7,13,16,22],"killed_by":"Book of Stabbing","ascension_level":19}}