{"host":"2d926qfvvz477zl6","time":1613349129,"event":{"mods":["Aspiration","BaseMod","Bossed Relics","Challenge The Spire","Conspire","Downfall","Energized Spire","GungeonMod","Halation","Hermit","Hubris","Infinite Spire","Marked Mod","Minty Spire (QoL Compilation)","Morshu Shopkeeper","Rare Cards Sparkle","Reliquary","Replay The Spire","Retaliation","Shedinja","Somnambulant","Spicy Shops","StSLib","Td1madao Mod","The Blue Laboratory","The Bug Knight","The Disciple","The Hierophant","The IronCluck","The Senshi","Wandering Minibosses","Wide Potions","everything is the same but u backflip on backflip","slay the spire mod where everything is the same but ironclad has a cowboy hat"],"gold_per_floor":[11,30,46,62,62,92,109,109,109,109,34,51,51,85,85,183,183,196,196,222,234,260,260,295,307,307,307,322,322,322,322,322,420,420,439,24,24,24,71,71,71,71,95,127,127,144,144,155,155,155,155],"floor_reached":50,"language":"ENG","playtime":1668,"items_purged":["hermit:Strike_Hermit"],"score":725,"play_id":"91c61426-15d4-4ce0-bcd7-750460071b46","local_time":"20210214193209","is_ascension_mode":false,"campfire_choices":[{"data":"hermit:CursedWeapon","floor":8.0,"key":"SMITH"},{"floor":10.0,"key":"RECALL"},{"data":"hermit:Determination","floor":13.0,"key":"SMITH"},{"data":"hermit:Adapt","floor":13.0,"key":"SMITH"},{"floor":15.0,"key":"REST"},{"data":"hermit:Desperado","floor":23.0,"key":"SMITH"},{"data":"hermit:Desperado","floor":23.0,"key":"SMITH"},{"floor":30.0,"key":"REST"},{"data":"hermit:Magnum","floor":32.0,"key":"SMITH"},{"data":"hermit:HeroicBravado","floor":32.0,"key":"SMITH"},{"floor":40.0,"key":"REST"},{"data":"hermit:Desperado","floor":47.0,"key":"SMITH"},{"data":"hermit:Desperado","floor":47.0,"key":"SMITH"},{"data":"hermit:Desperado","floor":49.0,"key":"SMITH"},{"data":"hermit:Desperado","floor":49.0,"key":"SMITH"}],"circlet_count":0,"master_deck":["hermit:Strike_Hermit+1","hermit:Strike_Hermit+1","hermit:Defend_Hermit+1","hermit:Defend_Hermit+1","hermit:Defend_Hermit+1","hermit:Snapshot+1","hermit:Covet+1","hermit:Determination+1","hermit:Desperado+1","hermit:Roughhouse+1","hermit:Headshot+1","hermit:CursedWeapon+1","hermit:Adapt+1","hermit:Vantage+1","hermit:Glare+1","hermit:DeadOrAlive+1","hermit:Desperado+1","hermit:SprayPray+1","hermit:Horror+1","hermit:Virtue+1","hermit:HeroicBravado+1","hermit:Misfire+1","downfall:Bewildered","hermit:NoHoldsBarred+1","Shame","hermit:Magnum+1","hermit:Gambit+1","hermit:Horror+1","hermit:Horror+1","Delirium","Delirium","ReplayTheSpireMod:Splinters","hermit:Desperado","hermit:Glare+1","hermit:Desperado","hermit:Desperado+1","hermit:Desperado","hermit:Desperado","hermit:Desperado+1","hermit:Desperado","hermit:Desperado","hermit:Desperado+1","hermit:Desperado","hermit:Desperado","hermit:Desperado+1","hermit:Misfire+1","hermit:Misfire+1","hermit:Misfire+1","hermit:Misfire+1","hermit:Misfire+1","hermit:Misfire+1","hermit:Misfire+1","hermit:Misfire+1","hermit:Misfire+1","hermit:Misfire+1","hermit:Misfire+1","hermit:Misfire+1","hermit:Misfire+1","hermit:Misfire+1","hermit:Misfire+1","hermit:Ricochet","hermit:Ricochet","hermit:Ricochet","hermit:Ricochet","hermit:Ricochet","hermit:Ricochet","hermit:Ricochet","hermit:Ricochet","hermit:Ricochet","hermit:Ricochet"],"relics":["hermit:Momento","infinitespire:CursedDice","DemoMod:SerJunkan","halation:PenCase","DemoMod:Junk","Empty Cage","aspiration:HummingbirdHeart","sneckomod:BabySnecko","conspire:GiftBox","aspiration:PoetsPen_weak","Bronze Scales","halation:NonexistentMirror","Mark of the Bloom","ReplayTheSpireMod:Ring of Exchange","Ring of Searing","halation:RedSoulGem","Strawberry"],"acts_visited":["Exordium","TheCity","TheBeyond"],"potions_floor_usage":[50],"damage_taken":[{"damage":7.0,"enemies":"Small Slimes","floor":1.0,"turns":3.0},{"damage":4.0,"enemies":"2 Louse","floor":2.0,"turns":3.0},{"damage":3.0,"enemies":"Cultist","floor":3.0,"turns":3.0},{"damage":6.0,"enemies":"Blue Slaver","floor":4.0,"turns":4.0},{"damage":20.0,"enemies":"Replay:BlueRogue","floor":6.0,"turns":4.0},{"damage":0.0,"enemies":"Looter","floor":7.0,"turns":1.0},{"damage":6.0,"enemies":"3 Louse","floor":12.0,"turns":4.0},{"damage":11.0,"enemies":"Lagavulin","floor":14.0,"turns":6.0},{"damage":14.0,"enemies":"Hexaghost","floor":16.0,"turns":9.0},{"damage":2.0,"enemies":"Shell Parasite","floor":18.0,"turns":4.0},{"damage":25.0,"enemies":"2 Thieves","floor":20.0,"turns":4.0},{"damage":13.0,"enemies":"3 Cultists","floor":21.0,"turns":4.0},{"damage":2.0,"enemies":"Cultist and Chosen","floor":22.0,"turns":4.0},{"damage":11.0,"enemies":"Nightmare","floor":24.0,"turns":6.0},{"damage":3.0,"enemies":"Snecko","floor":25.0,"turns":4.0},{"damage":3.0,"enemies":"Centurion and Healer","floor":28.0,"turns":6.0},{"damage":35.0,"enemies":"Automaton","floor":33.0,"turns":10.0},{"damage":0.0,"enemies":"Orb Walker","floor":35.0,"turns":2.0},{"damage":33.0,"enemies":"Reptomancer","floor":44.0,"turns":4.0},{"damage":2.0,"enemies":"3 Darklings","floor":46.0,"turns":2.0},{"damage":19.0,"enemies":"4 Shapes","floor":48.0,"turns":2.0},{"damage":33,"enemies":"infinitespire:MassOfShapes","floor":50,"turns":5}],"seed_played":"-8077434180680692700","potions_obtained":[{"floor":1.0,"key":"Explosive Potion"},{"floor":2.0,"key":"DuplicationPotion"},{"floor":6.0,"key":"Fire Potion"},{"floor":14.0,"key":"Block Potion"},{"floor":20.0,"key":"SkillPotion"},{"floor":24.0,"key":"Block Potion"},{"floor":33.0,"key":"SteroidPotion"},{"floor":35.0,"key":"Explosive Potion"},{"floor":48.0,"key":"blueLaboratory:StoneskinPotion"}],"is_trial":false,"path_per_floor":["M","M","M","M","?","E","M","R","T","R","$","M","R","E","R","B",null,"M","?","M","M","M","R","NM","M","T","?","M","?","R","?","R","B",null,"M","$","?","?","?","R","?","$","T","E","T","M","R","M","R","B"],"character_chosen":"HERMIT","items_purchased":["Bronze Scales","halation:NonexistentMirror","hermit:Horror"],"campfire_rested":3,"item_purchase_floors":[36,36,36],"current_hp_per_floor":[68,64,61,55,55,35,35,35,35,35,35,29,29,18,40,26,75,73,73,48,35,33,33,22,19,19,19,16,16,38,38,38,3,75,75,75,75,75,75,75,75,75,75,42,42,40,40,21,21,0,0],"gold":155,"neow_bonus":"ONE_RARE_RELIC","is_daily":false,"chose_seed":false,"campfire_upgraded":11,"win_rate":0.0,"timestamp":1613349129,"path_taken":["M","M","M","M","?","E","M","R","T","R","$","M","R","E","R","BOSS","M","?","?","M","M","R","NM","M","T","?","M","?","R","?","R","BOSS","M","$","?","?","?","R","?","?","T","E","?","M","R","M","R","BOSS"],"items_purchased_type":["Relic","Relic","Card"],"build_version":"2020-12-22","purchased_purges":1,"victory":false,"max_hp_per_floor":[75,75,75,75,75,75,75,75,75,75,75,75,75,75,75,75,75,75,75,75,75,75,75,75,75,75,75,75,75,75,75,75,75,75,75,75,75,75,75,75,75,75,82,82,82,82,82,82,82,82,82],"card_choices":[{"not_picked":["hermit:Ricochet","hermit:WideOpen"],"picked":"hermit:Determination","floor":1.0},{"not_picked":["hermit:Coalescence","hermit:Ricochet"],"picked":"hermit:Desperado","floor":2.0},{"not_picked":["hermit:Feint","hermit:GhostlyPresence"],"picked":"hermit:Roughhouse","floor":3.0},{"not_picked":["hermit:BigShot","hermit:Manifest"],"picked":"hermit:Headshot","floor":4.0},{"not_picked":["hermit:LoneWolf","hermit:Grudge"],"picked":"hermit:Adapt","floor":6.0},{"not_picked":["hermit:HighCaliber","hermit:Headshot"],"picked":"hermit:Vantage","floor":7.0},{"not_picked":["hermit:FullyLoaded","hermit:Dive"],"picked":"hermit:Glare","floor":12.0},{"not_picked":["hermit:CalledShot","hermit:Quickdraw","hermit:Dive"],"picked":"SKIP","floor":14.0},{"not_picked":["hermit:Dissolve","hermit:OverwhelmingPower"],"picked":"hermit:DeadOrAlive","floor":16.0},{"not_picked":["hermit:Coalescence","hermit:Showdown"],"picked":"hermit:Desperado","floor":18.0},{"not_picked":["hermit:Determination+1","hermit:Quickdraw"],"picked":"hermit:SprayPray","floor":20.0},{"not_picked":["hermit:CalledShot","hermit:WideOpen"],"picked":"hermit:Horror+1","floor":21.0},{"not_picked":["hermit:Grudge","hermit:Showdown+1"],"picked":"hermit:Virtue+1","floor":22.0},{"not_picked":["hermit:FatalDesire","hermit:TrackingShot"],"picked":"hermit:HeroicBravado","floor":24.0},{"not_picked":["hermit:Quickdraw","hermit:TrackingShot"],"picked":"hermit:Misfire","floor":25.0},{"not_picked":["hermit:Combo","hermit:EyeOfTheStorm"],"picked":"hermit:NoHoldsBarred","floor":28.0},{"not_picked":["hermit:OverwhelmingPower","hermit:FinalCanter"],"picked":"hermit:Magnum","floor":31.0},{"not_picked":["hermit:HeroicBravado","hermit:Purgatory"],"picked":"hermit:Gambit","floor":33.0},{"not_picked":["hermit:Feint","hermit:TrackingShot+1","hermit:ItchyTrigger+1"],"picked":"SKIP","floor":35.0},{"not_picked":["hermit:ItchyTrigger+1","hermit:Glare"],"picked":"hermit:Desperado","floor":39.0},{"not_picked":["hermit:LoneWolf","hermit:CalledShot+1"],"picked":"hermit:Glare+1","floor":39.0},{"not_picked":["hermit:FullyLoaded","hermit:EternalForm"],"picked":"hermit:Desperado","floor":44.0},{"not_picked":["hermit:Glare","hermit:Showdown"],"picked":"hermit:Misfire+1","floor":46.0},{"not_picked":["hermit:BodyArmor","hermit:Snipe"],"picked":"hermit:Ricochet","floor":48.0}],"player_experience":420398,"relics_obtained":[{"floor":6.0,"key":"DemoMod:SerJunkan"},{"floor":9.0,"key":"halation:PenCase"},{"floor":14.0,"key":"DemoMod:Junk"},{"floor":24.0,"key":"DemoMod:Junk"},{"floor":26.0,"key":"aspiration:HummingbirdHeart"},{"floor":38.0,"key":"ReplayTheSpireMod:Ring of Exchange"},{"floor":38.0,"key":"Ring of Searing"},{"floor":39.0,"key":"DemoMod:Junk"},{"floor":43.0,"key":"Strawberry"},{"floor":44.0,"key":"DemoMod:Junk"}],"event_choices":[{"damage_healed":0.0,"max_hp_gain":0.0,"max_hp_loss":0.0,"gold_gain":0.0,"event_name":"Upgrade Shrine","player_choice":"Upgraded","floor":19.0,"gold_loss":0.0,"damage_taken":0.0,"cards_upgraded":["hermit:Glare"]},{"damage_healed":0.0,"max_hp_gain":0.0,"max_hp_loss":0.0,"gold_gain":0.0,"event_name":"Cursed Tome","player_choice":"Ignored","floor":29.0,"gold_loss":0.0,"damage_taken":0.0},{"damage_healed":0.0,"max_hp_gain":0.0,"max_hp_loss":0.0,"gold_gain":0.0,"event_name":"Addict","player_choice":"Stole Relic","floor":31.0,"gold_loss":0.0,"damage_taken":0.0,"relics_obtained":["conspire:GiftBox"],"cards_obtained":["Shame"]},{"damage_healed":0.0,"max_hp_gain":0.0,"max_hp_loss":0.0,"gold_gain":0.0,"event_name":"MindBloom","player_choice":"Upgrade","floor":37.0,"gold_loss":0.0,"damage_taken":0.0,"cards_upgraded":["hermit:Strike_Hermit","hermit:Strike_Hermit","hermit:Defend_Hermit","hermit:Defend_Hermit","hermit:Defend_Hermit","hermit:Snapshot","hermit:Covet","hermit:Roughhouse","hermit:Headshot","hermit:Vantage","hermit:DeadOrAlive","hermit:SprayPray","hermit:Misfire","hermit:NoHoldsBarred","hermit:Gambit","hermit:Horror","hermit:Horror"],"relics_obtained":["Mark of the Bloom"]}],"is_beta":false,"boss_relics":[{"not_picked":["Black Star","reliquary:Ember"],"picked":"Empty Cage"},{"not_picked":["conspire:SpecialSausage","Replay:Drink Me"],"picked":"aspiration:PoetsPen_weak"}],"items_purged_floors":[11],"is_endless":false,"potions_floor_spawned":[1,2,6,14,20,24,33,35,48],"killed_by":"infinitespire:MassOfShapes","ascension_level":0}}