{"host":"5wwct7e0z3l0f094","time":1613364019,"event":{"mods":["AchievementEnabler","BaseMod","Downfall","Highlight Path","Minty Spire (QoL Compilation)","StSLib","SuperFastMode"],"gold_per_floor":[99,84,84,99,99,118,118,103,203,238,238,257,257,136,152,251,251,51,61,211,261,311,361,361,371,371,381,381,431,496,546,546,546,546],"floor_reached":32,"language":"ENG","playtime":2298,"items_purged":[],"score":286,"play_id":"00860544-df47-4884-81c7-4b998b0e481c","local_time":"20210214234019","is_ascension_mode":false,"campfire_choices":[{"data":"hexamod:Float","floor":1.0,"key":"SMITH"},{"floor":11.0,"key":"REST"},{"floor":13.0,"key":"RECALL"},{"data":"hexamod:HauntingEcho","floor":18.0,"key":"SMITH"},{"floor":26.0,"key":"REST"},{"floor":28.0,"key":"REST"}],"circlet_count":0,"master_deck":["hexamod:Strike+1","hexamod:Strike","hexamod:Defend","hexamod:Defend+1","hexamod:Sear+1","hexamod:Float+1","hexamod:Hexaguard+1","hexamod:HauntingEcho+1","hexamod:FirstSeal","hexamod:SkipABeat+1","hexamod:FifthSeal","hexamod:FourthSeal","hexamod:SixthSeal","hexamod:GhostflameInferno+1","hexamod:ThirdSeal","downfall:Bewildered","hexamod:UnlimitedPower+1","hexamod:SecondSeal","hexamod:Hexaguard+1"],"relics":["hexamod:SpiritBrand","Singing Bowl","downfall:CloakOfManyFaces","CultistMask","FaceOfCleric","NlothsMask","GremlinMask","SsserpentHead","Toxic Egg 2","Empty Cage","downfall:HeartBlessingGreen","downfall:HeartBlessingRed","Du-Vu Doll","The Courier","sneckomod:BabySnecko","downfall:RedIOU","MutagenicStrength"],"acts_visited":["Exordium","TheCity"],"potions_floor_usage":[],"damage_taken":[{"damage":0.0,"enemies":"downfall:FleeingMerchant","floor":2.0,"turns":4.0},{"damage":0.0,"enemies":"Cultist","floor":4.0,"turns":4.0},{"damage":0.0,"enemies":"2 Louse","floor":6.0,"turns":3.0},{"damage":0.0,"enemies":"downfall:FleeingMerchant","floor":8.0,"turns":4.0},{"damage":49.0,"enemies":"downfall:FaceTrader","floor":9.0,"turns":11.0},{"damage":16.0,"enemies":"Lagavulin","floor":10.0,"turns":5.0},{"damage":0.0,"enemies":"Small Slimes","floor":12.0,"turns":3.0},{"damage":0.0,"enemies":"downfall:FleeingMerchant","floor":14.0,"turns":4.0},{"damage":0.0,"enemies":"3 Louse","floor":15.0,"turns":4.0},{"damage":32.0,"enemies":"IC_STATUS_ARCHETYPE","floor":16.0,"turns":9.0},{"damage":52.0,"enemies":"3 Byrds","floor":19.0,"turns":7.0},{"damage":21.0,"enemies":"SI_SHIV_ARCHETYPE","floor":20.0,"turns":8.0},{"damage":31.0,"enemies":"downfall:LooterAlt2","floor":25.0,"turns":5.0},{"damage":41.0,"enemies":"Shelled Parasite and Fungi","floor":27.0,"turns":5.0},{"damage":26.0,"enemies":"Cultist and Chosen","floor":30.0,"turns":6.0},{"damage":37,"enemies":"Chosen and Byrds","floor":32,"turns":4}],"seed_played":"513472823608369625","potions_obtained":[{"floor":9.0,"key":"Weak Potion"},{"floor":10.0,"key":"Ancient Potion"},{"floor":12.0,"key":"hexamod:DoubleChargePotion"},{"floor":16.0,"key":"Dexterity Potion"},{"floor":19.0,"key":"DistilledChaos"},{"floor":20.0,"key":"EntropicBrew"},{"floor":20.0,"key":"hexamod:SoulburnPotion"},{"floor":27.0,"key":"FearPotion"},{"floor":30.0,"key":"Regen Potion"}],"is_trial":false,"path_per_floor":["R","$","?","M","?","M","T","$","?","E","R","M","R","$","M","B",null,"R","M","?","?","?","?","T","M","R","M","R","?","M","?","M"],"character_chosen":"THE_SPIRIT","items_purchased":["MealTicket"],"campfire_rested":3,"item_purchase_floors":[14],"current_hp_per_floor":[77,77,77,77,77,77,77,77,37,31,55,63,63,64,67,43,88,88,46,35,35,35,35,35,16,45,14,44,44,32,32,0,0,0],"gold":546,"neow_bonus":"TEN_PERCENT_HP_BONUS","is_daily":false,"chose_seed":false,"campfire_upgraded":2,"win_rate":0.0,"timestamp":1613364019,"path_taken":["R","?","?","M","?","?","T","$","?","E","R","M","R","?","M","BOSS","R","M","?","?","?","?","T","M","R","M","R","?","?","?","M"],"items_purchased_type":["Relic"],"build_version":"2020-12-22","purchased_purges":0,"victory":false,"max_hp_per_floor":[77,77,77,77,77,77,77,77,79,82,82,83,83,84,87,88,88,88,91,94,94,94,94,94,99,99,102,102,102,109,109,109,109,109],"card_choices":[{"not_picked":["hexamod:HeatShield","hexamod:RetreatToShadows"],"picked":"hexamod:Hexaguard","floor":2.0},{"not_picked":["hexamod:HeatShield","hexamod:SpectersWail"],"picked":"hexamod:HauntingEcho","floor":4.0},{"not_picked":["hexamod:GhostLash","hexamod:HeatMetal","hexamod:SwordOfDarkness"],"picked":"SKIP","floor":6.0},{"not_picked":["hexamod:NecessarySacrifice","hexamod:ChargedBarrage"],"picked":"hexamod:FirstSeal","floor":8.0},{"not_picked":["hexamod:BacktrackSmack","hexamod:InspiringFlames","hexamod:BurningTouch"],"picked":"Singing Bowl","floor":9.0},{"not_picked":["hexamod:EtherealExpedition+1","hexamod:GhostLash","hexamod:GhostShield+1"],"picked":"Singing Bowl","floor":10.0},{"not_picked":["hexamod:FastForward+1","hexamod:GhostShield+1"],"picked":"hexamod:SkipABeat+1","floor":12.0},{"not_picked":["hexamod:NightmareStrike","hexamod:FourthSeal"],"picked":"hexamod:FifthSeal","floor":14.0},{"not_picked":["hexamod:SecondSeal","hexamod:FirstSeal"],"picked":"hexamod:FourthSeal","floor":15.0},{"not_picked":["hexamod:PhantomCloak","hexamod:ShieldOfDarkness+1","hexamod:NightmareGuise+1"],"picked":"Singing Bowl","floor":15.0},{"not_picked":["hexamod:FourthSeal","hexamod:SecondSeal"],"picked":"hexamod:SixthSeal","floor":16.0},{"not_picked":["hexamod:WildfireWeapon","hexamod:ForkedFlame"],"picked":"hexamod:GhostflameInferno+1","floor":16.0},{"not_picked":["hexamod:Firestarter+1","hexamod:NightmareGuise+1","hexamod:ThermalTransfer"],"picked":"Singing Bowl","floor":19.0},{"not_picked":["hexamod:FirstSeal","hexamod:SixthSeal"],"picked":"hexamod:ThirdSeal","floor":19.0},{"not_picked":["hexamod:NightmareGuise+1","hexamod:Incineration+1","hexamod:SpectersWail"],"picked":"Singing Bowl","floor":20.0},{"not_picked":["hexamod:HeatMetal","hexamod:AdvancingGuard+1"],"picked":"hexamod:UnlimitedPower+1","floor":25.0},{"not_picked":["hexamod:SpectersWail+1","hexamod:GhostOfSpireFuture+1","hexamod:NightmareStrike"],"picked":"Singing Bowl","floor":25.0},{"not_picked":["hexamod:SixthSeal","hexamod:ThirdSeal","hexamod:FirstSeal"],"picked":"Singing Bowl","floor":25.0},{"not_picked":["hexamod:Haunt+1","hexamod:FastForward+1","hexamod:EmpoweredFlame"],"picked":"Singing Bowl","floor":27.0},{"not_picked":["hexamod:FourthSeal","hexamod:ThirdSeal"],"picked":"hexamod:SecondSeal","floor":27.0},{"not_picked":["hexamod:SoulSteal+1","hexamod:HauntingEcho+1"],"picked":"hexamod:Hexaguard+1","floor":27.0},{"not_picked":["hexamod:HeatShield+1","hexamod:FastForward+1","hexamod:ThermalTransfer"],"picked":"Singing Bowl","floor":30.0},{"not_picked":["hexamod:FourthSeal","hexamod:DynamicBlow+1","hexamod:FirstSeal"],"picked":"Singing Bowl","floor":30.0},{"not_picked":["hexamod:SecondSeal","hexamod:FirstSeal","hexamod:SixthSeal"],"picked":"Singing Bowl","floor":30.0}],"player_experience":315693,"relics_obtained":[{"floor":7.0,"key":"Singing Bowl"},{"floor":9.0,"key":"downfall:CloakOfManyFaces"},{"floor":10.0,"key":"Toxic Egg 2"},{"floor":20.0,"key":"Du-Vu Doll"},{"floor":20.0,"key":"The Courier"}],"event_choices":[{"cards_removed":["hexamod:Defend"],"damage_healed":0.0,"max_hp_gain":0.0,"max_hp_loss":0.0,"gold_gain":0.0,"event_name":"Bonfire Elementals","player_choice":"Offered Basic","floor":5.0,"gold_loss":0.0,"damage_taken":0.0},{"damage_healed":0.0,"max_hp_gain":0.0,"max_hp_loss":0.0,"gold_gain":0.0,"event_name":"Vampires","player_choice":"Ignored","floor":22.0,"gold_loss":0.0,"damage_taken":0.0},{"damage_healed":0.0,"max_hp_gain":0.0,"max_hp_loss":0.0,"gold_gain":0.0,"event_name":"Drug Dealer","player_choice":"Inject Mutagens","floor":31.0,"gold_loss":0.0,"damage_taken":0.0,"relics_obtained":["MutagenicStrength"]}],"is_beta":false,"boss_relics":[{"not_picked":["Philosopher\u0027s Stone","hexamod:UnbrokenSoul"],"picked":"Empty Cage"}],"items_purged_floors":[],"is_endless":false,"potions_floor_spawned":[9,10,12,20],"killed_by":"Chosen and Byrds","ascension_level":0}}