{"host":"nzc89rt2v0ulh15o","time":1613356175,"event":{"mods":["2.2 Compatiblity","BaseMod","Downfall","Hermit","Hubris","Minty Spire (QoL Compilation)","Replay The Spire","Shop Mod","StSLib","The Bug Knight","The Construct","The Cursed","The Disciple","The Hierophant","The Runesmith","The Servant 0.9.4"],"gold_per_floor":[114,289,239,254,254,254,28,28,102,120,120,120,120,193,193,211,211],"floor_reached":16,"language":"SPA","playtime":1188,"items_purged":["Doubt"],"score":143,"play_id":"3041fbcc-89aa-4ed0-813a-e2cbe4673e19","local_time":"20210214202935","is_ascension_mode":true,"campfire_choices":[{"data":"hermit:GoldenBullet","floor":6.0,"key":"SMITH"},{"data":"hermit:Snapshot","floor":8.0,"key":"SMITH"},{"data":"hermit:Vantage","floor":11.0,"key":"SMITH"},{"floor":15.0,"key":"REST"}],"circlet_count":0,"master_deck":["hermit:Strike_Hermit","hermit:Strike_Hermit","hermit:Strike_Hermit","hermit:Defend_Hermit","hermit:Defend_Hermit","hermit:Defend_Hermit","hermit:Defend_Hermit","hermit:Snapshot+1","hermit:Covet","hermit:GoldenBullet+1","Regret","hermit:Vantage+1","Doubt","hermit:SprayPray","hermit:PistolWhip","hermit:Showdown"],"relics":["hermit:Momento","Gremlin Horn","Juzu Bracelet","hubris:Reverence","ReplayTheSpireMod:Ring of Addiction","Chameleon Ring","Toy Ornithopter","Ring of Searing","Replay:Bandana","Dream Catcher"],"acts_visited":["Exordium"],"potions_floor_usage":[],"damage_taken":[{"damage":3.0,"enemies":"Small Slimes","floor":1.0,"turns":3.0},{"damage":5.0,"enemies":"2 Louse","floor":4.0,"turns":3.0},{"damage":1.0,"enemies":"Jaw Worm","floor":10.0,"turns":3.0},{"damage":57.0,"enemies":"Hexaghost","floor":16.0,"turns":10.0}],"seed_played":"6064375390706501048","potions_obtained":[{"floor":10.0,"key":"construct:ShiftPotion"},{"floor":12.0,"key":"PowerPotion"},{"floor":12.0,"key":"Dexterity Potion"},{"floor":12.0,"key":"Block Potion"}],"is_trial":false,"path_per_floor":["M","?","?","M","?","R","$","R","T","M","R","?","?","?","R","B"],"character_chosen":"HERMIT","items_purchased":["Juzu Bracelet"],"campfire_rested":1,"item_purchase_floors":[7],"current_hp_per_floor":[79,79,79,74,74,74,74,74,74,73,73,73,61,41,65,18,18],"gold":211,"neow_bonus":"TEN_PERCENT_HP_BONUS","is_daily":false,"chose_seed":false,"campfire_upgraded":3,"win_rate":0.0,"timestamp":1613356175,"path_taken":["M","?","?","M","?","R","?","R","T","M","R","?","?","?","R","BOSS","BOSS"],"items_purchased_type":["Relic"],"build_version":"2020-12-22","purchased_purges":1,"victory":false,"max_hp_per_floor":[82,82,82,82,82,82,82,82,82,82,82,82,82,82,82,80,80],"card_choices":[{"not_picked":["hermit:HoleUp","hermit:Coalescence"],"picked":"hermit:GoldenBullet","floor":1.0},{"not_picked":["hermit:Midnight","hermit:HighCaliber","hermit:Glare"],"picked":"SKIP","floor":4.0},{"not_picked":["hermit:CalledShot","hermit:Quickdraw"],"picked":"hermit:Vantage","floor":10.0},{"not_picked":["hermit:TrackingShot","hermit:Misfire"],"picked":"hermit:SprayPray","floor":14.0},{"not_picked":["hermit:Coalescence","hermit:Roulette"],"picked":"hermit:PistolWhip","floor":14.0},{"not_picked":["hermit:WideOpen","hermit:Dissolve"],"picked":"hermit:Showdown","floor":15.0}],"player_experience":478670,"relics_obtained":[{"floor":9.0,"key":"hubris:Reverence"},{"floor":12.0,"key":"ReplayTheSpireMod:Ring of Addiction"},{"floor":12.0,"key":"Chameleon Ring"},{"floor":12.0,"key":"Toy Ornithopter"},{"floor":12.0,"key":"Ring of Searing"},{"floor":14.0,"key":"Dream Catcher"}],"event_choices":[{"damage_healed":0.0,"max_hp_gain":0.0,"max_hp_loss":0.0,"gold_gain":175.0,"event_name":"Liars Game","player_choice":"AGREE","floor":2.0,"gold_loss":0.0,"damage_taken":0.0,"cards_obtained":["Doubt"]},{"cards_removed":["hermit:Strike_Hermit"],"damage_healed":0.0,"max_hp_gain":0.0,"max_hp_loss":0.0,"gold_gain":0.0,"event_name":"The Cleric","player_choice":"Card Removal","floor":3.0,"gold_loss":50.0,"damage_taken":0.0},{"damage_healed":0.0,"max_hp_gain":0.0,"max_hp_loss":0.0,"gold_gain":0.0,"event_name":"Big Fish","player_choice":"Box","floor":5.0,"gold_loss":0.0,"damage_taken":0.0,"relics_obtained":["Gremlin Horn"],"cards_obtained":["Regret"]},{"damage_healed":0.0,"max_hp_gain":0.0,"max_hp_loss":0.0,"gold_gain":0.0,"event_name":"Scrap Ooze","player_choice":"Success","floor":13.0,"gold_loss":0.0,"damage_taken":12.0,"relics_obtained":["Replay:Bandana"]}],"is_beta":false,"boss_relics":[],"items_purged_floors":[7],"is_endless":false,"potions_floor_spawned":[10,16],"killed_by":"Hexaghost","ascension_level":1}}