{"host":"y4mx56vxqys6xwyn","time":1613359193,"event":{"mods":["BaseMod","Hermit","Minty Spire (QoL Compilation)","StSLib"],"gold_per_floor":[111,131,57,132,147,147,159,192,192,192,192,192,208,61,61,192,192,208,226,15,40,40,55,55,55,55],"floor_reached":25,"language":"ENG","playtime":1630,"items_purged":[],"score":203,"play_id":"8bc1801f-d0df-447b-b1c4-41cc904c17cb","local_time":"20210214211953","is_ascension_mode":false,"campfire_choices":[{"data":"Poisoned Stab","floor":6,"key":"SMITH"},{"floor":15,"key":"REST"}],"circlet_count":0,"master_deck":["Strike_G","Strike_G","Strike_G","Defend_G","Defend_G","Defend_G","Defend_G","Survivor","Neutralize","Dark Shackles","Poisoned Stab+1","Quick Slash","Dash","Deadly Poison","Glass Knife","Flechettes","Deflect","Outmaneuver","Bane","Malaise","Catalyst","Blade Dance","Venomology","Dagger Throw+1","Backstab","Chrysalis","Bane","Acrobatics","Expertise","Deadly Poison","Necronomicurse"],"relics":["Ring of the Snake","Gremlin Horn","Pear","Golden Idol","Orrery","Runic Pyramid","Necronomicon"],"acts_visited":["Exordium","TheCity"],"potions_floor_usage":[16,18,19,19,23,23,25,25],"damage_taken":[{"damage":0,"enemies":"Jaw Worm","floor":1,"turns":6},{"damage":5,"enemies":"Small Slimes","floor":2,"turns":4},{"damage":0,"enemies":"2 Louse","floor":5,"turns":2},{"damage":2,"enemies":"Looter","floor":7,"turns":3},{"damage":16,"enemies":"Lagavulin","floor":8,"turns":6},{"damage":3,"enemies":"Gremlin Gang","floor":13,"turns":4},{"damage":26,"enemies":"Hexaghost","floor":16,"turns":9},{"damage":0,"enemies":"Chosen","floor":18,"turns":3},{"damage":3,"enemies":"Shell Parasite","floor":19,"turns":5},{"damage":21,"enemies":"Snake Plant","floor":21,"turns":4},{"damage":24,"enemies":"Sentry and Sphere","floor":23,"turns":5},{"damage":21,"enemies":"Cultist and Chosen","floor":25,"turns":4}],"seed_played":"-442396400403616665","potions_obtained":[{"floor":8,"key":"ColorlessPotion"},{"floor":16,"key":"SkillPotion"},{"floor":18,"key":"Swift Potion"},{"floor":21,"key":"Strength Potion"}],"is_trial":false,"path_per_floor":["M","M","$","?","M","R","M","E","T","?","?","?","M","$","R","B",null,"M","M","$","M","?","M","?","M"],"character_chosen":"THE_SILENT","items_purchased":["Dash","Orrery","Chrysalis","Bane"],"campfire_rested":1,"item_purchase_floors":[3,14,20,20],"current_hp_per_floor":[70,65,65,54,54,54,52,36,46,46,26,19,16,16,40,14,80,80,80,80,59,59,35,19,0,0],"gold":55,"neow_bonus":"RANDOM_COLORLESS","is_daily":false,"chose_seed":false,"campfire_upgraded":1,"win_rate":0.0,"timestamp":1613359193,"path_taken":["M","M","$","?","M","R","M","E","T","?","?","?","M","?","R","BOSS","M","?","$","M","?","M","?","M"],"items_purchased_type":["Card","Relic","Card","Card"],"build_version":"2020-12-22","purchased_purges":0,"victory":false,"max_hp_per_floor":[70,70,70,70,70,70,70,70,80,80,80,80,80,80,80,80,80,80,80,80,80,80,80,80,80,80],"card_choices":[{"not_picked":["Trip","Purity"],"picked":"Dark Shackles","floor":0},{"not_picked":["Dodge and Roll","Deflect"],"picked":"Poisoned Stab","floor":1},{"not_picked":["Underhanded Strike","Expertise"],"picked":"Quick Slash","floor":2},{"not_picked":["Well Laid Plans","Calculated Gamble"],"picked":"Deadly Poison","floor":5},{"not_picked":["Sucker Punch","Reflex"],"picked":"Glass Knife","floor":7},{"not_picked":["Slice","Tactician"],"picked":"Flechettes","floor":8},{"not_picked":["Dagger Spray","Expertise"],"picked":"Outmaneuver","floor":13},{"not_picked":["Reflex","Noxious Fumes"],"picked":"Bane","floor":14},{"not_picked":["Prepared","Skewer"],"picked":"Malaise","floor":14},{"not_picked":["Underhanded Strike","Sucker Punch"],"picked":"Catalyst","floor":14},{"not_picked":["Calculated Gamble","Flying Knee"],"picked":"Underhanded Strike","floor":14},{"not_picked":["Sucker Punch","A Thousand Cuts"],"picked":"Blade Dance","floor":14},{"not_picked":["Phantasmal Killer","Tools of the Trade"],"picked":"Venomology","floor":16},{"not_picked":["Reflex","Quick Slash+1"],"picked":"Dagger Throw+1","floor":18},{"not_picked":["Riddle With Holes+1","Backflip"],"picked":"Backstab","floor":19},{"not_picked":["Slice","Flying Knee","Deflect"],"picked":"SKIP","floor":21},{"not_picked":["Underhanded Strike","Quick Slash+1"],"picked":"Deadly Poison","floor":23}],"player_experience":47769,"relics_obtained":[{"floor":8,"key":"Gremlin Horn"},{"floor":9,"key":"Pear"},{"floor":24,"key":"Necronomicon"}],"event_choices":[{"damage_healed":0,"gold_gain":75,"player_choice":"Gather Gold","damage_taken":11,"max_hp_gain":0,"max_hp_loss":0,"event_name":"World of Goop","floor":4,"gold_loss":0},{"damage_healed":0,"gold_gain":0,"cards_transformed":["Strike_G"],"player_choice":"Change","damage_taken":0,"max_hp_gain":0,"max_hp_loss":0,"event_name":"Living Wall","floor":10,"gold_loss":0,"cards_obtained":["Deflect"]},{"damage_healed":0,"gold_gain":0,"player_choice":"Take Damage","damage_taken":20,"relics_obtained":["Golden Idol"],"max_hp_gain":0,"max_hp_loss":0,"event_name":"Golden Idol","floor":11,"gold_loss":0},{"cards_removed":["Strike_G"],"damage_healed":0,"gold_gain":0,"player_choice":"Card Removal","damage_taken":7,"max_hp_gain":0,"max_hp_loss":0,"event_name":"Golden Wing","floor":12,"gold_loss":0},{"damage_healed":0,"gold_gain":0,"cards_transformed":["Underhanded Strike","Defend_G"],"player_choice":"Became Test Subject","damage_taken":0,"max_hp_gain":0,"max_hp_loss":0,"event_name":"Drug Dealer","floor":22,"gold_loss":0,"cards_obtained":["Acrobatics","Expertise"]},{"damage_healed":0,"gold_gain":0,"player_choice":"Obtained Book","damage_taken":16,"max_hp_gain":0,"max_hp_loss":0,"event_name":"Cursed Tome","floor":24,"gold_loss":0}],"is_beta":false,"boss_relics":[{"not_picked":["Philosopher\u0027s Stone","HoveringKite"],"picked":"Runic Pyramid"}],"items_purged_floors":[],"is_endless":false,"potions_floor_spawned":[8,16,18,21],"killed_by":"Cultist and Chosen","ascension_level":0}}