{"host":"y76clbnovzmw9ubx","time":1613411287,"event":{"mods":["AchievementEnabler","BaseMod","Minty Spire (QoL Compilation)","Permanent Neow","Relic Stats"],"gold_per_floor":[109,124,137,156,2,32,32,63,63,63,78,78,93,106,106,106,106],"floor_reached":16,"language":"ENG","playtime":1458,"items_purged":["Defend_G"],"score":228,"play_id":"152d5796-35c5-4170-a3e9-184aee95ae21","local_time":"20210215124807","is_ascension_mode":true,"campfire_choices":[{"floor":7,"key":"REST"},{"floor":10,"key":"REST"},{"data":"Catalyst","floor":12,"key":"SMITH"},{"floor":15,"key":"REST"}],"circlet_count":0,"master_deck":["AscendersBane","Strike_G","Strike_G","Strike_G","Strike_G","Strike_G","Defend_G","Defend_G","Defend_G","Defend_G","Survivor","Neutralize","Finesse","Cloak And Dagger","Footwork","Dagger Throw","Catalyst","Crippling Poison","Unload","Catalyst+1","Dodge and Roll","Cloak And Dagger","Poisoned Stab"],"relics":["Ring of the Snake","Regal Pillow","Vajra"],"acts_visited":["Exordium"],"potions_floor_usage":[6,6,16,16],"damage_taken":[{"damage":0,"enemies":"Cultist","floor":1,"turns":4},{"damage":0,"enemies":"Small Slimes","floor":2,"turns":6},{"damage":9,"enemies":"Jaw Worm","floor":3,"turns":10},{"damage":10,"enemies":"Exordium Wildlife","floor":4,"turns":6},{"damage":37,"enemies":"Lagavulin","floor":6,"turns":11},{"damage":29,"enemies":"Gremlin Nob","floor":8,"turns":4},{"damage":6,"enemies":"Large Slime","floor":11,"turns":6},{"damage":9,"enemies":"Looter","floor":13,"turns":3},{"damage":3,"enemies":"3 Louse","floor":14,"turns":4},{"damage":68,"enemies":"Slime Boss","floor":16,"turns":9}],"seed_played":"-1756006052486672229","potions_obtained":[{"floor":1,"key":"DistilledChaos"},{"floor":2,"key":"LiquidBronze"},{"floor":8,"key":"SpeedPotion"},{"floor":13,"key":"SpeedPotion"},{"floor":14,"key":"Dexterity Potion"}],"is_trial":false,"path_per_floor":["M","M","M","M","$","E","R","E","T","R","M","R","M","M","R","B"],"character_chosen":"THE_SILENT","items_purchased":["Crippling Poison"],"campfire_rested":3,"item_purchase_floors":[5],"current_hp_per_floor":[59,59,50,40,40,3,37,8,8,42,36,36,27,24,58,0,0],"gold":106,"neow_bonus":"RANDOM_COLORLESS","is_daily":false,"chose_seed":false,"campfire_upgraded":1,"win_rate":0.0,"timestamp":1613411287,"path_taken":["M","M","M","M","$","E","R","E","T","R","M","R","M","M","R","BOSS"],"items_purchased_type":["Card"],"build_version":"2020-12-22","purchased_purges":1,"victory":false,"max_hp_per_floor":[66,66,66,66,66,66,66,66,66,66,66,66,66,66,66,66,66],"relic_stats":{"Regal Pillow":45,"counters":[10,63],"obtain_stats":[{"Regal Pillow":6,"Vajra":8,"Ring of the Snake":0},{"Regal Pillow":5,"Vajra":6,"Ring of the Snake":0},{"Regal Pillow":37,"Vajra":41,"Ring of the Snake":0}],"Ring of the Snake":[20]},"card_choices":[{"not_picked":["Madness","Impatience"],"picked":"Finesse","floor":0},{"not_picked":["Choke","Distraction"],"picked":"Cloak And Dagger","floor":1},{"not_picked":["Slice","Quick Slash"],"picked":"Footwork","floor":2},{"not_picked":["Prepared","Heel Hook"],"picked":"Dagger Throw","floor":3},{"not_picked":["Heel Hook","Underhanded Strike"],"picked":"Catalyst","floor":4},{"not_picked":["Riddle With Holes","Backflip"],"picked":"Unload","floor":6},{"not_picked":["Prepared","Terror"],"picked":"Catalyst","floor":8},{"not_picked":["Prepared","Outmaneuver"],"picked":"Dodge and Roll","floor":11},{"not_picked":["Bane","Underhanded Strike"],"picked":"Cloak And Dagger","floor":13},{"not_picked":["Slice","Backflip"],"picked":"Poisoned Stab","floor":14}],"player_experience":3247895,"relics_obtained":[{"floor":6,"key":"Regal Pillow"},{"floor":8,"key":"Vajra"}],"event_choices":[],"is_beta":false,"boss_relics":[],"items_purged_floors":[5],"is_endless":false,"potions_floor_spawned":[1,2,8,13,14],"killed_by":"Slime Boss","ascension_level":20}}