{"host":"oi6p1guiqfwwvxym","time":1613365998,"event":{"mods":["BaseMod","Bestiary","Colored Map","Minty Spire (QoL Compilation)","Relic Stats"],"gold_per_floor":[112,112,132,148,49,87,87,118,145,145,178,246,246,246,246,370,370,390,390,390,390,57,57,57,92,92,92,92],"floor_reached":27,"language":"ENG","playtime":899,"items_purged":["Strike_G","Writhe"],"score":375,"play_id":"96f44275-12c8-4084-9bc6-45e15982ae43","local_time":"20210214211318","is_ascension_mode":true,"campfire_choices":[{"floor":7,"key":"REST"},{"floor":10,"key":"REST"},{"floor":13,"key":"REST"},{"floor":15,"key":"REST"},{"data":"Well Laid Plans","floor":23,"key":"SMITH"}],"circlet_count":0,"master_deck":["AscendersBane","Defend_G","Defend_G","Defend_G","Defend_G","Defend_G","Survivor","Neutralize","Die Die Die+1","Prepared","Predator","Bouncing Flask","Dagger Throw+1","Blade Dance","Deadly Poison","Backflip","Corpse Explosion","Deflect+1","Bite","Bite","Bite+1","Bite","Bite","Well Laid Plans+1","Quick Slash","Footwork","Calculated Gamble"],"relics":["Ring of the Snake","Bloody Idol","Juzu Bracelet","Toy Ornithopter","MealTicket","Odd Mushroom","Cursed Key","Ice Cream","Whetstone","Bronze Scales"],"acts_visited":["Exordium","TheCity"],"potions_floor_usage":[3,6,16],"damage_taken":[{"damage":18,"enemies":"Jaw Worm","floor":1,"turns":5},{"damage":0,"enemies":"Small Slimes","floor":3,"turns":4},{"damage":1,"enemies":"2 Louse","floor":4,"turns":3},{"damage":16,"enemies":"Gremlin Nob","floor":6,"turns":3},{"damage":37,"enemies":"Lagavulin","floor":8,"turns":7},{"damage":26,"enemies":"The Mushroom Lair","floor":11,"turns":3},{"damage":37,"enemies":"Hexaghost","floor":16,"turns":9},{"damage":23,"enemies":"2 Thieves","floor":18,"turns":3},{"damage":25,"enemies":"Slavers","floor":25,"turns":3},{"damage":52,"enemies":"Book of Stabbing","floor":27,"turns":4}],"seed_played":"-987115965965664788","potions_obtained":[{"floor":1,"key":"PowerPotion"},{"floor":3,"key":"Fruit Juice"},{"floor":4,"key":"Explosive Potion"}],"is_trial":false,"path_per_floor":["M","?","M","M","$","E","R","E","T","R","?","?","R","?","R","B",null,"M","?","?","?","$","R","?","E","T","E"],"character_chosen":"THE_SILENT","items_purchased":["Dagger Throw","Whetstone","Well Laid Plans","Quick Slash"],"campfire_rested":4,"item_purchase_floors":[5,22,22,22],"current_hp_per_floor":[45,45,50,49,49,33,54,17,17,38,12,12,33,19,40,8,55,32,32,32,32,47,47,47,34,34,0,0],"gold":92,"neow_bonus":"ONE_RANDOM_RARE_CARD","is_daily":false,"chose_seed":false,"campfire_upgraded":1,"win_rate":0.0,"timestamp":1613365998,"path_taken":["M","?","M","M","$","E","R","E","T","R","?","?","R","?","R","BOSS","M","?","?","?","$","R","?","E","T","E"],"items_purchased_type":["Card","Relic","Card","Card"],"build_version":"2020-12-22","purchased_purges":2,"victory":false,"max_hp_per_floor":[70,65,70,70,70,70,70,70,70,70,70,70,70,70,70,70,70,70,70,49,49,49,49,49,49,49,49,49],"relic_stats":{"counters":[10,44],"Bloody Idol":5,"Bronze Scales":[18],"MealTicket":15,"Juzu Bracelet":0,"Whetstone":["Bite","Dagger Throw"],"Cursed Key":0,"obtain_stats":[{"Ice Cream":21,"Golden Idol":2,"Bloody Idol":19,"Bronze Scales":25,"MealTicket":9,"Juzu Bracelet":6,"Whetstone":22,"Odd Mushroom":11,"Cursed Key":17,"Toy Ornithopter":8,"Ring of the Snake":0},{"Ice Cream":8,"Golden Idol":1,"Bloody Idol":8,"Bronze Scales":9,"MealTicket":5,"Juzu Bracelet":4,"Whetstone":8,"Odd Mushroom":6,"Cursed Key":7,"Toy Ornithopter":5,"Ring of the Snake":0},{"Ice Cream":37,"Golden Idol":5,"Bloody Idol":37,"Bronze Scales":40,"MealTicket":22,"Juzu Bracelet":15,"Whetstone":37,"Odd Mushroom":25,"Cursed Key":34,"Toy Ornithopter":22,"Ring of the Snake":0}],"Toy Ornithopter":5,"Ring of the Snake":[20]},"card_choices":[{"not_picked":["Heel Hook","Bane"],"picked":"Prepared","floor":1},{"not_picked":["Bouncing Flask","Acrobatics"],"picked":"Predator","floor":3},{"not_picked":["All Out Attack","Sucker Punch"],"picked":"Bouncing Flask","floor":4},{"not_picked":["Unload","Dodge and Roll"],"picked":"Blade Dance","floor":6},{"not_picked":["Acrobatics","Setup"],"picked":"Deadly Poison","floor":8},{"not_picked":["Outmaneuver","Acrobatics"],"picked":"Backflip","floor":11},{"not_picked":["Malaise","Glass Knife"],"picked":"Corpse Explosion","floor":16},{"not_picked":["Prepared","Cloak And Dagger"],"picked":"Deflect+1","floor":18},{"not_picked":["Endless Agony","Unload"],"picked":"Calculated Gamble","floor":25}],"player_experience":435742,"relics_obtained":[{"floor":6,"key":"Juzu Bracelet"},{"floor":8,"key":"Toy Ornithopter"},{"floor":9,"key":"MealTicket"},{"floor":11,"key":"Odd Mushroom"},{"floor":25,"key":"Bronze Scales"}],"event_choices":[{"damage_healed":0,"gold_gain":0,"player_choice":"Lose Max HP","damage_taken":0,"relics_obtained":["Golden Idol"],"max_hp_gain":0,"max_hp_loss":5,"event_name":"Golden Idol","floor":2,"gold_loss":0},{"damage_healed":0,"gold_gain":0,"player_choice":"Fought Mushrooms","damage_taken":0,"max_hp_gain":0,"max_hp_loss":0,"event_name":"Mushrooms","floor":11,"gold_loss":0},{"damage_healed":0,"gold_gain":68,"player_choice":"Gained Gold","damage_taken":0,"max_hp_gain":0,"max_hp_loss":0,"event_name":"Golden Wing","floor":12,"gold_loss":0},{"damage_healed":0,"gold_gain":0,"player_choice":"Entered Light","damage_taken":14,"max_hp_gain":0,"max_hp_loss":0,"event_name":"Shining Light","floor":14,"gold_loss":0,"cards_upgraded":["Die Die Die","Strike_G"]},{"damage_healed":0,"gold_gain":0,"player_choice":"Gave Idol","damage_taken":0,"relics_obtained":["Bloody Idol"],"max_hp_gain":0,"max_hp_loss":0,"event_name":"Forgotten Altar","floor":19,"relics_lost":["Golden Idol"],"gold_loss":0},{"damage_healed":0,"gold_gain":0,"player_choice":"Became a vampire","damage_taken":0,"max_hp_gain":0,"max_hp_loss":21,"event_name":"Vampires","floor":20,"gold_loss":0,"cards_obtained":["Bite","Bite","Bite","Bite","Bite"]},{"damage_healed":0,"gold_gain":0,"player_choice":"Opened","damage_taken":0,"relics_obtained":["Ice Cream"],"max_hp_gain":0,"max_hp_loss":0,"event_name":"The Mausoleum","floor":21,"gold_loss":0,"cards_obtained":["Writhe"]},{"damage_healed":0,"gold_gain":0,"player_choice":"Read","damage_taken":0,"max_hp_gain":0,"max_hp_loss":0,"event_name":"The Library","floor":24,"gold_loss":0,"cards_obtained":["Footwork"]}],"is_beta":false,"boss_relics":[{"not_picked":["WristBlade","Black Star"],"picked":"Cursed Key"}],"items_purged_floors":[5,22],"is_endless":false,"potions_floor_spawned":[1,3,4],"killed_by":"Book of Stabbing","ascension_level":10}}