{"host":"cpsutu8lprjuipd6","time":1613405207,"event":{"mods":["BaseMod","Colored Map","Minty Spire (QoL Compilation)","Permanent Neow","StSLib","SuperFastMode","The Bug Knight","Together in Spire"],"gold_per_floor":[110,110,110,129,139,139,164,174,174,202,217,228,242,242,242,347,347,347,347,347,347,347,347,347,347,347,347,347,347,347,307,307,307,307,307,307,307,307,307,307,307,7,7,7,7,7,7,7,7,7],"floor_reached":51,"language":"KOR","playtime":1884,"items_purged":[],"score":937,"play_id":"79f929fa-0fec-484c-aefd-6b542a3caf5b","local_time":"20210216010647","daily_mods":["Draft","Allstar","Heirloom"],"is_ascension_mode":false,"campfire_choices":[{"data":"HollowMod:DescendingDark","floor":6,"key":"SMITH"},{"floor":15,"key":"REST"},{"data":"HollowMod:LordofShades","floor":32,"key":"SMITH"},{"floor":44,"key":"REST"},{"data":"HollowMod:NewLastStag","floor":49,"key":"SMITH"}],"circlet_count":0,"master_deck":["HollowMod:ShadowDash","HollowMod:DescendingDark+1","HollowMod:CycloneSlash+1","HollowMod:AbyssShriek","HollowMod:FallenFury","HollowMod:NewJinnsSoul","HollowMod:SoulStrike","HollowMod:SiblingsShadow","HollowMod:SiblingsShadow","HollowMod:VengefulVoid","HollowMod:SoulStrike","HollowMod:VengefulVoid","HollowMod:SoulSplash","HollowMod:SiblingsShadow+1","HollowMod:SharpenedShadows","HollowMod:DashSlash","HollowMod:DescendingDark","HollowMod:VengefulVoid","HollowMod:VoidDash","HollowMod:WraithStrike+1","HollowMod:DescendingDark","HollowMod:VengefulVoid","HollowMod:DescendingDark","HollowMod:LordofShades+1","HollowMod:DoubleDash+1","HollowMod:DreamGate+1","HollowMod:SiblingsSouls","HollowMod:VengefulVoid","Violence","Bandage Up","HollowMod:ShadowDash","HollowMod:BlackTendrils+1","HollowMod:NewLastStag+1","HollowMod:BlackTendrils+1"],"relics":["HollowMod:VoidIdolRelic","Ice Cream","Regal Pillow","Anchor","Gremlin Horn","Ectoplasm","White Beast Statue","Shuriken","Bottled Lightning","Bag of Preparation","Nunchaku","Whetstone","Torii"],"acts_visited":["Exordium","TheCity","TheBeyond"],"potions_floor_usage":[7,24,33,41,41],"damage_taken":[{"damage":0,"enemies":"Cultist","floor":1,"turns":2},{"damage":5,"enemies":"Small Slimes","floor":4,"turns":2},{"damage":0,"enemies":"2 Louse","floor":5,"turns":1},{"damage":23,"enemies":"Lagavulin","floor":7,"turns":4},{"damage":17,"enemies":"Red Slaver","floor":8,"turns":2},{"damage":0,"enemies":"Gremlin Nob","floor":10,"turns":2},{"damage":0,"enemies":"2 Fungi Beasts","floor":11,"turns":2},{"damage":3,"enemies":"Looter","floor":12,"turns":2},{"damage":0,"enemies":"Large Slime","floor":13,"turns":3},{"damage":0,"enemies":"Slime Boss","floor":16,"turns":4},{"damage":5,"enemies":"Shell Parasite","floor":18,"turns":3},{"damage":0,"enemies":"Spheric Guardian","floor":19,"turns":1},{"damage":1,"enemies":"Snake Plant","floor":21,"turns":2},{"damage":0,"enemies":"3 Cultists","floor":22,"turns":2},{"damage":0,"enemies":"Gremlin Leader","floor":23,"turns":3},{"damage":2,"enemies":"Cultist and Chosen","floor":24,"turns":2},{"damage":15,"enemies":"Slavers","floor":25,"turns":2},{"damage":2,"enemies":"Chosen and Byrds","floor":27,"turns":3},{"damage":0,"enemies":"Snake Plant","floor":29,"turns":2},{"damage":5,"enemies":"Centurion and Healer","floor":30,"turns":2},{"damage":59,"enemies":"HollowMod:NKGrimm","floor":33,"turns":5},{"damage":0,"enemies":"3 Darklings","floor":35,"turns":2},{"damage":18,"enemies":"Orb Walker","floor":38,"turns":3},{"damage":12,"enemies":"Sphere and 2 Shapes","floor":39,"turns":2},{"damage":1,"enemies":"Giant Head","floor":40,"turns":5},{"damage":29,"enemies":"Writhing Mass","floor":41,"turns":3},{"damage":39,"enemies":"2 Orb Walkers","floor":45,"turns":3},{"damage":10,"enemies":"Maw","floor":46,"turns":4},{"damage":12,"enemies":"Spire Growth","floor":47,"turns":3},{"damage":58,"enemies":"Time Eater","floor":50,"turns":4}],"seed_played":"-8746552463864284322","potions_obtained":[{"floor":1,"key":"Fruit Juice"},{"floor":7,"key":"SteroidPotion"},{"floor":8,"key":"ColorlessPotion"},{"floor":10,"key":"DuplicationPotion"},{"floor":24,"key":"Fruit Juice"},{"floor":25,"key":"Strength Potion"},{"floor":33,"key":"SteroidPotion"},{"floor":37,"key":"FairyPotion"},{"floor":37,"key":"Energy Potion"},{"floor":38,"key":"DuplicationPotion"},{"floor":41,"key":"Fruit Juice"},{"floor":45,"key":"Strength Potion"},{"floor":47,"key":"Swift Potion"}],"is_trial":true,"path_per_floor":["M","?","?","M","M","R","E","M","T","E","M","M","M","$","R","B",null,"M","M","?","M","M","E","M","E","T","M","T","M","M","?","R","B",null,"M","?","?","M","M","E","M","?","T","R","?","M","M","$","R","B",null],"character_chosen":"THE_BUGKNIGHT","items_purchased":[],"campfire_rested":2,"item_purchase_floors":[],"current_hp_per_floor":[75,80,80,75,75,75,57,40,40,40,40,37,37,37,77,77,85,80,80,80,79,79,79,82,67,67,65,65,65,60,60,60,1,90,90,85,85,67,59,62,42,42,42,85,50,64,64,64,64,19],"gold":7,"neow_bonus":"","is_daily":false,"chose_seed":false,"campfire_upgraded":3,"win_rate":0.0,"timestamp":1613405207,"path_taken":["M","?","?","M","?","R","E","M","T","E","?","M","?","?","R","BOSS","M","M","?","M","?","E","M","E","T","M","?","M","M","?","R","BOSS","M","?","?","M","?","E","M","?","T","R","?","M","M","$","R","BOSS"],"items_purchased_type":[],"build_version":"2020-12-22","purchased_purges":0,"victory":true,"max_hp_per_floor":[75,80,80,80,80,80,85,85,85,85,85,85,85,85,85,85,85,85,85,85,85,85,85,90,90,90,90,90,90,90,90,90,90,90,90,90,90,90,90,90,95,95,95,95,95,95,95,95,95,95],"card_choices":[{"not_picked":["HollowMod:InfectedAttack","HollowMod:DreamGate"],"picked":"HollowMod:ShadowDash","floor":0},{"not_picked":["HollowMod:DungDefenderAura","HollowMod:SoulVessel"],"picked":"HollowMod:DescendingDark","floor":0},{"not_picked":["HollowMod:InfectedCysts","HollowMod:GoodIntentions"],"picked":"HollowMod:RecoilStrike","floor":0},{"not_picked":["HollowMod:VengefulSpirit","HollowMod:SoulVessel"],"picked":"HollowMod:CycloneSlash","floor":0},{"not_picked":["HollowMod:MantisMark","HollowMod:DashSlash"],"picked":"HollowMod:AbyssShriek","floor":0},{"not_picked":["HollowMod:InfectedAttack","HollowMod:VengefulSpirit"],"picked":"HollowMod:FallenFury","floor":0},{"not_picked":["HollowMod:LifebloodCocoon","HollowMod:SoulShaman"],"picked":"HollowMod:NewJinnsSoul","floor":0},{"not_picked":["HollowMod:SoulVessel","HollowMod:DesolateDive"],"picked":"HollowMod:HowlingWraiths","floor":0},{"not_picked":["HollowMod:ShapeofUnn","HollowMod:MonarchWings"],"picked":"HollowMod:SoulStrike","floor":0},{"not_picked":["HollowMod:HuntersJournal","HollowMod:GoodIntentions"],"picked":"HollowMod:SiblingsShadow","floor":0},{"not_picked":["HollowMod:CloakDash","HollowMod:QuirrelsAssistance"],"picked":"HollowMod:SiblingsShadow","floor":0},{"not_picked":["HollowMod:InfectedAttack","HollowMod:LifebloodCocoon"],"picked":"HollowMod:VengefulVoid","floor":0},{"not_picked":["HollowMod:LuriensSpire","HollowMod:SoulEater"],"picked":"HollowMod:SoulStrike","floor":0},{"not_picked":["HollowMod:LifebloodCocoon","HollowMod:PerfectDash"],"picked":"HollowMod:VengefulVoid","floor":0},{"not_picked":["HollowMod:PureNailStrike","HollowMod:DreamGate"],"picked":"HollowMod:SoulSplash","floor":0},{"not_picked":["HollowMod:MothsMistake","HollowMod:DoubleDash"],"picked":"HollowMod:SiblingsShadow","floor":1},{"not_picked":["HollowMod:SharpenedNail","HollowMod:FastStrike"],"picked":"HollowMod:SharpenedShadows","floor":4},{"not_picked":["HollowMod:HowlingWraiths","HollowMod:InfectedAttack"],"picked":"HollowMod:DashSlash","floor":5},{"not_picked":["HollowMod:CloakDash","HollowMod:MothsMistake"],"picked":"HollowMod:DescendingDark","floor":7},{"not_picked":["HollowMod:CornifersMapStart","HollowMod:FastStrike"],"picked":"HollowMod:VengefulVoid","floor":8},{"not_picked":["HollowMod:BrokenVessel","HollowMod:GoodIntentions"],"picked":"HollowMod:VoidDash","floor":10},{"not_picked":["HollowMod:InfectedAttack","HollowMod:SharpenedNail"],"picked":"HollowMod:WraithStrike","floor":11},{"not_picked":["HollowMod:NewGlowingWomb","HollowMod:CornifersMapStart","HollowMod:SoulVessel"],"picked":"SKIP","floor":12},{"not_picked":["HollowMod:HeavyBlow","HollowMod:RecoilStrike"],"picked":"HollowMod:DescendingDark","floor":13},{"not_picked":["HollowMod:DashSlash","HollowMod:HuntersJournal"],"picked":"HollowMod:VengefulVoid","floor":18},{"not_picked":["HollowMod:InfectedCysts","HollowMod:TaintedHusks"],"picked":"HollowMod:DescendingDark","floor":19},{"not_picked":["HollowMod:TaintedHusks","HollowMod:SharpenedNail","HollowMod:CycloneSlash"],"picked":"SKIP","floor":21},{"not_picked":["HollowMod:CoiledNail","HollowMod:CornifersMapStart"],"picked":"HollowMod:LordofShades","floor":22},{"not_picked":["HollowMod:ZotesMagnificence","HollowMod:SoulEater"],"picked":"HollowMod:DoubleDash+1","floor":23},{"not_picked":["HollowMod:LifebloodCocoon","HollowMod:ChannelNail"],"picked":"HollowMod:DreamGate+1","floor":24},{"not_picked":["HollowMod:NewLittleFool","HollowMod:SoulShaman"],"picked":"HollowMod:SiblingsSouls","floor":25},{"not_picked":["HollowMod:MawleksShell+1","HollowMod:DungDefenderAura"],"picked":"HollowMod:VengefulVoid","floor":27},{"not_picked":["HollowMod:HornetsHelp","HollowMod:SharpenedNail","HollowMod:InfectedAttack"],"picked":"SKIP","floor":29},{"not_picked":["HollowMod:MothsMistake","HollowMod:HowlingWraiths","HollowMod:GoodIntentions"],"picked":"SKIP","floor":30},{"not_picked":["HollowMod:SiblingsShadow","HollowMod:ChannelNail+1","HollowMod:InfectedAttack+1"],"picked":"SKIP","floor":35},{"not_picked":["Enlightenment","Flash of Steel"],"picked":"Violence","floor":36},{"not_picked":["Mind Blast","PanicButton"],"picked":"Bandage Up","floor":36},{"not_picked":["HollowMod:SiblingsSouls","HollowMod:DungDefenderAura","HollowMod:QuirrelsAssistance+1"],"picked":"SKIP","floor":38},{"not_picked":["HollowMod:GreatSlash","HollowMod:InfectedAttack+1"],"picked":"HollowMod:ShadowDash","floor":39},{"not_picked":["HollowMod:LifebloodCore","HollowMod:WraithStrike+1"],"picked":"HollowMod:BlackTendrils+1","floor":40},{"not_picked":["HollowMod:NewGlowingWomb+1","HollowMod:Grubsong+1","HollowMod:CycloneSlash+1"],"picked":"SKIP","floor":41},{"not_picked":["HollowMod:GoodIntentions+1","HollowMod:SoulVessel+1"],"picked":"HollowMod:BlackTendrils+1","floor":45},{"not_picked":["HollowMod:NewLittleFool+1","HollowMod:HeavyBlow+1","HollowMod:DoubleDash"],"picked":"SKIP","floor":46},{"not_picked":["HollowMod:NewJinnsSoul","HollowMod:NewLittleFool","HollowMod:GreatSlash"],"picked":"SKIP","floor":47}],"player_experience":85089,"relics_obtained":[{"floor":7,"key":"Regal Pillow"},{"floor":9,"key":"Anchor"},{"floor":10,"key":"Gremlin Horn"},{"floor":23,"key":"White Beast Statue"},{"floor":25,"key":"Shuriken"},{"floor":26,"key":"Bottled Lightning"},{"floor":28,"key":"Bag of Preparation"},{"floor":40,"key":"Nunchaku"},{"floor":43,"key":"Whetstone"},{"floor":45,"key":"Torii"}],"event_choices":[{"damage_healed":0,"gold_gain":0,"player_choice":"Donut","damage_taken":0,"max_hp_gain":5,"max_hp_loss":0,"event_name":"Big Fish","floor":2,"gold_loss":0},{"cards_removed":["HollowMod:HowlingWraiths"],"damage_healed":0,"gold_gain":0,"player_choice":"Purged","damage_taken":0,"max_hp_gain":0,"max_hp_loss":0,"event_name":"Purifier","floor":3,"gold_loss":0},{"cards_removed":["HollowMod:RecoilStrike"],"damage_healed":0,"gold_gain":0,"player_choice":"Purged","damage_taken":0,"max_hp_gain":0,"max_hp_loss":0,"event_name":"Purifier","floor":20,"gold_loss":0},{"damage_healed":0,"gold_gain":0,"player_choice":"Upgrade","damage_taken":0,"max_hp_gain":0,"max_hp_loss":0,"event_name":"Designer","floor":31,"gold_loss":40,"cards_upgraded":["HollowMod:SiblingsShadow"]},{"damage_healed":0,"gold_gain":0,"player_choice":"Memory 2","damage_taken":5,"max_hp_gain":0,"max_hp_loss":0,"event_name":"SensoryStone","floor":36,"gold_loss":0},{"damage_healed":0,"gold_gain":0,"player_choice":"Got Potions","damage_taken":0,"max_hp_gain":0,"max_hp_loss":0,"event_name":"Lab","floor":37,"gold_loss":0},{"damage_healed":0,"gold_gain":0,"player_choice":"Fight","damage_taken":0,"max_hp_gain":0,"max_hp_loss":0,"event_name":"Mysterious Sphere","floor":45,"gold_loss":0}],"is_beta":false,"boss_relics":[{"not_picked":["HollowMod:KingsSoulRelic","Busted Crown"],"picked":"Ectoplasm"},{"not_picked":["Runic Dome","Runic Pyramid"],"picked":"HollowMod:VoidIdolRelic"}],"items_purged_floors":[],"is_endless":false,"potions_floor_spawned":[1,7,8,10,13,16,21,22,24,25,27,29,30,33,35,38,39,40,41,45,46,47],"ascension_level":0}}