{"host":"vpaavrwbmey593fx","time":1613355342,"event":{"mods":["AchievementEnabler","BaseMod","Bestiary","Colored Map","Colored Powertips","DeckTracker","Minty Spire (QoL Compilation)","Relic Sorter"],"gold_per_floor":[115,115,115,125,145,145,175,175,222,257,257,10,20,36,36,138,138,150,110,128,60,60,60,60],"floor_reached":23,"language":"ENG","playtime":1805,"items_purged":[],"score":299,"play_id":"7f405848-358f-4ce7-a246-dc859ae6671e","local_time":"20210214181542","is_ascension_mode":true,"campfire_choices":[{"data":"Bouncing Flask","floor":6,"key":"SMITH"},{"data":"Neutralize","floor":8,"key":"SMITH"},{"data":"Footwork","floor":11,"key":"SMITH"},{"floor":15,"key":"REST"}],"circlet_count":0,"master_deck":["AscendersBane","Strike_G","Strike_G","Strike_G","Defend_G","Defend_G","Defend_G","Survivor","Neutralize+1","Bouncing Flask+1","Expertise+1","Blur","Footwork+1","PiercingWail","Setup+1","Night Terror+1","Dodge and Roll+1","Footwork"],"relics":["Ring of the Snake","Pen Nib","Orichalcum","Bag of Preparation","Toxic Egg 2","Empty Cage","Mercury Hourglass"],"acts_visited":["Exordium","TheCity"],"potions_floor_usage":[16,16,16,23],"damage_taken":[{"damage":4,"enemies":"Jaw Worm","floor":1,"turns":4},{"damage":2,"enemies":"Small Slimes","floor":4,"turns":5},{"damage":0,"enemies":"Cultist","floor":5,"turns":4},{"damage":11,"enemies":"Lagavulin","floor":7,"turns":5},{"damage":19,"enemies":"3 Sentries","floor":10,"turns":12},{"damage":0,"enemies":"Exordium Wildlife","floor":13,"turns":5},{"damage":5,"enemies":"Red Slaver","floor":14,"turns":5},{"damage":28,"enemies":"Slime Boss","floor":16,"turns":14},{"damage":6,"enemies":"3 Byrds","floor":18,"turns":7},{"damage":10,"enemies":"Spheric Guardian","floor":20,"turns":5},{"damage":49,"enemies":"Slavers","floor":23,"turns":6}],"seed_played":"-6877810047456880346","potions_obtained":[{"floor":0,"key":"Explosive Potion"},{"floor":0,"key":"Poison Potion"},{"floor":0,"key":"LiquidBronze"},{"floor":1,"key":"Ancient Potion"},{"floor":5,"key":"Strength Potion"},{"floor":16,"key":"SpeedPotion"},{"floor":18,"key":"CultistPotion"}],"is_trial":false,"path_per_floor":["M","?","?","M","M","R","E","R","T","E","R","$","M","M","R","B",null,"M","?","M","$","T","E"],"character_chosen":"THE_SILENT","items_purchased":["Toxic Egg 2","Footwork"],"campfire_rested":1,"item_purchase_floors":[12,21],"current_hp_per_floor":[59,59,59,57,57,57,46,46,46,27,27,27,27,22,43,15,56,50,50,40,40,40,0,0],"gold":60,"neow_bonus":"THREE_SMALL_POTIONS","is_daily":false,"chose_seed":false,"campfire_upgraded":3,"win_rate":0.0,"timestamp":1613355342,"path_taken":["M","?","?","M","M","R","E","R","T","E","R","$","M","?","R","BOSS","M","?","?","?","?","E"],"items_purchased_type":["Relic","Card"],"build_version":"2020-12-22","purchased_purges":0,"victory":false,"max_hp_per_floor":[70,70,70,70,70,70,70,70,70,70,70,70,70,70,70,70,70,70,70,70,70,70,70,70],"card_choices":[{"not_picked":["Bane","Underhanded Strike"],"picked":"Bouncing Flask","floor":1},{"not_picked":["Masterful Stab","Accuracy"],"picked":"Blur","floor":4},{"not_picked":["Blade Dance","Backflip"],"picked":"Footwork","floor":5},{"not_picked":["Deflect","Backflip","PiercingWail"],"picked":"SKIP","floor":7},{"not_picked":["Slice","Cloak And Dagger"],"picked":"PiercingWail","floor":10},{"not_picked":["Deflect+1","Quick Slash","All Out Attack"],"picked":"SKIP","floor":13},{"not_picked":["Outmaneuver+1","Bane"],"picked":"Setup+1","floor":14},{"not_picked":["Unload","A Thousand Cuts"],"picked":"Night Terror+1","floor":16},{"not_picked":["Expertise+1","Flying Knee","Backstab+1"],"picked":"SKIP","floor":18},{"not_picked":["Slice","Dagger Throw"],"picked":"Dodge and Roll+1","floor":20}],"player_experience":360549,"relics_obtained":[{"floor":7,"key":"Orichalcum"},{"floor":9,"key":"Pen Nib"},{"floor":10,"key":"Bag of Preparation"},{"floor":22,"key":"Mercury Hourglass"}],"event_choices":[{"damage_healed":0,"gold_gain":0,"cards_transformed":["Strike_G"],"player_choice":"Change","damage_taken":0,"max_hp_gain":0,"max_hp_loss":0,"event_name":"Living Wall","floor":2,"gold_loss":0,"cards_obtained":["Expertise"]},{"cards_removed":["Defend_G"],"damage_healed":0,"gold_gain":0,"player_choice":"Offered Basic","damage_taken":0,"max_hp_gain":0,"max_hp_loss":0,"event_name":"Bonfire Elementals","floor":3,"gold_loss":0},{"damage_healed":0,"gold_gain":0,"player_choice":"Upgrade","damage_taken":0,"max_hp_gain":0,"max_hp_loss":0,"event_name":"Designer","floor":19,"gold_loss":40,"cards_upgraded":["Expertise"]}],"is_beta":false,"boss_relics":[{"not_picked":["Ectoplasm","WristBlade"],"picked":"Empty Cage"}],"items_purged_floors":[],"is_endless":false,"potions_floor_spawned":[1,5,16,18],"killed_by":"Slavers","ascension_level":10}}