{"host":"nlbr7nnijupf3yfg","time":1613428035,"event":{"mods":["AchievementEnabler","BaseMod","BetterRewards","Colored Powertips","DeckTracker","Downfall","Hermit","Hubris","Infinite Spire","Minty Spire (QoL Compilation)","Quick Restart","Replay The Spire","StSLib","SuperFastMode","The Saiyan","The Servant 0.9.4"],"gold_per_floor":[113,113,138,150,175,187,199,228,240,280,305,333,360,372,372],"floor_reached":14,"language":"ENG","playtime":474,"items_purged":[],"score":146,"play_id":"09a35b37-5044-4fa8-99c9-b56acc2057e4","local_time":"20210215172715","is_ascension_mode":true,"campfire_choices":[{"floor":6,"key":"REST"}],"circlet_count":0,"master_deck":["AscendersBane","Strike_R","Strike_R","Strike_R","Strike_R","Strike_R","Defend_R","Defend_R+1","Defend_R","Defend_R","Bash","CurseOfTheBell","Pommel Strike","Thunderclap","Regret","Havoc+1","Flame Barrier+1","Body Slam","Armaments","Replay:Undeath\u0027s Touch","Replay:Undeath\u0027s Touch"],"relics":["Calling Bell","Gremlin Food","hubris:SphereOfDissonance","Bird Faced Urn","MawBank","Torii","hubris:Towel","Paper Frog","War Paint"],"acts_visited":["Exordium"],"potions_floor_usage":[10],"damage_taken":[{"damage":6,"enemies":"Cultist","floor":1,"turns":3},{"damage":3,"enemies":"Small Slimes","floor":3,"turns":4},{"damage":2,"enemies":"2 Louse","floor":5,"turns":2},{"damage":18,"enemies":"Exordium Thugs","floor":8,"turns":5},{"damage":40,"enemies":"Lagavulin","floor":10,"turns":5},{"damage":0,"enemies":"Looter","floor":11,"turns":2},{"damage":0,"enemies":"3 Louse","floor":12,"turns":2},{"damage":0,"enemies":"Blue Slaver","floor":13,"turns":3},{"damage":12,"enemies":"Replay:BlueRogue","floor":14,"turns":3}],"seed_played":"-8274914565128788502","potions_obtained":[{"floor":1,"key":"Dexterity Potion"},{"floor":8,"key":"SteroidPotion"},{"floor":10,"key":"SmokeBomb"}],"is_trial":false,"path_per_floor":["M","?","M","?","M","R","?","M","T","E","M","M","M","E"],"character_chosen":"IRONCLAD","items_purchased":[],"campfire_rested":1,"item_purchase_floors":[],"current_hp_per_floor":[66,48,45,45,43,67,67,49,49,9,9,9,9,0,0],"gold":372,"neow_bonus":"BOSS_RELIC","is_daily":false,"chose_seed":false,"campfire_upgraded":0,"win_rate":0.0,"timestamp":1613428035,"path_taken":["M","?","M","?","M","R","?","M","T","E","?","M","M","E"],"items_purchased_type":[],"build_version":"2020-12-22","purchased_purges":0,"victory":false,"max_hp_per_floor":[80,80,80,80,80,80,80,80,80,80,80,80,80,80,80],"card_choices":[{"not_picked":["hubris:ReadiedAction","Clothesline"],"picked":"Pommel Strike","floor":1},{"not_picked":["Burning Pact","Twin Strike"],"picked":"Thunderclap","floor":3},{"not_picked":["ReplayTheSpireMod:Strike From Hell","hubris:ReadiedAction"],"picked":"Havoc","floor":5},{"not_picked":["hubris:CleavingFinish","Anger"],"picked":"Flame Barrier","floor":8},{"not_picked":["Iron Wave","Carnage"],"picked":"Body Slam","floor":10},{"not_picked":["Wild Strike","Headbutt"],"picked":"Armaments","floor":11},{"not_picked":["Life Link","Headbutt"],"picked":"Replay:Undeath\u0027s Touch","floor":12},{"not_picked":["Dropkick","hubris:ReadiedAction"],"picked":"Replay:Undeath\u0027s Touch","floor":13}],"player_experience":76801,"relics_obtained":[{"floor":0,"key":"Gremlin Food"},{"floor":0,"key":"hubris:SphereOfDissonance"},{"floor":0,"key":"Bird Faced Urn"},{"floor":9,"key":"Paper Frog"},{"floor":10,"key":"War Paint"}],"event_choices":[{"damage_healed":0,"gold_gain":0,"player_choice":"Success","damage_taken":18,"relics_obtained":["MawBank"],"max_hp_gain":0,"max_hp_loss":0,"event_name":"Scrap Ooze","floor":2,"gold_loss":0},{"damage_healed":0,"gold_gain":0,"player_choice":"Box","damage_taken":0,"relics_obtained":["Torii"],"max_hp_gain":0,"max_hp_loss":0,"event_name":"Big Fish","floor":4,"gold_loss":0,"cards_obtained":["Regret"]}],"is_beta":false,"boss_relics":[],"items_purged_floors":[],"is_endless":false,"potions_floor_spawned":[1,8,10,11,12,13],"killed_by":"Replay:BlueRogue","ascension_level":11}}