{"host":"f8toxsj3bk02pkeu","time":1613354411,"event":{"mods":["BaseMod","Minty Spire (QoL Compilation)","Permanent Neow","Quick Restart","StSLib","SuperFastMode"],"gold_per_floor":[116,391,409,334,349,349,375,427,454,208,208,249,270,270,270],"floor_reached":14,"language":"ENG","playtime":324,"items_purged":["Strike_G"],"score":196,"play_id":"21d31c49-a48a-4625-88d5-1cea3309f915","local_time":"20210214190011","is_ascension_mode":true,"campfire_choices":[{"data":"Neutralize","floor":6,"key":"SMITH"}],"circlet_count":0,"master_deck":["AscendersBane","Strike_G","Strike_G","Strike_G","Strike_G","Defend_G","Defend_G","Defend_G","Defend_G","Defend_G","Survivor","Neutralize+1","Dagger Spray","Slice","Sucker Punch","Deadly Poison"],"relics":["Runic Pyramid","MealTicket","Happy Flower","Potion Belt","ClockworkSouvenir","Golden Idol","Oddly Smooth Stone"],"acts_visited":["Exordium"],"potions_floor_usage":[7,7],"damage_taken":[{"damage":5,"enemies":"2 Louse","floor":1,"turns":4},{"damage":0,"enemies":"Cultist","floor":3,"turns":4},{"damage":0,"enemies":"Jaw Worm","floor":5,"turns":4},{"damage":4,"enemies":"3 Sentries","floor":7,"turns":6},{"damage":19,"enemies":"Lagavulin","floor":12,"turns":9},{"damage":3,"enemies":"Exordium Wildlife","floor":13,"turns":3},{"damage":22,"enemies":"Gremlin Nob","floor":14,"turns":3}],"seed_played":"1060605644795459567","potions_obtained":[{"floor":1,"key":"CunningPotion"},{"floor":3,"key":"BlessingOfTheForge"},{"floor":13,"key":"SpeedPotion"}],"is_trial":false,"path_per_floor":["M","?","M","?","M","R","E","T","T","$","?","E","M","E"],"character_chosen":"THE_SILENT","items_purchased":["ClockworkSouvenir"],"campfire_rested":0,"item_purchase_floors":[10],"current_hp_per_floor":[54,54,54,54,54,54,50,50,50,65,42,23,20,0,0],"gold":270,"neow_bonus":"BOSS_RELIC","is_daily":false,"chose_seed":false,"campfire_upgraded":1,"win_rate":0.0,"timestamp":1613354411,"path_taken":["M","?","?","?","M","R","E","?","T","$","?","E","M","E"],"items_purchased_type":["Relic"],"build_version":"2020-12-22","purchased_purges":1,"victory":false,"max_hp_per_floor":[66,66,66,66,66,66,66,66,66,66,66,66,66,66,66],"card_choices":[{"not_picked":["Infinite Blades","Acrobatics"],"picked":"Dagger Spray","floor":1},{"not_picked":["Sucker Punch","Flying Knee"],"picked":"Slice","floor":3},{"not_picked":["Prepared","Predator"],"picked":"Sucker Punch","floor":5},{"not_picked":["Accuracy","Escape Plan","Phantasmal Killer"],"picked":"SKIP","floor":7},{"not_picked":["Reflex","Underhanded Strike","All Out Attack"],"picked":"SKIP","floor":12},{"not_picked":["Dagger Throw","Bane"],"picked":"Deadly Poison","floor":13}],"player_experience":990947,"relics_obtained":[{"floor":7,"key":"MealTicket"},{"floor":8,"key":"Happy Flower"},{"floor":9,"key":"Potion Belt"},{"floor":12,"key":"Oddly Smooth Stone"}],"event_choices":[{"damage_healed":0,"gold_gain":275,"player_choice":"Desecrate","damage_taken":0,"max_hp_gain":0,"max_hp_loss":0,"event_name":"Golden Shrine","floor":2,"gold_loss":0,"cards_obtained":["Regret"]},{"cards_removed":["Regret"],"damage_healed":0,"gold_gain":0,"player_choice":"Card Removal","damage_taken":0,"max_hp_gain":0,"max_hp_loss":0,"event_name":"The Cleric","floor":4,"gold_loss":75},{"damage_healed":0,"gold_gain":0,"player_choice":"Take Damage","damage_taken":23,"relics_obtained":["Golden Idol"],"max_hp_gain":0,"max_hp_loss":0,"event_name":"Golden Idol","floor":11,"gold_loss":0}],"is_beta":false,"boss_relics":[],"items_purged_floors":[10],"is_endless":false,"potions_floor_spawned":[1,3,13],"killed_by":"Gremlin Nob","ascension_level":20}}