{"host":"050ensmz1fh1c58u","time":1613398508,"event":{"mods":["BaseMod","Downfall","Gremlin Mod","Minty Spire (QoL Compilation)","READ ME - Guardian Mod","StSLib","The Animator","The Bug Knight","The Cursed","The Disciple","The Servant 0.9.4"],"gold_per_floor":[119,119,139,154,154,154,182,182,254,254,254,254],"floor_reached":10,"language":"ENG","playtime":682,"items_purged":[],"score":91,"play_id":"4238bed5-7612-4e53-ba96-4ecd25437277","local_time":"20210215151508","daily_mods":["SealedDeck","Allstar","DeadlyEvents","Elite Swarm"],"is_ascension_mode":false,"campfire_choices":[{"data":"bronze:ForceShield","floor":6.0,"key":"SMITH"},{"data":"bronze:WhirlingStrike","floor":8.0,"key":"SMITH"}],"circlet_count":0,"master_deck":["bronze:Backtrace","bronze:Optimize","bronze:DelayedGuard","bronze:Repair","bronze:Repair","bronze:Repair","bronze:WhirlingStrike+1","bronze:WhirlingStrike","bronze:WhirlingStrike","bronze:Frontload","bronze:ForceShield+1","bronze:Assembly","bronze:Assembly"],"relics":["bronze:BronzeCore","Centennial Puzzle","InkBottle"],"acts_visited":["Exordium"],"potions_floor_usage":[],"damage_taken":[{"damage":11.0,"enemies":"Jaw Worm","floor":1.0,"turns":3.0},{"damage":0.0,"enemies":"Cultist","floor":3.0,"turns":3.0},{"damage":1.0,"enemies":"2 Louse","floor":4.0,"turns":2.0},{"damage":0.0,"enemies":"3 Sentries","floor":7.0,"turns":4.0},{"damage":4,"enemies":"Gremlin Nob","floor":10,"turns":3}],"seed_played":"-7555161766733974018","potions_obtained":[{"floor":4.0,"key":"DuplicationPotion"},{"floor":7.0,"key":"CultistPotion"}],"is_trial":true,"path_per_floor":["M","$","M","M","?","R","E","R","T","E"],"character_chosen":"THE_AUTOMATON","items_purchased":[],"campfire_rested":0,"item_purchase_floors":[],"current_hp_per_floor":[70,70,70,70,70,70,70,70,70,66,66,66],"gold":254,"neow_bonus":"","is_daily":false,"chose_seed":false,"campfire_upgraded":2,"win_rate":0.0,"timestamp":1613398508,"path_taken":["M","$","M","M","?","R","E","R","T","E"],"items_purchased_type":[],"build_version":"2020-12-22","purchased_purges":0,"victory":false,"max_hp_per_floor":[70,70,70,70,70,70,70,70,70,70,70,70],"card_choices":[{"not_picked":["bronze:BronzeOrb","bronze:Flail"],"picked":"bronze:Frontload","floor":1.0},{"not_picked":["bronze:BugBarrage","bronze:Iterate","bronze:WhirlingStrike"],"picked":"SKIP","floor":3.0},{"not_picked":["bronze:GetLatest","bronze:Deprecate"],"picked":"bronze:ForceShield","floor":4.0},{"not_picked":["bronze:FindAndReplace","bronze:HardenedForm"],"picked":"bronze:Assembly","floor":7.0}],"player_experience":1639396,"relics_obtained":[{"floor":7.0,"key":"Centennial Puzzle"},{"floor":9.0,"key":"InkBottle"}],"event_choices":[{"damage_healed":0.0,"max_hp_gain":0.0,"max_hp_loss":0.0,"gold_gain":0.0,"cards_transformed":["bronze:DelayedGuard"],"event_name":"Transmorgrifier","player_choice":"Transformed","floor":5.0,"gold_loss":0.0,"damage_taken":0.0,"cards_obtained":["bronze:Assembly"]}],"is_beta":false,"boss_relics":[],"items_purged_floors":[],"is_endless":false,"potions_floor_spawned":[4,7],"killed_by":"Gremlin Nob","ascension_level":0}}