{"host":"Hova","time":1613401657,"event":{"mods":["AchievementEnabler","Aspiration","BaseMod","Better Match","Better Note","Colored Map","Colored Powertips","DeckTracker","Downfall","Hubris","Infinite Spire","Minty Spire (QoL Compilation)","Rare Cards Sparkle","Reliquary","Remilia??????","Replay The Spire","Shop Mod","StSLib","SuperFastMode","The Clintock","The Cursed","The Death Knight","The Necromancer","The Servant 0.9.4"],"gold_per_floor":[114,114,114,132,150,161,178,207,207,227,16,32,49,49,49],"floor_reached":14,"language":"ENG","playtime":594,"items_purged":[],"score":96,"play_id":"3601f58a-62ad-463f-8bba-546594a9ca6e","local_time":"20210215180737","is_ascension_mode":false,"campfire_choices":[],"circlet_count":0,"master_deck":["Strike_R","Strike_R","Strike_R","Strike_R","Strike_R","Defend_R","Defend_R","Defend_R","Bash","infinitespire:FinalStrike","Entrench","hubris:SharpeningStone","Barricade","Metallicize","Feed","Rampage","Shrug It Off"],"relics":["Burning Blood","ReplayTheSpireMod:Spearhead","hubris:ChampionShield","Ginger"],"acts_visited":["Exordium"],"potions_floor_usage":[8,8,12,12,13],"damage_taken":[{"damage":1,"enemies":"Cultist","floor":1,"turns":3},{"damage":6,"enemies":"2 Louse","floor":4,"turns":3},{"damage":6,"enemies":"Jaw Worm","floor":5,"turns":3},{"damage":4,"enemies":"2 Fungi Beasts","floor":6,"turns":3},{"damage":23,"enemies":"Lots of Slimes","floor":7,"turns":4},{"damage":25,"enemies":"Lagavulin","floor":8,"turns":5},{"damage":10,"enemies":"Looter","floor":10,"turns":2},{"damage":7,"enemies":"Exordium Thugs","floor":12,"turns":3},{"damage":20,"enemies":"Exordium Wildlife","floor":13,"turns":5},{"damage":13,"enemies":"3 Sentries","floor":14,"turns":2}],"seed_played":"-4636873844106738169","potions_obtained":[{"floor":1,"key":"FearPotion"},{"floor":6,"key":"FearPotion"},{"floor":8,"key":"Adrenaline Potion"},{"floor":12,"key":"LiquidBronze"}],"is_trial":false,"path_per_floor":["M","?","?","M","M","M","M","E","T","M","$","M","M","E"],"character_chosen":"IRONCLAD","items_purchased":["Feed","ColorlessPotion"],"campfire_rested":0,"item_purchase_floors":[11,11],"current_hp_per_floor":[80,60,60,60,60,62,45,26,26,22,22,24,10,0,0],"gold":49,"neow_bonus":"RANDOM_COMMON_RELIC","is_daily":false,"chose_seed":false,"campfire_upgraded":0,"win_rate":0.0,"timestamp":1613401657,"path_taken":["M","?","?","?","M","M","M","E","T","M","?","M","M","E"],"items_purchased_type":["Card","Potion"],"build_version":"2020-11-17","purchased_purges":0,"victory":false,"max_hp_per_floor":[80,80,80,80,80,80,80,80,80,80,80,83,83,83,83],"card_choices":[{"not_picked":["Headbutt","Flex","Thunderclap"],"picked":"SKIP","floor":1},{"not_picked":["Replay:Fractal Strike","infinitespire:SevenWalls"],"picked":"infinitespire:FinalStrike","floor":2},{"not_picked":["Rage","Clash"],"picked":"hubris:SharpeningStone","floor":4},{"not_picked":["Thunderclap","Rupture","Hemokinesis"],"picked":"SKIP","floor":5},{"not_picked":["Warcry","Shrug It Off"],"picked":"Barricade","floor":6},{"not_picked":["Replay:Undeath\u0027s Touch","Power Through"],"picked":"Metallicize","floor":7},{"not_picked":["Iron Wave","Body Slam","Shrug It Off"],"picked":"SKIP","floor":8},{"not_picked":["Uppercut","ReplayTheSpireMod:Strike From Hell","Replay:Undeath\u0027s Touch"],"picked":"SKIP","floor":10},{"not_picked":["Armaments","Rupture"],"picked":"Rampage","floor":12},{"not_picked":["Anger","Dual Wield"],"picked":"Shrug It Off","floor":13}],"player_experience":1629,"relics_obtained":[{"floor":8,"key":"hubris:ChampionShield"},{"floor":9,"key":"Ginger"}],"event_choices":[{"damage_healed":0,"gold_gain":0,"cards_transformed":["Defend_R"],"player_choice":"Transformed","damage_taken":0,"max_hp_gain":0,"max_hp_loss":0,"event_name":"Transmorgrifier","floor":3,"gold_loss":0,"cards_obtained":["Entrench"]}],"is_beta":true,"boss_relics":[],"items_purged_floors":[],"is_endless":false,"potions_floor_spawned":[1,6,8,12],"killed_by":"3 Sentries","ascension_level":0}}