{"host":"a3gu5zu37ht99mpa","time":1613355917,"event":{"mods":["100% Spire Juice","Act Like it!","Arknights","BaseMod","Better Silent Start","BetterRewards","Conspire","Downfall","Energized Spire","GifTheSpireLib","Gold Saver","Halation","Minty Spire (QoL Compilation)","Prisma Mod","Robot Space Explorer","Shop Mod","StSLib","Stuff the Spire","The Animator","The Servant 0.9.4","Virulent Crown","Wandering Minibosses","yUi"],"gold_per_floor":[654,684,697,721,477,535,535,568,568,622,622,622,622,659,659,659,659],"floor_reached":16,"language":"ENG","playtime":1762,"items_purged":[],"score":126,"play_id":"c3bccc7b-7c32-4be4-9fc0-ec422baf0d80","local_time":"20210214212517","is_ascension_mode":true,"campfire_choices":[{"data":"animator:Nanami","floor":7,"key":"SMITH"},{"floor":11,"key":"RECALL"},{"data":"animator:Shichika","floor":15,"key":"SMITH"}],"circlet_count":0,"master_deck":["animator:Strike_AccelWorld","animator:Defend_AccelWorld","animator:Strike","animator:Strike","animator:Strike","animator:Defend","animator:Defend","animator:Defend","animator:Kuroyukihime","animator:LimeBell","animator:TsurugaMeisai","animator:Ain","animator:Azekura","animator:GuildGirl","animator:WinryRockbell","animator:Nanami+1","animator:ZankiKiguchi","animator:Konayuki","animator:Shichika+1"],"relics":["animator:LivingPicture","animator:ColorlessFragment","animator:PurgingStone","NeowsBlessing","StuffTheSpire:Barrel","PreservedInsect","halation:PinkSoulGem","conspire:Boomerang"],"acts_visited":["Exordium"],"potions_floor_usage":[8,8],"damage_taken":[{"damage":0,"enemies":"Cultist","floor":1,"turns":1},{"damage":0,"enemies":"2 Louse","floor":2,"turns":2},{"damage":0,"enemies":"Jaw Worm","floor":3,"turns":1},{"damage":0,"enemies":"Blue Slaver","floor":4,"turns":6},{"damage":10,"enemies":"3 Sentries","floor":6,"turns":11},{"damage":11,"enemies":"Lagavulin","floor":8,"turns":7},{"damage":6,"enemies":"Large Slime","floor":10,"turns":12},{"damage":41,"enemies":"Gremlin Nob","floor":14,"turns":6},{"damage":17,"enemies":"Hexaghost","floor":16,"turns":16}],"seed_played":"-8336394417195125892","potions_obtained":[{"floor":1,"key":"AttackPotion"},{"floor":2,"key":"conspire:TimeTravelPotion"}],"is_trial":false,"path_per_floor":["M","M","M","M","$","E","R","E","T","M","R","?","?","E","R","B"],"character_chosen":"THE_ANIMATOR","items_purchased":["animator:ColorlessFragment","animator:WinryRockbell"],"campfire_rested":0,"item_purchase_floors":[5,5],"current_hp_per_floor":[66,66,67,67,67,57,57,57,57,51,51,51,51,12,12,0,0],"gold":659,"neow_bonus":"THREE_ENEMY_KILL","is_daily":false,"chose_seed":false,"campfire_upgraded":2,"win_rate":0.0,"timestamp":1613355917,"path_taken":["M","?","?","M","$","E","R","E","T","M","R","?","?","E","R","BOSS"],"items_purchased_type":["Relic","Card"],"build_version":"2020-12-22","purchased_purges":0,"victory":false,"max_hp_per_floor":[66,66,67,67,67,67,67,68,68,68,68,68,68,70,70,70,70],"card_choices":[{"not_picked":["animator:Chung","animator:Demiurge"],"picked":"animator:TsurugaMeisai","floor":1},{"not_picked":["animator:Cocytus","animator:Priestess"],"picked":"animator:Ain","floor":2},{"not_picked":["animator:Sloth","animator:Vanir"],"picked":"animator:Azekura","floor":3},{"not_picked":["animator:LizardPriest","animator:Spearman"],"picked":"animator:GuildGirl","floor":4},{"not_picked":["animator:KyokoSakura","animator:Eris"],"picked":"animator:Nanami","floor":6},{"not_picked":["animator:Raven","animator:Aisha"],"picked":"animator:ZankiKiguchi","floor":8},{"not_picked":["animator:Shichika","animator:Azekura"],"picked":"animator:Konayuki","floor":10},{"not_picked":["animator:Boros","animator:Elesis"],"picked":"animator:Shichika","floor":14}],"player_experience":80914,"relics_obtained":[{"floor":6,"key":"StuffTheSpire:Barrel"},{"floor":8,"key":"PreservedInsect"},{"floor":14,"key":"conspire:Boomerang"}],"event_choices":[{"damage_healed":0,"gold_gain":0,"player_choice":"Ignored","damage_taken":0,"max_hp_gain":0,"max_hp_loss":0,"event_name":"NoteForYourself","floor":13,"gold_loss":0}],"is_beta":false,"boss_relics":[],"items_purged_floors":[],"is_endless":false,"potions_floor_spawned":[1,2],"killed_by":"Hexaghost","ascension_level":1}}