{"host":"eft627g0ddukeijo","time":1613401427,"event":{"mods":["AchievementEnabler","BaseMod","Bestiary","Better Note","Block Reminder","Colored Powertips","Filter the Spire","Highlight Path","Minty Spire (QoL Compilation)","Permanent Neow","Quick Restart","Rare Cards Sparkle","Relic Stats","Slay-I","StSLib","Weighted Paths"],"gold_per_floor":[112,130,150,168,168,168,194,204,277,307,317,317,331,363,363,463,463,482,496,421,433,348,348,380,394,394,394,43,75,75,75,75,173,173,184,184,184,122,172,172,184,202,202,217,217,240,240,253,253,253,253,253,10,35,35],"floor_reached":56,"language":"ENG","playtime":2638,"items_purged":[],"score":1521,"play_id":"1462fc26-74cb-417c-afb2-c303990f76f0","local_time":"20210216000347","is_ascension_mode":true,"campfire_choices":[{"floor":6.0,"key":"REST"},{"floor":12.0,"key":"REST"},{"data":"Dualcast","floor":15.0,"key":"SMITH"},{"floor":23.0,"key":"REST"},{"floor":27.0,"key":"REST"},{"floor":30.0,"key":"RECALL"},{"data":"Consume","floor":32.0,"key":"SMITH"},{"data":"Coolheaded","floor":40.0,"key":"SMITH"},{"floor":45.0,"key":"REST"},{"data":"Coolheaded","floor":47.0,"key":"SMITH"},{"data":"Thunder Strike","floor":49.0,"key":"SMITH"},{"data":"Biased Cognition","floor":52.0,"key":"SMITH"}],"circlet_count":0,"master_deck":["Strike_B","Defend_B","Defend_B","Defend_B","Defend_B","Zap+1","Dualcast+1","Leap","Cold Snap","Ball Lightning","Coolheaded+1","Self Repair","Blizzard","Capacitor","Coolheaded","Cold Snap","Biased Cognition+1","White Noise","Glacier","Consume+1","Thunder Strike+1","Loop+1","Skim+1","Madness","Madness","Coolheaded+1","Redo+1","Static Discharge+1","Coolheaded+1","Chill+1","Loop","Loop"],"relics":["Inserter","Regal Pillow","Meat on the Bone","Incense Burner","Lantern","Nuclear Battery","Matryoshka","Prayer Wheel","The Courier","Pen Nib","MealTicket","Calipers","Mummified Hand","Empty Cage","Ice Cream","Pantograph","Smiling Mask","Medical Kit","Bronze Scales"],"acts_visited":["Exordium","TheCity","TheBeyond","TheEnding"],"potions_floor_usage":[54,54],"damage_taken":[{"damage":1.0,"enemies":"Cultist","floor":1.0,"turns":3.0},{"damage":18.0,"enemies":"Jaw Worm","floor":2.0,"turns":4.0},{"damage":3.0,"enemies":"2 Louse","floor":3.0,"turns":3.0},{"damage":10.0,"enemies":"Exordium Wildlife","floor":4.0,"turns":4.0},{"damage":15.0,"enemies":"Gremlin Nob","floor":7.0,"turns":4.0},{"damage":5.0,"enemies":"Blue Slaver","floor":8.0,"turns":4.0},{"damage":25.0,"enemies":"Lagavulin","floor":10.0,"turns":6.0},{"damage":11.0,"enemies":"Looter","floor":11.0,"turns":3.0},{"damage":9.0,"enemies":"Gremlin Gang","floor":13.0,"turns":4.0},{"damage":29.0,"enemies":"3 Sentries","floor":14.0,"turns":10.0},{"damage":48.0,"enemies":"Slime Boss","floor":16.0,"turns":9.0},{"damage":15.0,"enemies":"Shell Parasite","floor":18.0,"turns":8.0},{"damage":3.0,"enemies":"3 Byrds","floor":19.0,"turns":4.0},{"damage":15.0,"enemies":"Snake Plant","floor":21.0,"turns":5.0},{"damage":21.0,"enemies":"Gremlin Leader","floor":24.0,"turns":9.0},{"damage":23.0,"enemies":"Shelled Parasite and Fungi","floor":25.0,"turns":8.0},{"damage":11.0,"enemies":"Book of Stabbing","floor":29.0,"turns":10.0},{"damage":15.0,"enemies":"Champ","floor":33.0,"turns":13.0},{"damage":19.0,"enemies":"3 Darklings","floor":35.0,"turns":7.0},{"damage":24.0,"enemies":"Mind Bloom Boss Battle","floor":39.0,"turns":9.0},{"damage":13.0,"enemies":"3 Shapes","floor":41.0,"turns":5.0},{"damage":10.0,"enemies":"3 Darklings","floor":42.0,"turns":4.0},{"damage":0.0,"enemies":"Spire Growth","floor":44.0,"turns":6.0},{"damage":20.0,"enemies":"Sphere and 2 Shapes","floor":48.0,"turns":5.0},{"damage":0.0,"enemies":"Time Eater","floor":50.0,"turns":15.0},{"damage":0,"enemies":"Shield and Spear","floor":54,"turns":13},{"damage":58,"enemies":"The Heart","floor":55,"turns":14}],"seed_played":"1655579598462738196","potions_obtained":[{"floor":4.0,"key":"FearPotion"},{"floor":8.0,"key":"Energy Potion"},{"floor":10.0,"key":"Ancient Potion"},{"floor":11.0,"key":"Fire Potion"},{"floor":16.0,"key":"EssenceOfSteel"},{"floor":21.0,"key":"DistilledChaos"},{"floor":25.0,"key":"Dexterity Potion"},{"floor":29.0,"key":"EssenceOfSteel"},{"floor":41.0,"key":"FocusPotion"}],"is_trial":false,"path_per_floor":["M","M","M","M","?","R","E","M","T","E","M","R","M","E","R","B",null,"M","M","?","M","?","R","E","M","T","R","$","E","R","$","R","B",null,"M","$","?","$","?","R","M","M","T","M","R","T","R","M","R","B",null,"R","$","E","B",null],"character_chosen":"DEFECT","items_purchased":["MealTicket","Calipers","Ancient Potion","Medical Kit","Loop","Loop"],"campfire_rested":5,"item_purchase_floors":[28,28,38,53,53,53],"current_hp_per_floor":[74,56,53,43,43,65,50,52,52,46,54,75,73,51,51,22,62,54,58,58,50,50,75,61,45,45,75,75,71,71,75,75,67,73,61,75,66,75,58,58,52,49,49,56,75,75,75,62,62,75,75,75,75,75,36],"gold":35,"neow_bonus":"BOSS_RELIC","is_daily":false,"chose_seed":false,"campfire_upgraded":6,"win_rate":0.0,"timestamp":1613401427,"path_taken":["M","M","?","M","?","R","E","M","T","E","M","R","M","E","R","BOSS","M","M","?","M","?","R","E","M","T","R","?","E","R","$","R","BOSS","M","$","?","$","?","R","M","M","T","M","R","?","R","?","R","BOSS","R","$","E","BOSS"],"items_purchased_type":["Relic","Relic","Potion","Relic","Card","Card"],"build_version":"2020-12-22","purchased_purges":0,"victory":true,"max_hp_per_floor":[75,75,75,75,75,75,75,75,75,75,75,75,75,75,75,75,75,75,75,75,75,75,75,75,75,75,75,75,75,75,75,75,75,75,75,75,75,75,75,75,75,75,75,75,75,75,75,75,75,75,75,75,75,75,75],"relic_stats":{"Regal Pillow":11,"Inserter":[93],"counters":[27,187],"Pen Nib":[12],"Smiling Mask":0,"Medical Kit":[11],"Mummified Hand":[68],"Pantograph":13,"Bronze Scales":[228],"Prayer Wheel":6,"MealTicket":27,"obtain_stats":[{"Ice Cream":39,"Regal Pillow":7,"Lantern":14,"Inserter":0,"Calipers":28,"The Courier":26,"Pen Nib":26,"Incense Burner":10,"Empty Cage":34,"Smiling Mask":46,"Medical Kit":53,"Nuclear Battery":17,"Matryoshka":22,"Mummified Hand":29,"Pantograph":43,"Bronze Scales":54,"Prayer Wheel":24,"MealTicket":28,"Cracked Core":0,"Meat on the Bone":9},{"Ice Cream":20,"Regal Pillow":5,"Lantern":10,"Inserter":0,"Calipers":16,"The Courier":16,"Pen Nib":16,"Incense Burner":7,"Empty Cage":18,"Smiling Mask":23,"Medical Kit":25,"Nuclear Battery":11,"Matryoshka":14,"Mummified Hand":17,"Pantograph":22,"Bronze Scales":26,"Prayer Wheel":15,"MealTicket":16,"Cracked Core":0,"Meat on the Bone":6},{"Ice Cream":127,"Regal Pillow":18,"Lantern":45,"Inserter":0,"Calipers":88,"The Courier":88,"Pen Nib":88,"Incense Burner":28,"Empty Cage":111,"Smiling Mask":141,"Medical Kit":160,"Nuclear Battery":54,"Matryoshka":71,"Mummified Hand":98,"Pantograph":135,"Bronze Scales":173,"Prayer Wheel":80,"MealTicket":88,"Cracked Core":0,"Meat on the Bone":22}],"Meat on the Bone":48},"card_choices":[{"not_picked":["Stack","Aggregate"],"picked":"Leap","floor":1.0},{"not_picked":["Turbo","White Noise"],"picked":"Cold Snap","floor":2.0},{"not_picked":["Barrage","Steam"],"picked":"Ball Lightning","floor":3.0},{"not_picked":["Hello World","Turbo"],"picked":"Coolheaded","floor":4.0},{"not_picked":["Hologram","Undo"],"picked":"Self Repair","floor":7.0},{"not_picked":["Compile Driver","Buffer"],"picked":"Blizzard","floor":8.0},{"not_picked":["Recycle","Turbo"],"picked":"Capacitor","floor":10.0},{"not_picked":["Steam","Redo"],"picked":"Coolheaded","floor":11.0},{"not_picked":["Ball Lightning","Stack","Steam"],"picked":"SKIP","floor":13.0},{"not_picked":["Gash","Capacitor"],"picked":"Cold Snap","floor":14.0},{"not_picked":["Machine Learning","Amplify"],"picked":"Biased Cognition","floor":16.0},{"not_picked":["Gash+1","Conserve Battery"],"picked":"White Noise","floor":18.0},{"not_picked":["Force Field","Cold Snap","Gash"],"picked":"SKIP","floor":19.0},{"not_picked":["Chill","Fusion"],"picked":"Glacier","floor":21.0},{"not_picked":["Hologram","Cold Snap","Steam"],"picked":"SKIP","floor":24.0},{"not_picked":["Stack","Rainbow"],"picked":"Consume","floor":25.0},{"not_picked":["Steam Power","Turbo","Auto Shields"],"picked":"SKIP","floor":25.0},{"not_picked":["Lockon","Turbo","Stack"],"picked":"SKIP","floor":29.0},{"not_picked":["Biased Cognition","Core Surge"],"picked":"Thunder Strike","floor":33.0},{"not_picked":["Conserve Battery+1","Aggregate+1"],"picked":"Loop+1","floor":35.0},{"not_picked":["Undo","Heatsinks+1"],"picked":"Skim+1","floor":35.0},{"not_picked":["Gash+1","Compile Driver+1"],"picked":"Coolheaded","floor":39.0},{"not_picked":["Multi-Cast","Streamline"],"picked":"Redo+1","floor":41.0},{"not_picked":["Darkness+1","Reprogram","Beam Cell"],"picked":"SKIP","floor":41.0},{"not_picked":["Steam Power+1","Compile Driver+1"],"picked":"Static Discharge+1","floor":42.0},{"not_picked":["Streamline+1","Sweeping Beam+1","Scrape"],"picked":"SKIP","floor":42.0},{"not_picked":["Double Energy","Scrape"],"picked":"Coolheaded+1","floor":44.0},{"not_picked":["Go for the Eyes","Multi-Cast"],"picked":"Chill+1","floor":44.0},{"not_picked":["Scrape","Barrage+1","Sweeping Beam"],"picked":"SKIP","floor":48.0},{"not_picked":["Beam Cell","Steam","Go for the Eyes"],"picked":"SKIP","floor":48.0},{"not_picked":["Darkness","Doom and Gloom","Compile Driver"],"picked":"SKIP","floor":54}],"player_experience":606532,"relics_obtained":[{"floor":7.0,"key":"Regal Pillow"},{"floor":9.0,"key":"Meat on the Bone"},{"floor":10.0,"key":"Incense Burner"},{"floor":14.0,"key":"Lantern"},{"floor":24.0,"key":"Prayer Wheel"},{"floor":26.0,"key":"The Courier"},{"floor":26.0,"key":"Pen Nib"},{"floor":29.0,"key":"Mummified Hand"},{"floor":39.0,"key":"Ice Cream"},{"floor":43.0,"key":"Pantograph"},{"floor":46.0,"key":"Smiling Mask"},{"floor":54,"key":"Bronze Scales"}],"event_choices":[{"damage_healed":0.0,"max_hp_gain":0.0,"max_hp_loss":0.0,"gold_gain":0.0,"event_name":"Living Wall","player_choice":"Grow","floor":5.0,"gold_loss":0.0,"damage_taken":0.0,"cards_upgraded":["Zap"]},{"cards_removed":["Strike_B"],"damage_healed":0.0,"max_hp_gain":0.0,"max_hp_loss":0.0,"gold_gain":0.0,"event_name":"Beggar","player_choice":"Gave Gold","floor":20.0,"gold_loss":75.0,"damage_taken":0.0},{"damage_healed":0.0,"max_hp_gain":0.0,"max_hp_loss":0.0,"gold_gain":0.0,"event_name":"Addict","player_choice":"Obtained Relic","floor":22.0,"gold_loss":85.0,"damage_taken":0.0,"relics_obtained":["Matryoshka"]},{"damage_healed":0.0,"max_hp_gain":0.0,"max_hp_loss":0.0,"gold_gain":0.0,"event_name":"Winding Halls","player_choice":"Embrace Madness","floor":37.0,"gold_loss":0.0,"damage_taken":9.0,"cards_obtained":["Madness","Madness"]},{"damage_healed":0.0,"max_hp_gain":0.0,"max_hp_loss":0.0,"gold_gain":0.0,"event_name":"MindBloom","player_choice":"Fight","floor":39.0,"gold_loss":0.0,"damage_taken":0.0}],"is_beta":false,"boss_relics":[{"not_picked":["Runic Pyramid","Busted Crown"],"picked":"Nuclear Battery"},{"not_picked":["Snecko Eye","Tiny House"],"picked":"Empty Cage"}],"items_purged_floors":[],"is_endless":false,"potions_floor_spawned":[4,8,10,11,16,21,25,29,41,48],"ascension_level":5}}