{"host":"6ulps5ednfgqn0to","time":1613410797,"event":{"mods":["AchievementEnabler","BaseMod","Colored Map","Highlight Path","Minty Spire (QoL Compilation)","Relic Sorter","Relic Stats","StSLib"],"gold_per_floor":[115,131,131,143,153,178,178,178,178,198,148,148,183,202,202,297,297,317,329,341,341,341],"floor_reached":21,"language":"ENG","playtime":734,"items_purged":[],"score":193,"play_id":"d7a83fc6-e974-4e76-813a-cc13f57bf257","local_time":"20210215193957","is_ascension_mode":false,"campfire_choices":[{"data":"Loop","floor":8,"key":"SMITH"},{"data":"Streamline","floor":15,"key":"SMITH"}],"circlet_count":0,"master_deck":["Strike_B","Strike_B","Strike_B","Defend_B","Defend_B","Defend_B","Defend_B","Zap","Dualcast","Conserve Battery","Loop+1","Chill","Doom and Gloom","Iron Wave","Capacitor","Streamline+1","Amplify","Barrage","Rebound+1","Genetic Algorithm"],"relics":["Cracked Core","NeowsBlessing","Kunai","White Beast Statue","Pear","Mercury Hourglass","Philosopher\u0027s Stone"],"acts_visited":["Exordium","TheCity"],"potions_floor_usage":[],"damage_taken":[{"damage":0,"enemies":"2 Louse","floor":1,"turns":1},{"damage":0,"enemies":"Jaw Worm","floor":2,"turns":1},{"damage":0,"enemies":"Cultist","floor":4,"turns":1},{"damage":2,"enemies":"Red Slaver","floor":5,"turns":4},{"damage":14,"enemies":"Lagavulin","floor":6,"turns":6},{"damage":17,"enemies":"Exordium Thugs","floor":10,"turns":5},{"damage":13,"enemies":"3 Sentries","floor":13,"turns":6},{"damage":0,"enemies":"Blue Slaver","floor":14,"turns":3},{"damage":34,"enemies":"The Guardian","floor":16,"turns":10},{"damage":30,"enemies":"3 Byrds","floor":18,"turns":5},{"damage":17,"enemies":"Shell Parasite","floor":19,"turns":6},{"damage":33,"enemies":"Centurion and Healer","floor":20,"turns":6},{"damage":14,"enemies":"Snecko","floor":21,"turns":2}],"seed_played":"-2984562087880106034","potions_obtained":[{"floor":1,"key":"FocusPotion"},{"floor":2,"key":"LiquidBronze"},{"floor":10,"key":"Weak Potion"},{"floor":19,"key":"Dexterity Potion"}],"is_trial":false,"path_per_floor":["M","M","?","M","M","E","T","R","T","M","?","?","E","M","R","B",null,"M","M","M","M"],"character_chosen":"DEFECT","items_purchased":[],"campfire_rested":0,"item_purchase_floors":[],"current_hp_per_floor":[75,75,75,75,73,59,59,59,69,52,52,52,39,39,39,5,85,55,38,5,0,0],"gold":341,"neow_bonus":"THREE_ENEMY_KILL","is_daily":false,"chose_seed":false,"campfire_upgraded":2,"win_rate":0.0,"timestamp":1613410797,"path_taken":["M","M","?","M","M","E","?","R","T","M","?","?","E","M","R","BOSS","M","M","M","M"],"items_purchased_type":[],"build_version":"2020-12-22","purchased_purges":0,"victory":false,"max_hp_per_floor":[75,75,75,75,75,75,75,75,85,85,85,85,85,85,85,85,85,85,85,85,85,85],"relic_stats":{"counters":[13,55],"Kunai":[4],"obtain_stats":[{"Pear":9,"NeowsBlessing":0,"Philosopher\u0027s Stone":17,"Kunai":6,"Cracked Core":0,"White Beast Statue":7,"Mercury Hourglass":13},{"Pear":5,"NeowsBlessing":0,"Philosopher\u0027s Stone":9,"Kunai":5,"Cracked Core":0,"White Beast Statue":5,"Mercury Hourglass":7},{"Pear":13,"NeowsBlessing":0,"Philosopher\u0027s Stone":36,"Kunai":13,"Cracked Core":0,"White Beast Statue":13,"Mercury Hourglass":23}],"Mercury Hourglass":[102]},"card_choices":[{"not_picked":["Skim","Chaos"],"picked":"Streamline","floor":1},{"not_picked":["Redo","Go for the Eyes"],"picked":"Conserve Battery","floor":2},{"not_picked":["Steam","Multi-Cast","Redo"],"picked":"SKIP","floor":4},{"not_picked":["Stack","Go for the Eyes"],"picked":"Loop","floor":5},{"not_picked":["Gash","Heatsinks"],"picked":"Chill","floor":6},{"not_picked":["Chill","Gash"],"picked":"Doom and Gloom","floor":10},{"not_picked":["Skim","Conserve Battery"],"picked":"Capacitor","floor":13},{"not_picked":["Chaos","Capacitor"],"picked":"Streamline","floor":14},{"not_picked":["Buffer","Creative AI"],"picked":"Amplify","floor":16},{"not_picked":["Beam Cell","Steam+1"],"picked":"Barrage","floor":18},{"not_picked":["Chaos","Leap+1"],"picked":"Rebound+1","floor":19},{"not_picked":["White Noise","Redo"],"picked":"Genetic Algorithm","floor":20}],"player_experience":30629,"relics_obtained":[{"floor":6,"key":"Kunai"},{"floor":7,"key":"White Beast Statue"},{"floor":9,"key":"Pear"},{"floor":13,"key":"Mercury Hourglass"}],"event_choices":[{"damage_healed":0,"gold_gain":0,"player_choice":"Grow","damage_taken":0,"max_hp_gain":0,"max_hp_loss":0,"event_name":"Living Wall","floor":3,"gold_loss":0,"cards_upgraded":["Streamline"]},{"cards_removed":["Strike_B"],"damage_healed":0,"gold_gain":0,"player_choice":"Card Removal","damage_taken":0,"max_hp_gain":0,"max_hp_loss":0,"event_name":"The Cleric","floor":11,"gold_loss":50},{"cards_removed":["Streamline"],"damage_healed":0,"gold_gain":0,"player_choice":"Took Card","damage_taken":0,"max_hp_gain":0,"max_hp_loss":0,"event_name":"NoteForYourself","floor":12,"gold_loss":0,"cards_obtained":["Iron Wave"]}],"is_beta":false,"boss_relics":[{"not_picked":["Tiny House","Runic Pyramid"],"picked":"Philosopher\u0027s Stone"}],"items_purged_floors":[],"is_endless":false,"potions_floor_spawned":[1,2,10,13,14,16,18,19,20],"killed_by":"Snecko","ascension_level":0}}