{"host":"08t08ld674si40tv","time":1613390770,"event":{"mods":["AchievementEnabler","BaseMod","Colored Map","Minty Spire (QoL Compilation)","StSLib","SuperFastMode"],"gold_per_floor":[118,33,33,43,55,55,85,85,85,99,24,40,40,40,40,113,113,131,151,151,162,162,162,193,193,261,279,311,311,324,353,353,432,432,444,444,444,18,32,32,61,61,108,118,0,30,30,30,30,30,30,30,30,254,288,288],"floor_reached":57,"language":"KOR","playtime":2872,"items_purged":["Strike_G","Accuracy+1","Calculated Gamble"],"score":2886,"play_id":"5112221c-a44d-49f1-a20d-ea293763e25e","local_time":"20210215210610","is_ascension_mode":true,"campfire_choices":[{"data":"Crippling Poison","floor":6,"key":"SMITH"},{"floor":8,"key":"REST"},{"floor":15,"key":"REST"},{"data":"Tactician","floor":23,"key":"SMITH"},{"data":"Adrenaline","floor":25,"key":"SMITH"},{"data":"Deadly Poison","floor":29,"key":"SMITH"},{"data":"Cloak And Dagger","floor":32,"key":"SMITH"},{"data":"Venomology","floor":40,"key":"SMITH"},{"data":"Burst","floor":47,"key":"SMITH"},{"floor":49,"key":"RECALL"},{"floor":53,"key":"DIG"}],"circlet_count":0,"master_deck":["AscendersBane","Defend_G","Survivor","Neutralize+1","Deadly Poison+1","After Image","Crippling Poison+1","Noxious Fumes+1","Tactician+1","Acrobatics","Adrenaline+1","Acrobatics","Backflip+1","Cloak And Dagger+1","Blur","Envenom+1","Venomology+1","Prepared+1","Burst+1","Cloak And Dagger+1","Master of Strategy"],"relics":["Ring of the Snake","Paper Crane","Paper Frog","Champion Belt","CaptainsWheel","Frozen Egg 2","Runic Dome","Matryoshka","Omamori","HornCleat","Whetstone","Dream Catcher","Astrolabe","TheAbacus","Happy Flower","Shovel","Nunchaku","Red Mask","Unceasing Top","Blue Candle","Centennial Puzzle","Cauldron","Art of War","Snake Skull"],"acts_visited":["Exordium","TheCity","TheBeyond","TheEnding"],"potions_floor_usage":[7,12,33,35,39,39,41,41,44,46,46,48,48,50,50,51,54,55,55,56,56,56],"damage_taken":[{"damage":0,"enemies":"2 Louse","floor":1,"turns":3},{"damage":1,"enemies":"Small Slimes","floor":4,"turns":5},{"damage":4,"enemies":"Cultist","floor":5,"turns":4},{"damage":14,"enemies":"3 Sentries","floor":7,"turns":7},{"damage":6,"enemies":"3 Louse","floor":10,"turns":2},{"damage":4,"enemies":"Looter","floor":12,"turns":4},{"damage":9,"enemies":"The Guardian","floor":16,"turns":9},{"damage":3,"enemies":"Chosen","floor":18,"turns":5},{"damage":0,"enemies":"Spheric Guardian","floor":19,"turns":3},{"damage":0,"enemies":"3 Cultists","floor":21,"turns":5},{"damage":14,"enemies":"Book of Stabbing","floor":24,"turns":6},{"damage":0,"enemies":"Centurion and Healer","floor":27,"turns":6},{"damage":0,"enemies":"Gremlin Leader","floor":28,"turns":6},{"damage":1,"enemies":"Snake Plant","floor":30,"turns":4},{"damage":0,"enemies":"Book of Stabbing","floor":31,"turns":6},{"damage":3,"enemies":"Collector","floor":33,"turns":8},{"damage":0,"enemies":"3 Shapes","floor":35,"turns":5},{"damage":0,"enemies":"3 Darklings","floor":39,"turns":4},{"damage":14,"enemies":"Giant Head","floor":41,"turns":7},{"damage":0,"enemies":"Maw","floor":44,"turns":6},{"damage":0,"enemies":"Nemesis","floor":46,"turns":6},{"damage":0,"enemies":"Writhing Mass","floor":48,"turns":1},{"damage":5,"enemies":"Donu and Deca","floor":50,"turns":12},{"damage":31,"enemies":"Time Eater","floor":51,"turns":17},{"damage":4,"enemies":"Shield and Spear","floor":55,"turns":8},{"damage":14,"enemies":"The Heart","floor":56,"turns":9}],"seed_played":"-7073163740230458148","potions_obtained":[{"floor":1,"key":"Energy Potion"},{"floor":4,"key":"GhostInAJar"},{"floor":16,"key":"GamblersBrew"},{"floor":21,"key":"Ancient Potion"},{"floor":24,"key":"FearPotion"},{"floor":35,"key":"Fire Potion"},{"floor":44,"key":"Fire Potion"},{"floor":46,"key":"LiquidMemories"},{"floor":54,"key":"CultistPotion"},{"floor":54,"key":"Dexterity Potion"},{"floor":55,"key":"SkillPotion"}],"is_trial":false,"path_per_floor":["M","$","?","M","M","R","E","R","T","M","$","M","?","?","R","B",null,"M","M","?","M","?","R","E","R","T","M","E","R","M","E","R","B",null,"M","?","?","$","M","R","E","?","T","M","?","E","R","M","R","B","B",null,"R","$","E","B",null],"character_chosen":"THE_SILENT","items_purchased":["Noxious Fumes","TheAbacus","Happy Flower","Fruit Juice","Master of Strategy","Centennial Puzzle","Cauldron"],"campfire_rested":2,"item_purchase_floors":[2,38,38,54,54,54,54],"current_hp_per_floor":[44,44,24,23,19,19,5,24,24,18,18,14,14,7,26,17,54,51,51,51,51,51,51,37,37,37,37,37,37,36,36,36,33,58,58,58,66,66,66,66,52,52,52,52,52,52,52,52,52,47,16,51,51,56,52,38],"gold":288,"neow_bonus":"TRANSFORM_TWO_CARDS","is_daily":false,"chose_seed":false,"campfire_upgraded":7,"win_rate":0.0,"timestamp":1613390770,"path_taken":["M","$","?","M","M","R","E","R","T","M","$","M","?","?","R","BOSS","M","M","?","M","?","R","E","R","T","M","E","R","M","E","R","BOSS","M","?","?","$","?","R","E","?","T","M","?","E","R","M","R","BOSS","BOSS","R","$","E","BOSS"],"items_purchased_type":["Card","Relic","Relic","Potion","Card","Relic","Relic"],"build_version":"2020-12-22","purchased_purges":3,"victory":true,"max_hp_per_floor":[66,66,66,66,66,66,66,66,66,66,66,66,66,66,66,66,66,66,66,66,66,66,66,66,66,66,66,66,66,66,66,66,66,66,66,66,66,66,66,66,66,63,63,63,63,63,63,63,63,63,63,63,63,68,68,68],"card_choices":[{"not_picked":["Dagger Spray","Blade Dance"],"picked":"Crippling Poison","floor":1},{"not_picked":["Sucker Punch","Eviscerate","Outmaneuver"],"picked":"SKIP","floor":4},{"not_picked":["Heel Hook","Flechettes"],"picked":"Tactician","floor":5},{"not_picked":["Deflect","Flying Knee","Accuracy"],"picked":"SKIP","floor":7},{"not_picked":["Sucker Punch","A Thousand Cuts+1"],"picked":"Acrobatics","floor":10},{"not_picked":["Flechettes","Concentrate","Expertise"],"picked":"SKIP","floor":12},{"not_picked":["Unload","Tools of the Trade+1"],"picked":"Adrenaline","floor":16},{"not_picked":["Quick Slash","Underhanded Strike"],"picked":"Acrobatics","floor":18},{"not_picked":["Finisher","Footwork+1"],"picked":"Backflip+1","floor":19},{"not_picked":["Backflip","Riddle With Holes","Poisoned Stab"],"picked":"SKIP","floor":21},{"not_picked":["Distraction","Heel Hook","Accuracy+1"],"picked":"SKIP","floor":24},{"not_picked":["Cloak And Dagger","Eviscerate"],"picked":"Concentrate","floor":27},{"not_picked":["Prepared","Expertise+1"],"picked":"Calculated Gamble","floor":28},{"not_picked":["Acrobatics","Infinite Blades+1","Footwork+1"],"picked":"SKIP","floor":30},{"not_picked":["Outmaneuver","Escape Plan"],"picked":"Envenom+1","floor":31},{"not_picked":["Night Terror","Doppelganger"],"picked":"Venomology","floor":33},{"not_picked":["Backflip","Prepared","Cloak And Dagger"],"picked":"SKIP","floor":35},{"not_picked":["Underhanded Strike","PiercingWail"],"picked":"Burst","floor":39},{"not_picked":["Bane","Outmaneuver+1","Dagger Throw"],"picked":"SKIP","floor":41},{"not_picked":["Poisoned Stab","Dagger Throw+1"],"picked":"Cloak And Dagger+1","floor":44},{"not_picked":["Expertise","All Out Attack","PiercingWail"],"picked":"SKIP","floor":46},{"not_picked":["Acrobatics","Deadly Poison","PiercingWail"],"picked":"SKIP","floor":55}],"player_experience":304156,"relics_obtained":[{"floor":7,"key":"CaptainsWheel"},{"floor":9,"key":"Frozen Egg 2"},{"floor":24,"key":"Matryoshka"},{"floor":26,"key":"Omamori"},{"floor":26,"key":"HornCleat"},{"floor":28,"key":"Whetstone"},{"floor":31,"key":"Dream Catcher"},{"floor":41,"key":"Shovel"},{"floor":43,"key":"Nunchaku"},{"floor":46,"key":"Unceasing Top"},{"floor":53,"key":"Blue Candle"},{"floor":55,"key":"Art of War"}],"event_choices":[{"damage_healed":0,"gold_gain":0,"player_choice":"Entered Light","damage_taken":20,"max_hp_gain":0,"max_hp_loss":0,"event_name":"Shining Light","floor":3,"gold_loss":0,"cards_upgraded":["Strike_G","Noxious Fumes"]},{"cards_removed":["Defend_G"],"damage_healed":0,"gold_gain":0,"player_choice":"Forget","damage_taken":0,"max_hp_gain":0,"max_hp_loss":0,"event_name":"Living Wall","floor":13,"gold_loss":0},{"cards_removed":["Strike_G"],"damage_healed":0,"gold_gain":0,"player_choice":"Card Removal","damage_taken":7,"max_hp_gain":0,"max_hp_loss":0,"event_name":"Golden Wing","floor":14,"gold_loss":0},{"damage_healed":0,"gold_gain":0,"player_choice":"Ignored","damage_taken":0,"max_hp_gain":0,"max_hp_loss":0,"event_name":"Vampires","floor":20,"gold_loss":0},{"damage_healed":0,"gold_gain":0,"cards_transformed":["Strike_G","Defend_G"],"player_choice":"Became Test Subject","damage_taken":0,"max_hp_gain":0,"max_hp_loss":0,"event_name":"Drug Dealer","floor":22,"gold_loss":0,"cards_obtained":["Cloak And Dagger","Blur"]},{"cards_removed":["Unload"],"damage_healed":0,"gold_gain":0,"player_choice":"Removed Attack","damage_taken":0,"max_hp_gain":0,"max_hp_loss":0,"event_name":"Falling","floor":36,"gold_loss":0},{"damage_healed":8,"gold_gain":0,"player_choice":"Full Heal","damage_taken":0,"max_hp_gain":0,"max_hp_loss":0,"event_name":"Wheel of Change","floor":37,"gold_loss":0},{"damage_healed":0,"gold_gain":0,"player_choice":"Max HP","damage_taken":0,"max_hp_gain":0,"max_hp_loss":3,"event_name":"Winding Halls","floor":42,"gold_loss":0},{"damage_healed":0,"gold_gain":0,"player_choice":"Paid","damage_taken":0,"relics_obtained":["Red Mask"],"max_hp_gain":0,"max_hp_loss":0,"event_name":"Tomb of Lord Red Mask","floor":45,"gold_loss":118}],"is_beta":false,"boss_relics":[{"not_picked":["SacredBark","Pandora\u0027s Box"],"picked":"Runic Dome"},{"not_picked":["Sozu","Fusion Hammer"],"picked":"Astrolabe"}],"items_purged_floors":[11,38,54],"is_endless":false,"potions_floor_spawned":[1,4,16,21,24,30,31,35,44,46,55],"ascension_level":20}}