{"host":"zwezhz46a5cjkxff","time":1613360162,"event":{"mods":["AchievementEnabler","BaseMod","Colored Map","Colored Powertips","DeckTracker","Minty Spire (QoL Compilation)","Permanent Neow","Quick Restart","Rare Cards Sparkle","Relic Stats","StSLib","SuperFastMode"],"gold_per_floor":[115,135,147,4,15,45,45,77,153,153,216,216,216,235,235,339,339,349,108,125,144,155,155,186,27,27,27,127,127,127],"floor_reached":29,"language":"ENG","playtime":816,"items_purged":["Defend_G","Strike_G"],"score":361,"play_id":"6def936f-5e81-40a2-8454-a29a73326dd1","local_time":"20210214213602","is_ascension_mode":true,"campfire_choices":[{"floor":10,"key":"RECALL"},{"floor":15,"key":"REST"},{"data":"Adrenaline","floor":23,"key":"SMITH"}],"circlet_count":0,"master_deck":["Strike_G","Strike_G","Strike_G","Defend_G","Defend_G","Defend_G+1","Defend_G","Survivor","Neutralize+1","Backstab","Infinite Blades","Well Laid Plans","Blur+1","Infinite Blades","Adrenaline+1","Accuracy","Accuracy","Escape Plan+1","Envenom"],"relics":["WristBlade","War Paint","Incense Burner","Smiling Mask","Coffee Dripper","Medical Kit","Peace Pipe","Ornamental Fan"],"acts_visited":["Exordium","TheCity"],"potions_floor_usage":[6,8,14,16,22],"damage_taken":[{"damage":0,"enemies":"Small Slimes","floor":1,"turns":3},{"damage":1,"enemies":"Cultist","floor":2,"turns":3},{"damage":0,"enemies":"2 Louse","floor":3,"turns":2},{"damage":20,"enemies":"Exordium Thugs","floor":5,"turns":6},{"damage":18,"enemies":"3 Sentries","floor":6,"turns":5},{"damage":0,"enemies":"Lagavulin","floor":8,"turns":6},{"damage":21,"enemies":"Lagavulin Event","floor":11,"turns":8},{"damage":0,"enemies":"Looter","floor":14,"turns":1},{"damage":0,"enemies":"Hexaghost","floor":16,"turns":11},{"damage":6,"enemies":"3 Byrds","floor":18,"turns":6},{"damage":18,"enemies":"2 Thieves","floor":20,"turns":5},{"damage":17,"enemies":"3 Cultists","floor":21,"turns":6},{"damage":9,"enemies":"Snake Plant","floor":22,"turns":4},{"damage":8,"enemies":"Gremlin Leader","floor":24,"turns":8},{"damage":15,"enemies":"Sentry and Sphere","floor":29,"turns":2}],"seed_played":"-2081482970525648391","potions_obtained":[{"floor":3,"key":"DuplicationPotion"},{"floor":6,"key":"EssenceOfSteel"},{"floor":11,"key":"FearPotion"},{"floor":14,"key":"Block Potion"},{"floor":21,"key":"CunningPotion"}],"is_trial":false,"path_per_floor":["M","M","M","$","M","E","$","E","T","R","?","?","?","M","R","B",null,"M","$","M","M","M","R","E","$","T","$","?","M"],"character_chosen":"THE_SILENT","items_purchased":["Well Laid Plans","Accuracy","Medical Kit","Envenom"],"campfire_rested":1,"item_purchase_floors":[4,19,19,25],"current_hp_per_floor":[70,69,69,69,49,31,31,31,31,31,10,3,3,3,24,24,70,64,64,46,29,20,20,12,12,12,12,12,0,0],"gold":127,"neow_bonus":"BOSS_RELIC","is_daily":false,"chose_seed":false,"campfire_upgraded":1,"win_rate":0.0,"timestamp":1613360162,"path_taken":["M","M","M","$","M","E","$","E","T","R","?","?","?","?","R","BOSS","M","$","M","M","?","R","E","$","T","?","?","M"],"items_purchased_type":["Card","Card","Relic","Card"],"build_version":"2020-12-22","purchased_purges":2,"victory":false,"max_hp_per_floor":[70,70,70,70,70,70,70,70,70,70,70,70,70,70,70,70,70,70,70,70,70,70,70,70,70,70,70,70,70,70],"relic_stats":{"Peace Pipe":0,"counters":[15,76],"Ornamental Fan":[0],"War Paint":["Blur","Defend_G"],"Smiling Mask":50,"Medical Kit":[0],"obtain_stats":[{"Peace Pipe":24,"WristBlade":0,"Ornamental Fan":26,"Incense Burner":8,"Coffee Dripper":17,"War Paint":6,"Smiling Mask":11,"Medical Kit":19,"Ring of the Snake":0},{"Peace Pipe":14,"WristBlade":0,"Ornamental Fan":14,"Incense Burner":6,"Coffee Dripper":9,"War Paint":5,"Smiling Mask":7,"Medical Kit":10,"Ring of the Snake":0},{"Peace Pipe":74,"WristBlade":0,"Ornamental Fan":74,"Incense Burner":25,"Coffee Dripper":45,"War Paint":19,"Smiling Mask":33,"Medical Kit":51,"Ring of the Snake":0}]},"card_choices":[{"not_picked":["Slice","Dagger Spray"],"picked":"Backstab","floor":1},{"not_picked":["Dodge and Roll","Reflex","Poisoned Stab"],"picked":"SKIP","floor":2},{"not_picked":["Caltrops","Riddle With Holes"],"picked":"Infinite Blades","floor":3},{"not_picked":["Predator","Bane"],"picked":"Blur","floor":5},{"not_picked":["Skewer","Prepared","Dagger Throw"],"picked":"SKIP","floor":6},{"not_picked":["Acrobatics","Grand Finale","Concentrate"],"picked":"SKIP","floor":8},{"not_picked":["Setup","Grand Finale"],"picked":"Infinite Blades","floor":14},{"not_picked":["Die Die Die","Grand Finale"],"picked":"Adrenaline","floor":16},{"not_picked":["Outmaneuver","Acrobatics+1"],"picked":"Accuracy","floor":18},{"not_picked":["Acrobatics","Dodge and Roll+1","Eviscerate"],"picked":"SKIP","floor":20},{"not_picked":["Predator","Deadly Poison","Dash+1"],"picked":"SKIP","floor":21},{"not_picked":["Catalyst","Underhanded Strike"],"picked":"Escape Plan+1","floor":22},{"not_picked":["Heel Hook","Finisher","Underhanded Strike+1"],"picked":"SKIP","floor":24}],"player_experience":111661,"relics_obtained":[{"floor":6,"key":"War Paint"},{"floor":8,"key":"Incense Burner"},{"floor":11,"key":"Smiling Mask"},{"floor":24,"key":"Peace Pipe"},{"floor":26,"key":"Ornamental Fan"}],"event_choices":[{"damage_healed":0,"gold_gain":30,"player_choice":"Searched \u00272\u0027 times","damage_taken":0,"max_hp_gain":0,"max_hp_loss":0,"event_name":"Dead Adventurer","floor":11,"gold_loss":0},{"cards_removed":["Strike_G"],"damage_healed":0,"gold_gain":0,"player_choice":"Card Removal","damage_taken":7,"max_hp_gain":0,"max_hp_loss":0,"event_name":"Golden Wing","floor":12,"gold_loss":0},{"damage_healed":0,"gold_gain":0,"player_choice":"Upgraded","damage_taken":0,"max_hp_gain":0,"max_hp_loss":0,"event_name":"Upgrade Shrine","floor":13,"gold_loss":0,"cards_upgraded":["Neutralize"]},{"damage_healed":0,"gold_gain":100,"player_choice":"Pray","damage_taken":0,"max_hp_gain":0,"max_hp_loss":0,"event_name":"Golden Shrine","floor":28,"gold_loss":0}],"is_beta":false,"boss_relics":[{"not_picked":["Snecko Eye","Tiny House"],"picked":"Coffee Dripper"}],"items_purged_floors":[4,19],"is_endless":false,"potions_floor_spawned":[3,6,11,14,21],"killed_by":"Sentry and Sphere","ascension_level":2}}