{"host":"04x9isxu4s2lvye3","time":1613364572,"event":{"mods":["BaseMod","Colored Powertips","Highlight Path","Minty Spire (QoL Compilation)"],"gold_per_floor":[114,125,140,65,79,79,79,79,130,169,69,92,106,65,65,163,163,179,179,203,227,241,279,279,194,194,194,69,119,132,132,132,228,228,252,277,298,313,163,163,163],"floor_reached":40,"language":"ENG","playtime":2040,"items_purged":["Strike_G","Doubt","Writhe","Writhe"],"score":738,"play_id":"351ba81e-b4a0-466b-9ef2-cfc65acef9c1","local_time":"20210214234932","is_ascension_mode":true,"campfire_choices":[{"data":"Neutralize","floor":6.0,"key":"SMITH"},{"data":"Blur","floor":8.0,"key":"SMITH"},{"floor":15.0,"key":"REST"},{"floor":24.0,"key":"REST"},{"data":"Envenom","floor":27.0,"key":"SMITH"},{"floor":32.0,"key":"REST"}],"circlet_count":0,"master_deck":["AscendersBane","Survivor","Neutralize+1","Backstab","Flying Knee","Blur+1","Flechettes","Blur","Blade Dance","Cloak And Dagger","Footwork","Unload","Finisher","Corpse Explosion","Finisher","A Thousand Cuts","Envenom+1","Tactician","Infinite Blades","Doppelganger","PiercingWail","Backflip","Blur","Deflect+1","After Image","Accuracy+1","Blade Dance+1"],"relics":["Cursed Key","Golden Idol","Bronze Scales","Anchor","Pandora\u0027s Box","Regal Pillow","Mummified Hand","Meat on the Bone","Molten Egg 2","Sozu"],"acts_visited":["Exordium","TheCity","TheBeyond"],"potions_floor_usage":[40],"damage_taken":[{"damage":2.0,"enemies":"Cultist","floor":1.0,"turns":4.0},{"damage":3.0,"enemies":"2 Louse","floor":2.0,"turns":3.0},{"damage":2.0,"enemies":"Jaw Worm","floor":3.0,"turns":3.0},{"damage":8.0,"enemies":"Large Slime","floor":5.0,"turns":9.0},{"damage":16.0,"enemies":"Lagavulin","floor":10.0,"turns":10.0},{"damage":0.0,"enemies":"Blue Slaver","floor":12.0,"turns":3.0},{"damage":0.0,"enemies":"Looter","floor":13.0,"turns":2.0},{"damage":27.0,"enemies":"Hexaghost","floor":16.0,"turns":15.0},{"damage":2.0,"enemies":"Chosen","floor":18.0,"turns":4.0},{"damage":0.0,"enemies":"3 Byrds","floor":20.0,"turns":4.0},{"damage":8.0,"enemies":"Snake Plant","floor":21.0,"turns":4.0},{"damage":11.0,"enemies":"Snecko","floor":22.0,"turns":6.0},{"damage":13.0,"enemies":"Slavers","floor":23.0,"turns":3.0},{"damage":14.0,"enemies":"Centurion and Healer","floor":30.0,"turns":5.0},{"damage":34.0,"enemies":"Collector","floor":33.0,"turns":7.0},{"damage":0.0,"enemies":"3 Darklings","floor":35.0,"turns":3.0},{"damage":9.0,"enemies":"3 Shapes","floor":36.0,"turns":6.0},{"damage":0.0,"enemies":"Transient","floor":37.0,"turns":5.0},{"damage":35.0,"enemies":"Spire Growth","floor":38.0,"turns":5.0},{"damage":23,"enemies":"Reptomancer","floor":40,"turns":4}],"seed_played":"-6234188117337278218","potions_obtained":[{"floor":1.0,"key":"CultistPotion"},{"floor":5.0,"key":"Swift Potion"},{"floor":10.0,"key":"GamblersBrew"},{"floor":13.0,"key":"Strength Potion"}],"is_trial":false,"path_per_floor":["M","M","M","$","M","R","?","R","T","E","$","M","M","$","R","B",null,"M","?","M","M","M","E","R","?","T","R","$","?","M","T","R","B",null,"M","M","M","M","$","E"],"character_chosen":"THE_SILENT","items_purchased":["Footwork"],"campfire_rested":3,"item_purchase_floors":[14],"current_hp_per_floor":[57,54,52,52,44,44,44,44,44,28,28,28,28,28,46,19,50,48,48,48,40,29,16,49,49,49,49,49,49,35,35,60,38,55,55,46,46,23,23,0,0],"gold":163,"neow_bonus":"BOSS_RELIC","is_daily":false,"chose_seed":false,"campfire_upgraded":3,"win_rate":0.0,"timestamp":1613364572,"path_taken":["M","M","?","?","M","R","?","R","T","E","$","M","M","$","R","BOSS","M","?","M","M","M","E","R","?","T","R","$","?","M","?","R","BOSS","M","M","M","M","$","E"],"items_purchased_type":["Card"],"build_version":"2020-12-22","purchased_purges":4,"victory":false,"max_hp_per_floor":[66,66,66,66,66,66,60,60,60,60,60,60,60,60,60,60,60,60,60,60,60,60,60,60,60,60,60,60,60,60,60,60,60,60,60,60,60,60,60,60,60],"card_choices":[{"not_picked":["Expertise","Flying Knee"],"picked":"Backstab","floor":1.0},{"not_picked":["Concentrate","Underhanded Strike"],"picked":"Flying Knee","floor":2.0},{"not_picked":["Deadly Poison","Well Laid Plans"],"picked":"Blur","floor":3.0},{"not_picked":["Heel Hook","Quick Slash"],"picked":"Flechettes","floor":5.0},{"not_picked":["Underhanded Strike","Envenom"],"picked":"Blur","floor":10.0},{"not_picked":["Underhanded Strike","Flying Knee"],"picked":"Blade Dance","floor":12.0},{"not_picked":["Flying Knee","Deflect"],"picked":"Cloak And Dagger","floor":13.0},{"not_picked":["Night Terror","Bullet Time"],"picked":"Unload","floor":16.0},{"not_picked":["Flechettes","Predator"],"picked":"PiercingWail","floor":18.0},{"not_picked":["Poisoned Stab","Deadly Poison"],"picked":"Backflip","floor":20.0},{"not_picked":["Sucker Punch","Deflect"],"picked":"Blur","floor":21.0},{"not_picked":["Infinite Blades","PiercingWail","Accuracy"],"picked":"SKIP","floor":22.0},{"not_picked":["Flechettes","Deadly Poison"],"picked":"Deflect+1","floor":23.0},{"not_picked":["Bouncing Flask","Poisoned Stab","Escape Plan"],"picked":"SKIP","floor":30.0},{"not_picked":["Phantasmal Killer","Venomology"],"picked":"After Image","floor":33.0},{"not_picked":["Tactician+1","Expertise"],"picked":"Accuracy+1","floor":35.0},{"not_picked":["Deflect","Quick Slash+1"],"picked":"Blade Dance+1","floor":36.0},{"not_picked":["Outmaneuver","Poisoned Stab+1","Deflect"],"picked":"SKIP","floor":37.0},{"not_picked":["Bane+1","Blade Dance","Flying Knee+1"],"picked":"SKIP","floor":38.0}],"player_experience":299190,"relics_obtained":[{"floor":9.0,"key":"Bronze Scales"},{"floor":10.0,"key":"Anchor"},{"floor":23.0,"key":"Regal Pillow"},{"floor":26.0,"key":"Meat on the Bone"},{"floor":31.0,"key":"Molten Egg 2"}],"event_choices":[{"damage_healed":0.0,"max_hp_gain":0.0,"max_hp_loss":6.0,"gold_gain":0.0,"event_name":"Golden Idol","player_choice":"Lose Max HP","floor":7.0,"gold_loss":0.0,"damage_taken":0.0,"relics_obtained":["Golden Idol"]},{"cards_removed":["Skewer"],"damage_healed":0.0,"max_hp_gain":0.0,"max_hp_loss":0.0,"gold_gain":0.0,"event_name":"Back to Basics","player_choice":"Elegance","floor":19.0,"gold_loss":0.0,"damage_taken":0.0},{"damage_healed":0.0,"max_hp_gain":0.0,"max_hp_loss":0.0,"gold_gain":0.0,"event_name":"Addict","player_choice":"Obtained Relic","floor":25.0,"gold_loss":85.0,"damage_taken":0.0,"relics_obtained":["Mummified Hand"]},{"damage_healed":0.0,"max_hp_gain":0.0,"max_hp_loss":0.0,"gold_gain":50.0,"event_name":"Nest","player_choice":"Stole From Cult","floor":29.0,"gold_loss":0.0,"damage_taken":0.0}],"is_beta":false,"boss_relics":[{"not_picked":["Snecko Eye","Black Star"],"picked":"Pandora\u0027s Box"},{"not_picked":["Velvet Choker","Astrolabe"],"picked":"Sozu"}],"items_purged_floors":[4,11,28,39],"is_endless":false,"potions_floor_spawned":[1,5,10,13,20,22,23,37,38],"killed_by":"Reptomancer","ascension_level":16}}