{"host":"i3w38rq1z4slkels","time":1613360813,"event":{"mods":["2.2 Compatiblity","Act Like it!","BaseMod","Better Match","Better Vampires","BetterRewards","Conspire","Downfall","Hallownest","Minty Spire (QoL Compilation)","Rare Cards Sparkle","Replay The Spire","StSLib","The Bug Knight"],"gold_per_floor":[99,109,94,112,112,124,124,141,141,141,141],"floor_reached":9,"language":"ENG","playtime":419,"items_purged":[],"score":58,"play_id":"c83bdb9e-4460-4843-8807-77c8997edc96","local_time":"20210215104653","is_ascension_mode":true,"campfire_choices":[{"floor":1,"key":"RECALL"}],"circlet_count":0,"master_deck":["bronze:Strike","bronze:Strike","bronze:Strike","bronze:Strike","bronze:Defend","bronze:Defend","bronze:Defend","bronze:Defend","bronze:Replicate","bronze:Goto","bronze:ThunderWave","bronze:Iterate","bronze:Iterate"],"relics":["bronze:BronzeCore","Toxic Egg 2"],"acts_visited":["Exordium"],"potions_floor_usage":[8],"damage_taken":[{"damage":3,"enemies":"2 Louse","floor":2,"turns":3},{"damage":5,"enemies":"downfall:FleeingMerchant","floor":3,"turns":4},{"damage":1,"enemies":"Cultist","floor":4,"turns":3},{"damage":3,"enemies":"Small Slimes","floor":6,"turns":2},{"damage":16,"enemies":"3 Louse","floor":8,"turns":3},{"damage":57,"enemies":"Lagavulin","floor":9,"turns":7}],"seed_played":"964791656944417860","potions_obtained":[{"floor":4,"key":"SkillPotion"}],"is_trial":false,"path_per_floor":["R","M","$","M","?","M","T","M","E"],"character_chosen":"THE_AUTOMATON","items_purchased":[],"campfire_rested":0,"item_purchase_floors":[],"current_hp_per_floor":[70,67,62,61,61,58,58,42,0,0,0],"gold":141,"neow_bonus":"ONE_RANDOM_RARE_CARD","is_daily":false,"chose_seed":false,"campfire_upgraded":0,"win_rate":0.0,"timestamp":1613360813,"path_taken":["R","M","$","M","?","M","T","?","E"],"items_purchased_type":[],"build_version":"2020-12-22","purchased_purges":0,"victory":false,"max_hp_per_floor":[70,70,70,70,70,70,70,70,70,70,70],"card_choices":[{"not_picked":["bronze:FineTuning","bronze:BitShift","bronze:Shield"],"picked":"SKIP","floor":2},{"not_picked":["bronze:Deprecate","bronze:Branch"],"picked":"bronze:Iterate","floor":3},{"not_picked":["bronze:Separator","bronze:DelayedSlice"],"picked":"bronze:Iterate","floor":4},{"not_picked":["bronze:Branch","bronze:Assembly","bronze:Flail"],"picked":"SKIP","floor":6},{"not_picked":["bronze:Shield+1","bronze:ItsAFeature","bronze:Allocate+1"],"picked":"SKIP","floor":8}],"player_experience":498999,"relics_obtained":[{"floor":7,"key":"Toxic Egg 2"}],"event_choices":[],"is_beta":false,"boss_relics":[],"items_purged_floors":[],"is_endless":false,"potions_floor_spawned":[4],"killed_by":"Lagavulin","ascension_level":2}}