{"host":"l7ku00cw7dmofayg","time":1613418527,"event":{"mods":["ATMod(°¢èªMod)","BaseMod","Dota2Spire","Marisa£¨ìFÓê¡¡Ä§ÀíÉ³£©","Minty Spire (QoL Compilation)","StSLib","The Invoker Mod"],"gold_per_floor":[119,44,64,64,80,109,109,139,139,168,8,8,37,8,8,82,82,97,97,97,108,58,117,117,117,117,117,117,117,176,218,218,321,371,409,459,535,547,527,586,602,662,686,752,752,770,770,288,288,318],"floor_reached":51,"language":"ZHS","playtime":2363,"items_purged":["Defend_MRS","Defend_MRS"],"score":1906,"play_id":"1726e36d-dcb0-499e-9adf-2ec3e0be0256","local_time":"20210216034847","is_ascension_mode":true,"campfire_choices":[{"data":"AsteroidBelt","floor":7.0,"key":"SMITH"},{"data":"AT_Desolate","floor":12.0,"key":"SMITH"},{"data":"WitchOfGreed","floor":15.0,"key":"SMITH"},{"data":"IllusionStar","floor":24.0,"key":"SMITH"},{"floor":27.0,"key":"REST"},{"data":"CasketOfStar","floor":32.0,"key":"SMITH"},{"data":"MaximisePower","floor":47.0,"key":"SMITH"},{"floor":49,"key":"REST"}],"circlet_count":0,"master_deck":["AscendersBane","Defend_MRS","MasterSpark","UpSweep","AT_Desolate+1","NonDirectionalLaser","WitchLeyline","AsteroidBelt+1","OrrerysSun","DragonMeteor","GalacticHalo","Orbital","WitchOfGreed+1","JA","Orbital","ShootingEcho","IllusionStar+1","PropBag","ManaRampage+1","SporeBomb","PulseMagic","CasketOfStar+1","MaximisePower+1","MagicChant","MagicChant+1","LuminesStrike","CollectingQuirk","6A","6A","PulseMagic","AT_CelerityRune","GalacticHalo"],"relics":["MiniHakkero","AT_ATBox","NeowsBlessing","AT_BellowingDragoncrestRing","AT_TimeSand","Dota2Spire:Desolator","Pen Nib","AT_SpeedBoots","Incense Burner","Dota2Spire:Bloodstone","Dota2Spire:BattleFury","Oddly Smooth Stone","AT_BladeRuinedKing","Tiny House","Ice Cream","AT_RedNoBalance","Kunai","Dota2Spire:HandOfMidas","Dream Catcher","Membership Card","Bottled Flame","Dota2Spire:PhaseBoots"],"acts_visited":["Exordium","TheCity","TheBeyond"],"potions_floor_usage":[50],"damage_taken":[{"damage":0.0,"enemies":"Cultist","floor":1.0,"turns":1.0},{"damage":0.0,"enemies":"2 Louse","floor":3.0,"turns":1.0},{"damage":0.0,"enemies":"Small Slimes","floor":5.0,"turns":1.0},{"damage":21.0,"enemies":"3 Sentries","floor":6.0,"turns":5.0},{"damage":9.0,"enemies":"Lagavulin","floor":8.0,"turns":4.0},{"damage":0.0,"enemies":"Gremlin Nob","floor":10.0,"turns":2.0},{"damage":0.0,"enemies":"Lagavulin","floor":13.0,"turns":3.0},{"damage":0.0,"enemies":"Slime Boss","floor":16.0,"turns":2.0},{"damage":0.0,"enemies":"Spheric Guardian","floor":18.0,"turns":1.0},{"damage":0.0,"enemies":"Chosen","floor":21.0,"turns":3.0},{"damage":18.0,"enemies":"Slavers","floor":23.0,"turns":4.0},{"damage":2.0,"enemies":"Book of Stabbing","floor":30.0,"turns":3.0},{"damage":0.0,"enemies":"Snecko","floor":31.0,"turns":2.0},{"damage":0.0,"enemies":"Collector","floor":33.0,"turns":3.0},{"damage":0.0,"enemies":"3 Darklings","floor":35.0,"turns":2.0},{"damage":19.0,"enemies":"Mind Bloom Boss Battle","floor":36.0,"turns":3.0},{"damage":0.0,"enemies":"Orb Walker","floor":38.0,"turns":1.0},{"damage":3.0,"enemies":"Nemesis","floor":40.0,"turns":3.0},{"damage":0.0,"enemies":"Transient","floor":41.0,"turns":3.0},{"damage":0.0,"enemies":"Giant Head","floor":42.0,"turns":3.0},{"damage":0.0,"enemies":"Sphere and 2 Shapes","floor":44.0,"turns":2.0},{"damage":0.0,"enemies":"Maw","floor":46.0,"turns":1.0},{"damage":0,"enemies":"Donu and Deca","floor":50,"turns":3}],"seed_played":"-6244901071273727235","potions_obtained":[{"floor":5.0,"key":"Explosive Potion"},{"floor":8.0,"key":"BottledSpark"},{"floor":13.0,"key":"FearPotion"},{"floor":16.0,"key":"AttackPotion"},{"floor":18.0,"key":"EntropicBrew"},{"floor":23.0,"key":"Ancient Potion"},{"floor":30.0,"key":"GamblersBrew"},{"floor":30.0,"key":"Fire Potion"},{"floor":31.0,"key":"Weak Potion"},{"floor":33.0,"key":"Swift Potion"},{"floor":36.0,"key":"FearPotion"},{"floor":39.0,"key":"Fire Potion"},{"floor":40.0,"key":"Energy Potion"},{"floor":41.0,"key":"FairyPotion"}],"is_trial":false,"path_per_floor":["M","$","M","?","M","E","R","E","T","E","$","R","E","$","R","B",null,"M","?","?","M","$","E","R","?","T","R","?","$","E","M","R","B",null,"M","?","T","M","?","E","M","E","T","M","?","M","R","$","R","B",null],"character_chosen":"MARISA","items_purchased":["AT_SpeedBoots","WitchOfGreed","IllusionStar","Membership Card","Bottled Flame","Dota2Spire:PhaseBoots","AT_CelerityRune"],"campfire_rested":2,"item_purchase_floors":[11,14,22,48,48,48,48],"current_hp_per_floor":[63,63,63,63,63,42,42,33,33,33,33,33,33,33,33,33,61,61,61,41,41,41,23,23,23,23,45,45,45,43,43,43,43,72,72,77,77,40,40,37,40,52,52,40,40,40,40,40,64,40],"gold":318,"neow_bonus":"THREE_ENEMY_KILL","is_daily":false,"chose_seed":false,"campfire_upgraded":6,"win_rate":0.0,"timestamp":1613418527,"path_taken":["M","?","M","?","?","E","R","E","T","E","$","R","E","?","R","BOSS","M","?","?","M","$","E","R","?","T","R","?","$","E","M","R","BOSS","M","?","?","M","?","E","M","E","T","?","?","?","R","$","R","BOSS"],"items_purchased_type":["Relic","Card","Card","Relic","Relic","Relic","Card"],"build_version":"2020-12-22","purchased_purges":2,"victory":true,"max_hp_per_floor":[70,70,70,70,70,70,70,70,70,70,70,70,70,70,70,70,70,70,70,75,75,75,75,75,75,75,75,75,75,75,75,75,75,80,80,80,80,80,80,80,80,80,80,80,80,80,80,80,80,80],"card_choices":[{"not_picked":["MysteriousBeam","SporeBomb"],"picked":"NonDirectionalLaser","floor":1.0},{"not_picked":["WitchLeyline","AlicesGift","GravityBeat"],"picked":"SKIP","floor":3.0},{"not_picked":["WitchLeyline","NonDirectionalLaser"],"picked":"AsteroidBelt","floor":5.0},{"not_picked":["DragonMeteor","GrandCross"],"picked":"OrrerysSun","floor":6.0},{"not_picked":["EnergyRecoil","StarBarrage"],"picked":"DragonMeteor","floor":8.0},{"not_picked":["GrandCross","StarBarrage"],"picked":"GalacticHalo","floor":10.0},{"not_picked":["EnergyFlow","AbsoluteMagnitude"],"picked":"Orbital","floor":13.0},{"not_picked":["BigCrunch","SatelliteIllusion"],"picked":"JA","floor":16.0},{"not_picked":["MeteoricShower","GasGiant"],"picked":"Orbital","floor":18.0},{"not_picked":["WitchLeyline","AlicesGift"],"picked":"ShootingEcho","floor":21.0},{"not_picked":["WitchOfGreed","UnstableBomb"],"picked":"PropBag","floor":23.0},{"not_picked":["DragonMeteor","OortCloud"],"picked":"PulseMagic","floor":30.0},{"not_picked":["DC","AsteroidBelt"],"picked":"CasketOfStar","floor":31.0},{"not_picked":["AbsoluteMagnitude","BigCrunch"],"picked":"MaximisePower","floor":33.0},{"not_picked":["GravityBeat","OpenUniverse"],"picked":"MagicChant","floor":34.0},{"not_picked":["FairyDestructionRay","DoubleSpark"],"picked":"MagicChant+1","floor":35.0},{"not_picked":["WitchLeyline","WitchOfGreed"],"picked":"LuminesStrike","floor":36.0},{"not_picked":["NonDirectionalLaser","AsteroidBelt+1"],"picked":"CollectingQuirk","floor":38.0},{"not_picked":["Robbery","GasGiant+1"],"picked":"6A","floor":40.0},{"not_picked":["ShootingEcho+1","MeteoricShower"],"picked":"6A","floor":41.0},{"not_picked":["IllusionStar","MagicChant"],"picked":"PulseMagic","floor":42.0},{"not_picked":["PowerUp","GravityBeat+1","StarBarrage"],"picked":"SKIP","floor":44.0},{"not_picked":["BigCrunch","WitchLeyline","MysteriousBeam"],"picked":"SKIP","floor":46.0},{"not_picked":["DC","WitchOfGreed"],"picked":"GalacticHalo","floor":49}],"player_experience":63350,"relics_obtained":[{"floor":6.0,"key":"AT_BellowingDragoncrestRing"},{"floor":8.0,"key":"AT_TimeSand"},{"floor":9.0,"key":"Dota2Spire:Desolator"},{"floor":10.0,"key":"Pen Nib"},{"floor":13.0,"key":"Incense Burner"},{"floor":23.0,"key":"Dota2Spire:BattleFury"},{"floor":26.0,"key":"Oddly Smooth Stone"},{"floor":30.0,"key":"AT_BladeRuinedKing"},{"floor":36.0,"key":"Ice Cream"},{"floor":37.0,"key":"AT_SilverBalance"},{"floor":40.0,"key":"Kunai"},{"floor":42.0,"key":"Dota2Spire:HandOfMidas"},{"floor":43.0,"key":"Dream Catcher"}],"event_choices":[{"damage_healed":0.0,"max_hp_gain":0.0,"max_hp_loss":0.0,"gold_gain":0.0,"cards_transformed":["Strike_MRS"],"event_name":"Transmorgrifier","player_choice":"Transformed","floor":4.0,"gold_loss":0.0,"damage_taken":0.0,"cards_obtained":["WitchLeyline"]},{"cards_removed":["Strike_MRS"],"damage_healed":0.0,"max_hp_gain":0.0,"max_hp_loss":0.0,"gold_gain":0.0,"event_name":"Back to Basics","player_choice":"Elegance","floor":19.0,"gold_loss":0.0,"damage_taken":0.0},{"damage_healed":0.0,"max_hp_gain":5.0,"max_hp_loss":0.0,"gold_gain":0.0,"event_name":"Forgotten Altar","player_choice":"Shed Blood","floor":20.0,"gold_loss":0.0,"damage_taken":25.0},{"damage_healed":0.0,"max_hp_gain":0.0,"max_hp_loss":0.0,"gold_gain":0.0,"event_name":"Vampires","player_choice":"Ignored","floor":25.0,"gold_loss":0.0,"damage_taken":0.0},{"damage_healed":0.0,"max_hp_gain":0.0,"max_hp_loss":0.0,"gold_gain":0.0,"cards_transformed":["Strike_MRS","Defend_MRS"],"event_name":"Drug Dealer","player_choice":"Became Test Subject","floor":28.0,"gold_loss":0.0,"damage_taken":0.0,"cards_obtained":["ManaRampage","SporeBomb"]},{"damage_healed":0.0,"max_hp_gain":0.0,"max_hp_loss":0.0,"gold_gain":0.0,"event_name":"MindBloom","player_choice":"Fight","floor":36.0,"gold_loss":0.0,"damage_taken":0.0},{"damage_healed":0.0,"max_hp_gain":0.0,"max_hp_loss":0.0,"gold_gain":0.0,"event_name":"The Woman in Blue","player_choice":"Bought 1 Potion","floor":39.0,"gold_loss":0.0,"damage_taken":0.0},{"cards_removed":["Strike_MRS"],"damage_healed":0.0,"max_hp_gain":0.0,"max_hp_loss":0.0,"gold_gain":0.0,"event_name":"Purifier","player_choice":"Purged","floor":45.0,"gold_loss":0.0,"damage_taken":0.0}],"is_beta":false,"boss_relics":[{"not_picked":["Snecko Eye","AT_MortalBlade"],"picked":"Dota2Spire:Bloodstone"},{"not_picked":["Runic Pyramid","SlaversCollar"],"picked":"Tiny House"}],"items_purged_floors":[2,48],"is_endless":false,"potions_floor_spawned":[5,8,13,16,18,21,30,36,40,41,42,44,46],"ascension_level":16}}