{"host":"4nv61ujg37lx5d7m","time":1613366001,"event":{"mods":["BaseMod","Minty Spire (QoL Compilation)"],"gold_per_floor":[360,360,379,454,98,98,21,40,118,130,147,157,157,191,191,286,286,306,324,335,21,35,65,77,110,110,110,135,148,148,179,179,279,279,290,308,308,323,335,335,366,379,379,379,433,465,56,85,85,85],"floor_reached":51,"language":"ZHS","playtime":3316,"items_purged":["Strike_B","Strike_B","Strike_B"],"score":1074,"play_id":"f5eb9809-17d0-47ea-a531-3dc38069eed5","local_time":"20210215131321","is_ascension_mode":false,"campfire_choices":[{"data":"Double Energy","floor":6,"key":"SMITH"},{"floor":15,"key":"REST"},{"floor":30,"key":"REST"},{"floor":32,"key":"REST"},{"floor":40,"key":"REST"},{"floor":44,"key":"REST"},{"floor":49,"key":"DIG"}],"circlet_count":0,"master_deck":["Strike_B+1","Defend_B+1","Defend_B","Defend_B","Defend_B","Zap","Dualcast","Defragment","Barrage","Double Energy+1","Master of Strategy","White Noise+1","Electrodynamics","Melter","Storm","Coolheaded","Streamline","Conserve Battery","Fission","Conserve Battery","Barrage+1","Go for the Eyes+1","FTL","Conserve Battery","Cold Snap","Machine Learning","Glacier","Ghostly","Ghostly","Ghostly","Ghostly","Ghostly","Loop","Double Energy","Capacitor","Creative AI","Skim+1","Compile Driver","Discovery","Apotheosis","Master of Strategy","Doom and Gloom","Cold Snap","Ball Lightning+1","Reinforced Body+1","Cold Snap","White Noise+1","Fusion+1","Hologram","Loop","Capacitor"],"relics":["Cracked Core","Membership Card","Matryoshka","Shuriken","Fusion Hammer","Anchor","TheAbacus","Vajra","Calipers","Sundial","Boot","Pantograph","Red Mask","White Beast Statue","SlaversCollar","Orichalcum","Mummified Hand","Dream Catcher","Dead Branch","Juzu Bracelet","Strawberry","Toolbox","Shovel","Centennial Puzzle","HornCleat"],"acts_visited":["Exordium","TheCity","TheBeyond"],"potions_floor_usage":[16,16,16,25,33,42,50],"damage_taken":[{"damage":1,"enemies":"Cultist","floor":1,"turns":3},{"damage":0,"enemies":"2 Louse","floor":3,"turns":4},{"damage":0,"enemies":"Small Slimes","floor":8,"turns":3},{"damage":6,"enemies":"Blue Slaver","floor":10,"turns":3},{"damage":0,"enemies":"Exordium Wildlife","floor":11,"turns":3},{"damage":3,"enemies":"Large Slime","floor":12,"turns":5},{"damage":18,"enemies":"3 Sentries","floor":14,"turns":3},{"damage":17,"enemies":"Hexaghost","floor":16,"turns":7},{"damage":5,"enemies":"Chosen","floor":18,"turns":4},{"damage":14,"enemies":"3 Byrds","floor":19,"turns":3},{"damage":3,"enemies":"Snecko","floor":20,"turns":3},{"damage":0,"enemies":"3 Cultists","floor":22,"turns":4},{"damage":20,"enemies":"Book of Stabbing","floor":23,"turns":5},{"damage":1,"enemies":"Snake Plant","floor":24,"turns":4},{"damage":13,"enemies":"Slavers","floor":25,"turns":4},{"damage":0,"enemies":"Masked Bandits","floor":28,"turns":4},{"damage":0,"enemies":"Shelled Parasite and Fungi","floor":29,"turns":5},{"damage":0,"enemies":"Gremlin Leader","floor":31,"turns":6},{"damage":24,"enemies":"Collector","floor":33,"turns":8},{"damage":6,"enemies":"3 Shapes","floor":35,"turns":6},{"damage":2,"enemies":"3 Darklings","floor":36,"turns":5},{"damage":0,"enemies":"Spire Growth","floor":38,"turns":6},{"damage":0,"enemies":"4 Shapes","floor":39,"turns":5},{"damage":3,"enemies":"Giant Head","floor":41,"turns":8},{"damage":0,"enemies":"Sphere and 2 Shapes","floor":42,"turns":3},{"damage":9,"enemies":"2 Orb Walkers","floor":45,"turns":6},{"damage":0,"enemies":"Reptomancer","floor":46,"turns":3},{"damage":0,"enemies":"Nemesis","floor":48,"turns":3},{"damage":0,"enemies":"Donu and Deca","floor":50,"turns":7}],"seed_played":"-2055202569771775375","potions_obtained":[{"floor":3,"key":"PotionOfCapacity"},{"floor":14,"key":"EntropicBrew"},{"floor":16,"key":"SneckoOil"},{"floor":28,"key":"PotionOfCapacity"},{"floor":33,"key":"Strength Potion"},{"floor":38,"key":"Swift Potion"},{"floor":39,"key":"Ancient Potion"},{"floor":42,"key":"Weak Potion"},{"floor":45,"key":"PotionOfCapacity"},{"floor":48,"key":"Regen Potion"}],"is_trial":false,"path_per_floor":["M","?","M","?","$","R","$","M","T","M","M","M","?","E","R","B",null,"M","M","M","$","M","E","M","E","T","?","?","M","R","E","R","B",null,"M","M","?","M","M","R","E","M","T","R","?","E","$","E","R","B",null],"character_chosen":"DEFECT","items_purchased":["Membership Card","Double Energy","Master of Strategy","White Noise","Electrodynamics","Anchor","FTL","TheAbacus","Vajra","Strawberry","Toolbox","Hologram","Shovel","Loop"],"campfire_rested":5,"item_purchase_floors":[5,5,5,5,7,21,21,21,21,47,47,47,47,47],"current_hp_per_floor":[67,53,53,42,42,42,42,42,42,36,36,33,33,15,35,18,68,63,49,46,46,46,26,25,12,12,12,12,12,22,22,32,10,34,28,26,16,16,16,26,23,23,23,33,24,24,31,31,31,41],"gold":85,"neow_bonus":"TWO_FIFTY_GOLD","is_daily":false,"chose_seed":false,"campfire_upgraded":1,"win_rate":0.0,"timestamp":1613366001,"path_taken":["M","?","M","?","$","R","$","M","T","M","M","M","?","E","R","BOSS","M","?","M","$","M","E","M","E","T","?","?","M","R","E","R","BOSS","M","M","?","M","M","R","E","M","T","R","?","E","$","E","R","BOSS"],"items_purchased_type":["Relic","Card","Card","Card","Card","Relic","Card","Relic","Relic","Relic","Relic","Card","Relic","Card"],"build_version":"2020-12-22","purchased_purges":3,"victory":true,"max_hp_per_floor":[68,68,68,68,68,68,68,68,68,68,68,68,68,68,68,68,68,68,68,68,68,68,68,68,68,68,34,34,34,34,34,34,34,34,34,34,34,34,34,34,34,34,34,34,34,34,41,41,41,41],"card_choices":[{"not_picked":["Beam Cell","Compile Driver"],"picked":"Defragment","floor":1},{"not_picked":["Steam","Genetic Algorithm"],"picked":"Barrage","floor":3},{"not_picked":["Defragment","Steam"],"picked":"Melter","floor":8},{"not_picked":["Beam Cell","Redo"],"picked":"Storm","floor":10},{"not_picked":["Storm","Steam"],"picked":"Coolheaded","floor":11},{"not_picked":["Hologram","All For One"],"picked":"Streamline","floor":12},{"not_picked":["Steam","Heatsinks"],"picked":"Conserve Battery","floor":14},{"not_picked":["Machine Learning","Amplify"],"picked":"Fission","floor":16},{"not_picked":["Coolheaded","Sweeping Beam"],"picked":"Conserve Battery","floor":18},{"not_picked":["Go for the Eyes","Ball Lightning"],"picked":"Barrage+1","floor":19},{"not_picked":["Streamline","Sweeping Beam"],"picked":"Go for the Eyes+1","floor":20},{"not_picked":["Go for the Eyes","Consume"],"picked":"Conserve Battery","floor":22},{"not_picked":["Blizzard","Rip and Tear"],"picked":"Cold Snap","floor":23},{"not_picked":["Hello World","Go for the Eyes"],"picked":"Machine Learning","floor":24},{"not_picked":["Leap","Melter"],"picked":"Glacier","floor":25},{"not_picked":["Chill","Gash"],"picked":"Loop","floor":28},{"not_picked":["Go for the Eyes","Coolheaded+1"],"picked":"Double Energy","floor":29},{"not_picked":["Skim+1","Compile Driver"],"picked":"Capacitor","floor":31},{"not_picked":["Rainbow","Multi-Cast"],"picked":"Creative AI","floor":33},{"not_picked":["Scrape+1","Static Discharge"],"picked":"Skim+1","floor":35},{"not_picked":["Steam","Sweeping Beam+1"],"picked":"Compile Driver","floor":36},{"not_picked":["Finesse","Impatience"],"picked":"Discovery","floor":37},{"not_picked":["Discovery","Mayhem"],"picked":"Apotheosis","floor":37},{"not_picked":["Good Instincts","Discovery"],"picked":"Master of Strategy","floor":37},{"not_picked":["Double Energy+1","Scrape+1"],"picked":"Doom and Gloom","floor":38},{"not_picked":["Scrape+1","Hologram"],"picked":"Cold Snap","floor":39},{"not_picked":["Hologram","Leap+1"],"picked":"Ball Lightning+1","floor":41},{"not_picked":["Gash","Go for the Eyes"],"picked":"Reinforced Body+1","floor":42},{"not_picked":["Conserve Battery","Streamline+1"],"picked":"Cold Snap","floor":44},{"not_picked":["Hologram+1","Go for the Eyes+1"],"picked":"White Noise+1","floor":45},{"not_picked":["Go for the Eyes+1","Beam Cell+1"],"picked":"Fusion+1","floor":46},{"not_picked":["Conserve Battery+1","Scrape+1"],"picked":"Capacitor","floor":48}],"player_experience":93480,"relics_obtained":[{"floor":9,"key":"Matryoshka"},{"floor":14,"key":"Shuriken"},{"floor":23,"key":"Calipers"},{"floor":25,"key":"Sundial"},{"floor":26,"key":"Boot"},{"floor":26,"key":"Pantograph"},{"floor":28,"key":"Red Mask"},{"floor":31,"key":"White Beast Statue"},{"floor":41,"key":"Orichalcum"},{"floor":43,"key":"Mummified Hand"},{"floor":43,"key":"Dream Catcher"},{"floor":45,"key":"Dead Branch"},{"floor":46,"key":"Juzu Bracelet"},{"floor":48,"key":"Centennial Puzzle"},{"floor":49,"key":"HornCleat"}],"event_choices":[{"damage_healed":0,"gold_gain":0,"player_choice":"Entered Light","damage_taken":14,"max_hp_gain":0,"max_hp_loss":0,"event_name":"Shining Light","floor":2,"gold_loss":0,"cards_upgraded":["Defend_B","Strike_B"]},{"damage_healed":0,"gold_gain":75,"player_choice":"Gather Gold","damage_taken":11,"max_hp_gain":0,"max_hp_loss":0,"event_name":"World of Goop","floor":4,"gold_loss":0},{"damage_healed":0,"gold_gain":0,"player_choice":"Upgraded","damage_taken":0,"max_hp_gain":0,"max_hp_loss":0,"event_name":"Upgrade Shrine","floor":13,"gold_loss":0,"cards_upgraded":["White Noise"]},{"damage_healed":0,"gold_gain":0,"player_choice":"Became a Ghost","damage_taken":0,"max_hp_gain":0,"max_hp_loss":34,"event_name":"Ghosts","floor":27,"gold_loss":0,"cards_obtained":["Ghostly","Ghostly","Ghostly","Ghostly","Ghostly"]},{"damage_healed":0,"gold_gain":0,"player_choice":"Fought Bandits","damage_taken":0,"max_hp_gain":0,"max_hp_loss":0,"event_name":"Masked Bandits","floor":28,"gold_loss":0},{"damage_healed":0,"gold_gain":0,"player_choice":"Memory 3","damage_taken":10,"max_hp_gain":0,"max_hp_loss":0,"event_name":"SensoryStone","floor":37,"gold_loss":0},{"damage_healed":0,"gold_gain":0,"player_choice":"Fight","damage_taken":0,"max_hp_gain":0,"max_hp_loss":0,"event_name":"Mysterious Sphere","floor":45,"gold_loss":0}],"is_beta":false,"boss_relics":[{"not_picked":["Astrolabe","Calling Bell"],"picked":"Fusion Hammer"},{"not_picked":["Busted Crown","Coffee Dripper"],"picked":"SlaversCollar"}],"items_purged_floors":[5,21,47],"is_endless":false,"potions_floor_spawned":[3,14,16,19,20,24,28,33,35,36,38,39,41,42,45,46,48],"ascension_level":0}}