{"host":"kg61lsvem4dxoat8","time":1613409850,"event":{"mods":["AchievementEnabler","BaseMod","Better Altar","Better Match","Better Sensory Stone","Better Skull","Block Reminder","Highlight Path","Minty Spire (QoL Compilation)","Quick Restart","Rare Cards Sparkle","Relic Sorter","Relic Stats","StSLib","Synergy Search","slay the spire mod where everything is the same but ironclad has a cowboy hat"],"gold_per_floor":[112,212,223,223,278,312,142,142,142,160,174,189,216,233,233,329,329,344,92,111,111,111,141,160,173,196,196,196,196],"floor_reached":28,"language":"ENG","playtime":743,"items_purged":["Strike_R","Strike_R"],"score":438,"play_id":"2b7fd391-0dfe-48be-a27d-badfffbe1396","local_time":"20210216012410","is_ascension_mode":true,"campfire_choices":[{"data":"Bash","floor":8.0,"key":"SMITH"},{"data":"Strike_R","floor":15,"key":"PURGE"},{"data":"Strike_R","floor":27,"key":"PURGE"}],"circlet_count":0,"master_deck":["AscendersBane","Defend_R","Defend_R","Defend_R","Defend_R","Bash+1","Thunderclap","Dropkick","Finesse","Flame Barrier","Brutality","Pommel Strike+1","Parasite"],"relics":["Burning Blood","NeowsBlessing","Nunchaku","Pear","Eternal Feather","Peace Pipe","Cursed Key","Lee\u0027s Waffle","InkBottle","Akabeko"],"acts_visited":["Exordium","TheCity"],"potions_floor_usage":[14,16,16,23,24,25,25,25,25],"damage_taken":[{"damage":0.0,"enemies":"Cultist","floor":1.0,"turns":1.0},{"damage":0.0,"enemies":"Small Slimes","floor":3.0,"turns":1.0},{"damage":0.0,"enemies":"Gremlin Nob","floor":6.0,"turns":1.0},{"damage":10.0,"enemies":"Jaw Worm","floor":10.0,"turns":2.0},{"damage":5.0,"enemies":"2 Fungi Beasts","floor":11.0,"turns":4.0},{"damage":6.0,"enemies":"3 Louse","floor":12.0,"turns":4.0},{"damage":36.0,"enemies":"Lagavulin","floor":13.0,"turns":6.0},{"damage":8,"enemies":"Lots of Slimes","floor":14,"turns":3},{"damage":48,"enemies":"Hexaghost","floor":16,"turns":10},{"damage":31,"enemies":"Shell Parasite","floor":18,"turns":5},{"damage":13,"enemies":"Chosen","floor":20,"turns":4},{"damage":69,"enemies":"Slavers","floor":23,"turns":7},{"damage":21,"enemies":"3 Cultists","floor":24,"turns":5},{"damage":8,"enemies":"Chosen and Byrds","floor":25,"turns":6},{"damage":1,"enemies":"Sentry and Sphere","floor":28,"turns":2}],"seed_played":"6262781239881794923","potions_obtained":[{"floor":3.0,"key":"ElixirPotion"},{"floor":11.0,"key":"CultistPotion"},{"floor":13.0,"key":"GamblersBrew"},{"floor":14,"key":"LiquidMemories"},{"floor":23,"key":"DuplicationPotion"},{"floor":24,"key":"EntropicBrew"}],"is_trial":false,"path_per_floor":["M","?","M","?","T","E","$","R","T","M","M","M","E","M","R","B",null,"M","$","M","$","?","E","M","M","T","R","M"],"character_chosen":"IRONCLAD","items_purchased":["Finesse","Lee\u0027s Waffle"],"campfire_rested":0,"item_purchase_floors":[7,19],"current_hp_per_floor":[78,78,80,80,80,90,90,90,90,86,87,87,57,55,61,19,72,47,97,90,90,90,27,12,10,10,16,15,15],"gold":196,"neow_bonus":"THREE_ENEMY_KILL","is_daily":false,"chose_seed":false,"campfire_upgraded":1,"win_rate":0.0,"timestamp":1613409850,"path_taken":["M","?","?","?","?","E","$","R","T","M","M","M","E","M","R","BOSS","M","$","M","$","?","E","M","M","T","R","M"],"items_purchased_type":["Card","Relic"],"build_version":"2020-12-22","purchased_purges":2,"victory":false,"max_hp_per_floor":[80,80,80,80,80,90,90,90,90,90,90,90,90,90,90,90,90,90,97,97,97,97,97,97,97,97,97,97,97],"relic_stats":{"Peace Pipe":2,"Nunchaku":[13],"Lee\u0027s Waffle":50,"counters":[15,61],"Eternal Feather":12,"Cursed Key":1,"obtain_stats":[{"Peace Pipe":13,"Nunchaku":5,"Lee\u0027s Waffle":19,"Pear":6,"NeowsBlessing":0,"Eternal Feather":9,"Cursed Key":17,"Burning Blood":0,"InkBottle":23,"Akabeko":26},{"Peace Pipe":7,"Nunchaku":2,"Lee\u0027s Waffle":10,"Pear":3,"NeowsBlessing":0,"Eternal Feather":3,"Cursed Key":9,"Burning Blood":0,"InkBottle":12,"Akabeko":14},{"Peace Pipe":19,"Nunchaku":2,"Lee\u0027s Waffle":37,"Pear":3,"NeowsBlessing":0,"Eternal Feather":3,"Cursed Key":32,"Burning Blood":0,"InkBottle":48,"Akabeko":59}],"Burning Blood":74,"InkBottle":[5]},"card_choices":[{"not_picked":["Anger","Carnage"],"picked":"Thunderclap","floor":1.0},{"not_picked":["Dual Wield","Cleave","Reckless Charge"],"picked":"SKIP","floor":3.0},{"not_picked":["Clash","Havoc"],"picked":"Dropkick","floor":6.0},{"not_picked":["Anger","Clothesline","Clash"],"picked":"SKIP","floor":10.0},{"not_picked":["Evolve","Seeing Red","Whirlwind"],"picked":"SKIP","floor":11.0},{"not_picked":["Sword Boomerang","Fire Breathing"],"picked":"Flame Barrier","floor":12.0},{"not_picked":["Thunderclap","Perfected Strike","Intimidate"],"picked":"SKIP","floor":13.0},{"not_picked":["Fire Breathing","Corruption","Inflame"],"picked":"SKIP","floor":14},{"not_picked":["Corruption","Feed"],"picked":"Brutality","floor":16},{"not_picked":["Body Slam+1","Headbutt"],"picked":"Pommel Strike+1","floor":18},{"not_picked":["Armaments","Warcry","Flex"],"picked":"SKIP","floor":20},{"not_picked":["Clothesline+1","Headbutt","Wild Strike"],"picked":"SKIP","floor":23},{"not_picked":["Dual Wield","Pummel","True Grit"],"picked":"SKIP","floor":24},{"not_picked":["Havoc","Seeing Red+1","Intimidate"],"picked":"SKIP","floor":25}],"player_experience":1545455,"relics_obtained":[{"floor":5.0,"key":"Nunchaku"},{"floor":6.0,"key":"Pear"},{"floor":9.0,"key":"Eternal Feather"},{"floor":13.0,"key":"Peace Pipe"},{"floor":23,"key":"InkBottle"},{"floor":26,"key":"Akabeko"}],"event_choices":[{"damage_healed":0.0,"max_hp_gain":0.0,"max_hp_loss":0.0,"gold_gain":100.0,"event_name":"Golden Shrine","player_choice":"Pray","floor":2.0,"gold_loss":0.0,"damage_taken":0.0},{"damage_healed":0.0,"max_hp_gain":0.0,"max_hp_loss":0.0,"gold_gain":0.0,"event_name":"Liars Game","player_choice":"Ignored","floor":4.0,"gold_loss":0.0,"damage_taken":0.0},{"cards_removed":["Strike_R"],"damage_healed":0,"gold_gain":0,"player_choice":"Elegance","damage_taken":0,"max_hp_gain":0,"max_hp_loss":0,"event_name":"Back to Basics","floor":22,"gold_loss":0}],"is_beta":false,"boss_relics":[{"not_picked":["Runic Pyramid","Tiny House"],"picked":"Cursed Key"}],"items_purged_floors":[7,19],"is_endless":false,"potions_floor_spawned":[3,11,13,14,23,24],"killed_by":"Sentry and Sphere","ascension_level":10}}