{"host":"y36bp6mnm73x3iob","time":1613398888,"event":{"mods":["2.2 Compatiblity","BaseMod","Bossed Relics","GifTheSpireLib","Hermit","Minty Spire (QoL Compilation)","Reliquary","StSLib"],"gold_per_floor":[362,362,381,304,579,604,614,614,614,389,389,405,262,39,39,143,143,162,19,38,73,73,73],"floor_reached":22,"language":"ENG","playtime":968,"items_purged":["Regret"],"score":209,"play_id":"11841f24-2907-4065-a416-5f6219bd3b1f","local_time":"20210215162128","is_ascension_mode":true,"campfire_choices":[{"floor":8,"key":"REST"},{"data":"Footwork","floor":11,"key":"SMITH"},{"floor":15,"key":"REST"}],"circlet_count":0,"master_deck":["Strike_G","Strike_G","Strike_G","Defend_G","Defend_G","Defend_G","Defend_G","Defend_G","Survivor","Neutralize","Quick Slash","Deadly Poison","Poisoned Stab","Dagger Spray","Dagger Spray","Poisoned Stab","Footwork+1","Skewer","Deadly Poison","Burst","Venomology","Leg Sweep","Leg Sweep","Malaise","Footwork","Backflip","Deadly Poison"],"relics":["Ring of the Snake","reliquary:Sideboard","reliquary:BallBearing","Orrery","Vajra","Empty Cage","Membership Card","Red Mask"],"acts_visited":["Exordium","TheCity"],"potions_floor_usage":[6,18,18,21,21],"damage_taken":[{"damage":0,"enemies":"2 Louse","floor":1,"turns":3},{"damage":4,"enemies":"Cultist","floor":3,"turns":5},{"damage":36,"enemies":"Gremlin Nob","floor":6,"turns":4},{"damage":8,"enemies":"Jaw Worm","floor":7,"turns":4},{"damage":1,"enemies":"2 Fungi Beasts","floor":12,"turns":3},{"damage":14,"enemies":"The Guardian","floor":16,"turns":11},{"damage":18,"enemies":"Spheric Guardian","floor":18,"turns":5},{"damage":12,"enemies":"Shell Parasite","floor":20,"turns":7},{"damage":39,"enemies":"Masked Bandits","floor":21,"turns":7},{"damage":45,"enemies":"Sentry and Sphere","floor":22,"turns":5}],"seed_played":"-3885062530159593169","potions_obtained":[{"floor":3,"key":"Fruit Juice"},{"floor":16,"key":"CunningPotion"}],"is_trial":false,"path_per_floor":["M","?","M","$","?","E","M","R","T","$","R","M","$","$","R","B",null,"M","$","M","?","M"],"character_chosen":"THE_SILENT","items_purchased":["Poisoned Stab","Dagger Spray","Poisoned Stab","FairyPotion","Orrery","Vajra","Skewer","Membership Card"],"campfire_rested":2,"item_purchase_floors":[4,4,10,10,13,14,14,19],"current_hp_per_floor":[49,49,45,45,45,14,6,28,28,28,28,27,27,27,49,35,75,57,57,45,6,0,0],"gold":73,"neow_bonus":"TWO_FIFTY_GOLD","is_daily":false,"chose_seed":false,"campfire_upgraded":1,"win_rate":0.0,"timestamp":1613398888,"path_taken":["M","?","M","$","?","E","M","R","T","$","R","?","?","$","R","BOSS","M","$","M","?","M"],"items_purchased_type":["Card","Card","Card","Potion","Relic","Relic","Card","Relic"],"build_version":"2020-12-22","purchased_purges":1,"victory":false,"max_hp_per_floor":[70,70,70,70,70,75,75,75,75,75,75,75,75,75,75,75,75,75,75,75,75,75,75],"card_choices":[{"not_picked":["Underhanded Strike","Prepared"],"picked":"Quick Slash","floor":1},{"not_picked":["Underhanded Strike","Flying Knee"],"picked":"Deadly Poison","floor":3},{"not_picked":["Underhanded Strike","Dagger Throw"],"picked":"Dagger Spray","floor":6},{"not_picked":["Prepared","Quick Slash"],"picked":"Footwork","floor":7},{"not_picked":["Expertise","Finisher"],"picked":"Deadly Poison","floor":12},{"not_picked":["Flying Knee","Deflect"],"picked":"Burst","floor":13},{"not_picked":["Backflip","Cloak And Dagger"],"picked":"Venomology","floor":13},{"not_picked":["Bouncing Flask","Masterful Stab"],"picked":"Leg Sweep","floor":13},{"not_picked":["All Out Attack","Finisher"],"picked":"Leg Sweep","floor":13},{"not_picked":["Choke","Sucker Punch"],"picked":"Flying Knee","floor":13},{"not_picked":["Unload","Burst"],"picked":"Malaise","floor":16},{"not_picked":["Heel Hook","Flying Knee+1"],"picked":"Footwork","floor":18},{"not_picked":["Bane+1","Quick Slash"],"picked":"Backflip","floor":20},{"not_picked":["Escape Plan","Dagger Spray"],"picked":"Deadly Poison","floor":21}],"player_experience":547866,"relics_obtained":[{"floor":6,"key":"reliquary:Sideboard"},{"floor":9,"key":"reliquary:BallBearing"},{"floor":21,"key":"Red Mask"}],"event_choices":[{"damage_healed":0,"gold_gain":0,"player_choice":"Leave","damage_taken":0,"max_hp_gain":0,"max_hp_loss":0,"event_name":"The Cleric","floor":2,"gold_loss":0},{"damage_healed":0,"gold_gain":275,"player_choice":"Desecrate","damage_taken":0,"max_hp_gain":0,"max_hp_loss":0,"event_name":"Golden Shrine","floor":5,"gold_loss":0,"cards_obtained":["Regret"]},{"damage_healed":0,"gold_gain":0,"player_choice":"Fought Bandits","damage_taken":0,"max_hp_gain":0,"max_hp_loss":0,"event_name":"Masked Bandits","floor":21,"gold_loss":0}],"is_beta":false,"boss_relics":[{"not_picked":["WristBlade","Astrolabe"],"picked":"Empty Cage"}],"items_purged_floors":[10],"is_endless":false,"potions_floor_spawned":[3,16],"killed_by":"Sentry and Sphere","ascension_level":3}}