{"host":"ex9ev9v5sog028vn","time":1613373630,"event":{"mods":["Act Like it!","BaseMod","Block Reminder","Downfall","Minty Spire (QoL Compilation)","Quick Restart","Relic Stats","StSLib"],"gold_per_floor":[99,117,129,139,139,154,154,154,154,172,189,189,221,235,253,349,349,249,266,366,381,396,396,396,436,436,455,473,493,493,505,521,521,521,521],"floor_reached":33,"language":"ENG","playtime":2528,"items_purged":[],"score":284,"play_id":"0f2f3a16-9872-4f3b-8f93-4283d36450a0","local_time":"20210215042030","is_ascension_mode":false,"campfire_choices":[{"data":"bronze:Goto","floor":1.0,"key":"SMITH"},{"data":"bronze:Overheat","floor":8.0,"key":"SMITH"},{"data":"bronze:FollowUp","floor":12.0,"key":"SMITH"},{"data":"bronze:Boost","floor":18,"key":"SMITH"},{"data":"bronze:FollowUp","floor":23,"key":"SMITH"},{"data":"bronze:CutThrough","floor":26,"key":"SMITH"},{"floor":30,"key":"REST"}],"circlet_count":0,"master_deck":["bronze:Strike","bronze:Strike","bronze:Defend","bronze:Defend","bronze:Defend","bronze:Defend","bronze:Replicate","bronze:Goto+1","bronze:BitShift","bronze:Optimize","bronze:Overheat+1","bronze:Fortify","bronze:FollowUp+1","bronze:DelayedSlice","bronze:Boost+1","bronze:MaxOutput","bronze:Verify","bronze:CutThrough+1","bronze:FollowUp+1","bronze:Frontload+1","bronze:ChosenStrike+1","bronze:Branch+1"],"relics":["bronze:BronzeCore","Pear","Du-Vu Doll","Snecko Eye","downfall:HeartBlessingGreen","Potion Belt","Toxic Egg 2"],"acts_visited":["Exordium","TheCity"],"potions_floor_usage":[16,21,25,28,33,33,33,33,33],"damage_taken":[{"damage":5.0,"enemies":"Cultist","floor":2.0,"turns":4.0},{"damage":0.0,"enemies":"Small Slimes","floor":3.0,"turns":3.0},{"damage":0.0,"enemies":"2 Louse","floor":4.0,"turns":4.0},{"damage":12.0,"enemies":"Gremlin Gang","floor":6.0,"turns":3.0},{"damage":8.0,"enemies":"Lots of Slimes","floor":10.0,"turns":3.0},{"damage":0.0,"enemies":"Large Slime","floor":11.0,"turns":4.0},{"damage":9.0,"enemies":"Lagavulin","floor":13.0,"turns":5.0},{"damage":0.0,"enemies":"2 Fungi Beasts","floor":14.0,"turns":2.0},{"damage":6.0,"enemies":"Exordium Thugs","floor":15.0,"turns":3.0},{"damage":42,"enemies":"WA_ARCHETYPE_RETAIN","floor":16,"turns":7},{"damage":17,"enemies":"downfall:LooterAlt2","floor":19,"turns":3},{"damage":1,"enemies":"downfall:LadyInBlue","floor":20,"turns":8},{"damage":4,"enemies":"Shell Parasite","floor":21,"turns":3},{"damage":0,"enemies":"Cultist and Chosen","floor":22,"turns":5},{"damage":22,"enemies":"Chosen and Byrds","floor":25,"turns":6},{"damage":0,"enemies":"Centurion and Healer","floor":27,"turns":5},{"damage":26,"enemies":"Snake Plant","floor":28,"turns":7},{"damage":0,"enemies":"Snecko","floor":29,"turns":5},{"damage":0,"enemies":"Centurion and Healer","floor":31,"turns":4},{"damage":9,"enemies":"3 Cultists","floor":32,"turns":4},{"damage":50,"enemies":"SI_MIRROR_ARCHETYPE","floor":33,"turns":12}],"seed_played":"495825922287532994","potions_obtained":[{"floor":2.0,"key":"SmokeBomb"},{"floor":6.0,"key":"EssenceOfSteel"},{"floor":11.0,"key":"BlessingOfTheForge"},{"floor":13.0,"key":"Fruit Juice"},{"floor":15.0,"key":"BlessingOfTheForge"},{"floor":20,"key":"ColorlessPotion"},{"floor":20,"key":"Regen Potion"},{"floor":20,"key":"EssenceOfSteel"},{"floor":21,"key":"hexamod:SoulburnPotion"},{"floor":27,"key":"champ:CounterPotion"},{"floor":28,"key":"ColorlessPotion"},{"floor":31,"key":"sneckomod:MuddlingPotion"}],"is_trial":false,"path_per_floor":["R","M","M","M","?","M","T","R","?","M","M","R","E","M","M","B",null,"R","M","?","M","M","R","T","M","R","M","M","M","R","M","M","B"],"character_chosen":"THE_AUTOMATON","items_purchased":[],"campfire_rested":1,"item_purchase_floors":[],"current_hp_per_floor":[77,72,72,72,72,60,70,70,70,62,62,62,53,53,52,10,92,92,75,74,79,79,79,79,57,57,57,31,31,58,58,49,0,0,0],"gold":521,"neow_bonus":"TEN_PERCENT_HP_BONUS","is_daily":false,"chose_seed":false,"campfire_upgraded":6,"win_rate":0.0,"timestamp":1613373630,"path_taken":["R","M","M","M","?","M","T","R","?","?","M","R","E","M","M","BOSS","R","M","?","M","M","R","T","M","R","M","M","?","R","M","M","BOSS"],"items_purchased_type":[],"build_version":"2020-12-22","purchased_purges":0,"victory":false,"max_hp_per_floor":[77,77,77,77,77,77,87,87,87,87,87,87,87,87,92,92,92,92,92,92,92,92,92,92,92,92,92,92,92,92,92,92,92,92,92],"relic_stats":{"counters":[21,100],"Snecko Eye":[124,136,140,124],"obtain_stats":[{"Du-Vu Doll":13,"Potion Belt":20,"bronze:BronzeCore":0,"Pear":7,"Snecko Eye":17,"downfall:HeartBlessingGreen":18,"Toxic Egg 2":24},{"Du-Vu Doll":7,"Potion Belt":12,"bronze:BronzeCore":0,"Pear":4,"Snecko Eye":10,"downfall:HeartBlessingGreen":10,"Toxic Egg 2":14},{"Du-Vu Doll":26,"Potion Belt":49,"bronze:BronzeCore":0,"Pear":14,"Snecko Eye":38,"downfall:HeartBlessingGreen":38,"Toxic Egg 2":57}]},"card_choices":[{"not_picked":["bronze:ForceShield","bronze:BuggyMess"],"picked":"bronze:BitShift","floor":2.0},{"not_picked":["bronze:BuggyMess","bronze:Turbo"],"picked":"bronze:Optimize","floor":3.0},{"not_picked":["bronze:ClassDefault","bronze:Backtrace"],"picked":"bronze:Overheat","floor":4.0},{"not_picked":["bronze:Invalidate","bronze:BronzeArmor"],"picked":"bronze:FollowUp","floor":6.0},{"not_picked":["bronze:WhirlingStrike","bronze:Backtrace","bronze:BitShift"],"picked":"SKIP","floor":10.0},{"not_picked":["bronze:Turbo","bronze:ClassDefault"],"picked":"bronze:Boost","floor":11.0},{"not_picked":["bronze:ShipIt","bronze:Optimize"],"picked":"bronze:MaxOutput","floor":13.0},{"not_picked":["bronze:ForLoop","bronze:BugBarrage","bronze:BronzeOrb"],"picked":"SKIP","floor":14.0},{"not_picked":["bronze:WhirlingStrike","bronze:FineTuning","bronze:BitShift"],"picked":"SKIP","floor":15.0},{"not_picked":["bronze:Virus","bronze:CleanCode"],"picked":"bronze:Verify","floor":16},{"not_picked":["bronze:Shield","bronze:WhirlingStrike+1"],"picked":"bronze:CutThrough","floor":19},{"not_picked":["bronze:WildBeam","bronze:BronzeOrb+1"],"picked":"bronze:FollowUp","floor":20},{"not_picked":["bronze:ForLoop","bronze:BugBarrage+1"],"picked":"bronze:Frontload+1","floor":21},{"not_picked":["bronze:DelayedSlice","bronze:WildBeam","bronze:BuggyMess"],"picked":"SKIP","floor":22},{"not_picked":["bronze:Virus","bronze:DelayedGuard+1","bronze:BugBarrage"],"picked":"SKIP","floor":25},{"not_picked":["bronze:DelayedSlice+1","bronze:Allocate+1","bronze:NullPointer"],"picked":"SKIP","floor":27},{"not_picked":["bronze:Backtrace","bronze:BitShift+1","bronze:Philosophize+1"],"picked":"SKIP","floor":28},{"not_picked":["bronze:ForLoop+1","bronze:Flail"],"picked":"bronze:ChosenStrike+1","floor":29},{"not_picked":["bronze:Invalidate+1","bronze:ClassDefault+1"],"picked":"bronze:Branch+1","floor":31},{"not_picked":["bronze:DelayedSlice","bronze:BitShift+1","bronze:Allocate+1"],"picked":"SKIP","floor":32}],"player_experience":725124,"relics_obtained":[{"floor":7.0,"key":"Pear"},{"floor":13.0,"key":"Du-Vu Doll"},{"floor":20,"key":"Potion Belt"},{"floor":24,"key":"Toxic Egg 2"}],"event_choices":[],"is_beta":false,"boss_relics":[{"not_picked":["Philosopher\u0027s Stone","Black Star"],"picked":"Snecko Eye"}],"items_purged_floors":[],"is_endless":false,"potions_floor_spawned":[2,6,11,13,15,21,22,27,28,31],"killed_by":"SI_MIRROR_ARCHETYPE","ascension_level":0}}