{"host":"1mv6gj0zv8k9e9tz","time":1613401551,"event":{"mods":["AchievementEnabler","BaseMod","Better Third Choice","Colored Map","DeckTracker","Highlight Path","KOR Keyword Fix","Keyboard Shortcuts","Minty Spire (QoL Compilation)","Permanent Neow","Quick Restart","Rare Cards Sparkle","StSLib","SuperFastMode","everything is the same but u backflip on backflip"],"gold_per_floor":[116,40,57,71,71,71,84,84,84,84,97,97,109,109,109,185,185,200,213,213,213,51,51,71,83,83,83,83,83,101,130,130,130,130],"floor_reached":33,"language":"KOR","playtime":640,"items_purged":[],"score":501,"play_id":"ebb702f1-d377-422d-8f78-8d9595811499","local_time":"20210216000551","is_ascension_mode":true,"campfire_choices":[{"data":"Dualcast","floor":6.0,"key":"SMITH"},{"data":"Electrodynamics","floor":8.0,"key":"SMITH"},{"data":"White Noise","floor":10.0,"key":"SMITH"},{"data":"Core Surge","floor":12.0,"key":"SMITH"},{"floor":15.0,"key":"RECALL"},{"data":"Darkness","floor":23.0,"key":"SMITH"},{"data":"Multi-Cast","floor":28.0,"key":"SMITH"},{"data":"Capacitor","floor":32,"key":"SMITH"}],"circlet_count":0,"master_deck":["AscendersBane","Strike_B+1","Strike_B+1","Strike_B+1","Strike_B+1","Defend_B+1","Defend_B+1","Defend_B+1","Defend_B+1","Zap+1","Dualcast+1","Core Surge+1","Melter","Darkness+1","Electrodynamics+1","White Noise+1","Multi-Cast+1","Capacitor+1","Self Repair+1","Chaos+1","Ghostly+1","Ghostly+1","Ghostly+1","Chill+1","Auto Shields+1"],"relics":["Cracked Core","FossilizedHelix","Nuclear Battery","Bag of Preparation","Potion Belt","Toxic Egg 2","Ginger"],"acts_visited":["Exordium","TheCity"],"potions_floor_usage":[31],"damage_taken":[{"damage":1.0,"enemies":"Cultist","floor":1.0,"turns":3.0},{"damage":0.0,"enemies":"2 Louse","floor":3.0,"turns":2.0},{"damage":7.0,"enemies":"Jaw Worm","floor":4.0,"turns":3.0},{"damage":1.0,"enemies":"2 Fungi Beasts","floor":7.0,"turns":2.0},{"damage":0.0,"enemies":"Exordium Wildlife","floor":11.0,"turns":2.0},{"damage":0.0,"enemies":"Looter","floor":13.0,"turns":2.0},{"damage":22.0,"enemies":"The Guardian","floor":16.0,"turns":10.0},{"damage":22.0,"enemies":"2 Thieves","floor":18.0,"turns":3.0},{"damage":0.0,"enemies":"Chosen","floor":19.0,"turns":5.0},{"damage":10.0,"enemies":"Snecko","floor":24.0,"turns":4.0},{"damage":16.0,"enemies":"Snake Plant","floor":25.0,"turns":3.0},{"damage":0,"enemies":"Centurion and Healer","floor":30,"turns":5},{"damage":35,"enemies":"Book of Stabbing","floor":31,"turns":5},{"damage":17,"enemies":"Automaton","floor":33,"turns":4}],"seed_played":"6677240170327098535","potions_obtained":[{"floor":3.0,"key":"Weak Potion"},{"floor":4.0,"key":"LiquidMemories"},{"floor":13.0,"key":"Ancient Potion"},{"floor":16.0,"key":"Block Potion"},{"floor":24.0,"key":"PowerPotion"}],"is_trial":false,"path_per_floor":["M","$","M","M","?","R","M","R","T","R","M","R","M","?","R","B",null,"M","M","?","T","$","R","M","M","T","?","R","?","M","E","R","B"],"character_chosen":"DEFECT","items_purchased":["Melter","Potion Belt"],"campfire_rested":0,"item_purchase_floors":[2,22],"current_hp_per_floor":[63,63,63,56,56,56,55,55,55,55,55,55,55,60,60,38,67,45,45,45,45,45,45,45,39,39,39,39,38,38,13,13,0,0],"gold":130,"neow_bonus":"ONE_RANDOM_RARE_CARD","is_daily":false,"chose_seed":false,"campfire_upgraded":7,"win_rate":0.0,"timestamp":1613401551,"path_taken":["M","?","M","M","?","R","M","R","T","R","M","R","M","?","R","BOSS","M","M","?","?","$","R","M","M","T","?","R","?","?","E","R","BOSS"],"items_purchased_type":["Card","Relic"],"build_version":"2020-12-22","purchased_purges":0,"victory":false,"max_hp_per_floor":[71,71,71,71,71,71,71,71,71,71,71,71,71,76,76,76,76,76,76,76,76,76,76,76,76,76,76,76,38,38,38,38,38,38],"card_choices":[{"not_picked":["Rebound","Stack","Steam"],"picked":"SKIP","floor":1.0},{"not_picked":["Gash","Hologram"],"picked":"Darkness","floor":3.0},{"not_picked":["Leap","Force Field"],"picked":"Electrodynamics","floor":4.0},{"not_picked":["Sunder","Recycle"],"picked":"White Noise","floor":7.0},{"not_picked":["Compile Driver","Beam Cell","Redo"],"picked":"SKIP","floor":11.0},{"not_picked":["Recycle","Reinforced Body","Scrape"],"picked":"SKIP","floor":13.0},{"not_picked":["Creative AI","Thunder Strike"],"picked":"Multi-Cast","floor":16.0},{"not_picked":["Go for the Eyes+1","Gash"],"picked":"Capacitor","floor":18.0},{"not_picked":["Conserve Battery","Steam"],"picked":"Self Repair+1","floor":19.0},{"not_picked":["Compile Driver","Fusion","Beam Cell"],"picked":"SKIP","floor":24.0},{"not_picked":["Ball Lightning","Barrage"],"picked":"Chaos+1","floor":25.0},{"not_picked":["Cold Snap","Storm+1"],"picked":"Chill+1","floor":30},{"not_picked":["Multi-Cast+1","Compile Driver+1"],"picked":"Auto Shields+1","floor":31}],"player_experience":652026,"relics_obtained":[{"floor":9.0,"key":"FossilizedHelix"},{"floor":21.0,"key":"Bag of Preparation"},{"floor":26.0,"key":"Toxic Egg 2"},{"floor":31,"key":"Ginger"}],"event_choices":[{"damage_healed":0.0,"max_hp_gain":0.0,"max_hp_loss":0.0,"gold_gain":0.0,"event_name":"Living Wall","player_choice":"Grow","floor":5.0,"gold_loss":0.0,"damage_taken":0.0,"cards_upgraded":["Zap"]},{"damage_healed":0.0,"max_hp_gain":5.0,"max_hp_loss":0.0,"gold_gain":0.0,"event_name":"Big Fish","player_choice":"Donut","floor":14.0,"gold_loss":0.0,"damage_taken":0.0},{"damage_healed":0.0,"max_hp_gain":0.0,"max_hp_loss":8.0,"gold_gain":0.0,"event_name":"betterThird:BetterWriting","player_choice":"Simplicity","floor":20.0,"gold_loss":0.0,"damage_taken":0.0},{"damage_healed":0,"gold_gain":0,"player_choice":"Became a Ghost","damage_taken":0,"max_hp_gain":0,"max_hp_loss":38,"event_name":"Ghosts","floor":29,"gold_loss":0,"cards_obtained":["Ghostly","Ghostly","Ghostly"]}],"is_beta":false,"boss_relics":[{"not_picked":["Tiny House","Empty Cage"],"picked":"Nuclear Battery"}],"items_purged_floors":[],"is_endless":false,"potions_floor_spawned":[3,4,13,16,18,24],"killed_by":"Automaton","ascension_level":19}}