{"host":"BaronFel","time":1613416812,"event":{"mods":["BaseMod","Filter the Spire","Highlight Path","Minty Spire (QoL Compilation)","Relic Stats","ojb\u0027s Info Mod"],"gold_per_floor":[110,6,26,26,26,53,71,71,71],"floor_reached":8,"language":"ENG","playtime":294,"items_purged":[],"score":162,"play_id":"ce282aac-3bf7-47e1-8bdc-980bd0a9ad6a","local_time":"20210215132012","is_ascension_mode":true,"campfire_choices":[],"circlet_count":0,"master_deck":["AscendersBane","Strike_G","Strike_G","Strike_G","Strike_G","Strike_G","Defend_G","Defend_G","Defend_G","Defend_G","Defend_G","Survivor","Neutralize","Dagger Throw","Deadly Poison","Catalyst","Bouncing Flask","Catalyst","Doppelganger"],"relics":["Ring of the Snake","NeowsBlessing","Omamori"],"acts_visited":["Exordium"],"potions_floor_usage":[8],"damage_taken":[{"damage":0.0,"enemies":"Cultist","floor":1.0,"turns":1.0},{"damage":0.0,"enemies":"Jaw Worm","floor":3.0,"turns":1.0},{"damage":0.0,"enemies":"3 Sentries","floor":6.0,"turns":1.0},{"damage":4.0,"enemies":"Small Slimes","floor":7.0,"turns":3.0},{"damage":73,"enemies":"Gremlin Nob","floor":8,"turns":4}],"seed_played":"2633390354140042138","potions_obtained":[{"floor":6.0,"key":"Block Potion"}],"is_trial":false,"path_per_floor":["M","$","M","$","$","E","M","E"],"character_chosen":"THE_SILENT","items_purchased":["Deadly Poison","Catalyst"],"campfire_rested":0,"item_purchase_floors":[2,2],"current_hp_per_floor":[59,59,59,59,59,59,55,0,0],"gold":71,"neow_bonus":"THREE_ENEMY_KILL","is_daily":false,"chose_seed":false,"campfire_upgraded":0,"win_rate":0.0,"timestamp":1613416812,"path_taken":["M","?","?","?","$","E","M","E"],"items_purchased_type":["Card","Card"],"build_version":"2020-12-18","purchased_purges":0,"victory":false,"max_hp_per_floor":[66,66,66,66,66,66,66,66,66],"relic_stats":{"counters":[5,10],"obtain_stats":[{"NeowsBlessing":0,"Omamori":6,"Ring of the Snake":0},{"NeowsBlessing":0,"Omamori":3,"Ring of the Snake":0},{"NeowsBlessing":0,"Omamori":3,"Ring of the Snake":0}],"Ring of the Snake":[10]},"card_choices":[{"not_picked":["Acrobatics","Slice"],"picked":"Dagger Throw","floor":1.0},{"not_picked":["Caltrops","Dodge and Roll"],"picked":"Bouncing Flask","floor":3.0},{"not_picked":["Deadly Poison","PiercingWail"],"picked":"Catalyst","floor":6.0},{"not_picked":["Quick Slash","Underhanded Strike"],"picked":"Doppelganger","floor":7.0}],"player_experience":1157777,"relics_obtained":[{"floor":6.0,"key":"Omamori"}],"event_choices":[],"is_beta":true,"boss_relics":[],"items_purged_floors":[],"is_endless":false,"potions_floor_spawned":[6],"killed_by":"Gremlin Nob","ascension_level":20}}