{"host":"xc18ixkpjvqrt8st","time":1613406344,"event":{"mods":["Act Like it!","BaseMod","Better Match","Better Third Choice","Conspire","Hallownest","Hermit","Minty Spire (QoL Compilation)","Reliquary","Robot Space Explorer","Shop Mod","Spicy Shops","Spire Arcade","StSLib","The Animator","The Jungle","The Sage"],"gold_per_floor":[110,110,124,136,3,3,3,3,3,3,32,32,32,62,74,176,176,205,205,224,224,239,249,32,32,85,5,18,18,18,28,28,130,130,145,145,172,0,0,0,32,46,46,46,59,59,59,59,59],"floor_reached":48,"language":"ENG","playtime":2289,"items_purged":["Decay"],"score":552,"play_id":"1c2dc322-d0e6-4c26-a86e-f779de1fcc15","local_time":"20210215102544","is_ascension_mode":true,"campfire_choices":[{"floor":6.0,"key":"REST"},{"floor":10.0,"key":"RECALL"},{"data":"animator:Emonzaemon","floor":12.0,"key":"SMITH"},{"floor":15.0,"key":"REST"},{"floor":25.0,"key":"REST"},{"data":"animator:Saitama","floor":29,"key":"SMITH"},{"floor":32,"key":"REST"},{"floor":40,"key":"REST"},{"floor":46,"key":"REST"}],"circlet_count":0,"master_deck":["animator:Strike_Katanagatari+1","animator:Defend_Katanagatari","animator:Strike","animator:Strike","animator:Strike","animator:Defend","animator:Defend+1","animator:Defend","animator:Azekura","animator:Emonzaemon+1","animator:LimeBell","animator:Rider","animator:NarberalGamma","animator:Tyuule","animator:ZankiKiguchi","animator:AcuraTooru","animator:Saitama+1","animator:HigakiRinne","animator:Witch","animator:Gillette","animator:Priestess","animator:PandorasActor","animator:MetalKnight","animator:Archer","animator:YaoHaDucy+1","sagemod:Slalom","Redo+1","Mayhem","animator:SakuraMatou","Bane","RobotSpaceExplorer:FreezingShield","FearNoEvil+1","Intimidate+1","Envenom","Writhe"],"relics":["animator:LivingPicture","animator:TheMissingPiece","Regal Pillow","Eternal Feather","Turnip","Dream Catcher","conspire:SpecialSausage","Nilry\u0027s Codex","Happy Flower","PrismaticShard","conspire:RoyalGoblet","conspire:TopHat","Red Mask","reliquary:SharkskinSheath","reliquary:IridiumChain"],"acts_visited":["Exordium","TheCity","TheBeyond"],"potions_floor_usage":[41,48,48],"damage_taken":[{"damage":14.0,"enemies":"2 Louse","floor":1.0,"turns":5.0},{"damage":9.0,"enemies":"Cultist","floor":3.0,"turns":6.0},{"damage":2.0,"enemies":"Jaw Worm","floor":4.0,"turns":5.0},{"damage":9.0,"enemies":"3 Louse","floor":11.0,"turns":5.0},{"damage":29.0,"enemies":"Gremlin Nob","floor":14.0,"turns":5.0},{"damage":38.0,"enemies":"Slime Boss","floor":16.0,"turns":12.0},{"damage":20.0,"enemies":"3 Byrds","floor":18.0,"turns":4.0},{"damage":0.0,"enemies":"Chosen","floor":20.0,"turns":3.0},{"damage":32.0,"enemies":"Centurion and Healer","floor":22.0,"turns":7.0},{"damage":11.0,"enemies":"Snake Plant","floor":23.0,"turns":2.0},{"damage":21,"enemies":"Shelled Parasite and Fungi","floor":28,"turns":8},{"damage":10,"enemies":"conspire:HollyBat","floor":31,"turns":10},{"damage":46,"enemies":"Automaton","floor":33,"turns":12},{"damage":34,"enemies":"Orb Walker","floor":35,"turns":4},{"damage":40,"enemies":"Nemesis","floor":41,"turns":9},{"damage":24,"enemies":"3 Darklings","floor":42,"turns":7},{"damage":0,"enemies":"4 Shapes","floor":45,"turns":6},{"damage":81,"enemies":"Reptomancer","floor":48,"turns":7}],"seed_played":"-8808001232964203425","potions_obtained":[{"floor":1.0,"key":"SkillPotion"},{"floor":11.0,"key":"ColorlessPotion"},{"floor":14.0,"key":"AttackPotion"},{"floor":18.0,"key":"DistilledChaos"},{"floor":20.0,"key":"Strength Potion"},{"floor":22.0,"key":"FearPotion"},{"floor":45,"key":"Swift Potion"}],"is_trial":false,"path_per_floor":["M","?","M","M","$","R","$","?","T","R","M","R","T","E","R","B",null,"M","?","M","?","M","M","$","R","T","$","M","R","?","M","R","B",null,"M","?","T","?","?","R","E","M","T","$","M","R","?","E"],"character_chosen":"THE_ANIMATOR","items_purchased":["Regal Pillow","Happy Flower","PrismaticShard","animator:Archer"],"campfire_rested":6,"item_purchase_floors":[5,24,24,27],"current_hp_per_floor":[52,52,43,41,41,66,66,53,53,59,50,59,59,30,66,29,67,47,31,31,53,22,11,11,59,59,59,38,53,41,31,74,28,74,40,40,40,40,40,74,34,10,10,10,10,65,74,0,0],"gold":59,"neow_bonus":"RANDOM_COLORLESS","is_daily":false,"chose_seed":false,"campfire_upgraded":2,"win_rate":0.0,"timestamp":1613406344,"path_taken":["M","?","?","?","?","R","$","?","T","R","M","R","?","E","R","BOSS","M","?","M","?","M","M","$","R","T","?","M","R","?","?","R","BOSS","M","?","?","?","?","R","E","M","T","$","?","R","?","E"],"items_purchased_type":["Relic","Relic","Relic","Card"],"build_version":"2020-12-22","purchased_purges":1,"victory":false,"max_hp_per_floor":[66,66,66,66,66,66,66,66,66,66,66,66,66,66,66,67,67,67,67,67,67,68,68,68,69,69,69,69,69,74,74,74,74,74,74,74,74,74,74,74,74,74,74,74,74,74,74,74,74],"card_choices":[{"not_picked":["animator:IchigoKurosaki","animator:Shimakaze"],"picked":"animator:LimeBell","floor":0.0},{"not_picked":["animator:ShinjiMatou","animator:Kuribayashi"],"picked":"animator:Rider","floor":1.0},{"not_picked":["animator:FielNirvalen","animator:DolaStephanie"],"picked":"animator:NarberalGamma","floor":3.0},{"not_picked":["animator:Azekura","animator:Demiurge"],"picked":"animator:Tyuule","floor":4.0},{"not_picked":["animator:Azekura","animator:Togame"],"picked":"animator:ZankiKiguchi","floor":11.0},{"not_picked":["animator:DolaCouronne","animator:DolaRiku"],"picked":"animator:AcuraTooru","floor":14.0},{"not_picked":["animator:YaoHaDucy","animator:Genos"],"picked":"animator:Saitama","floor":15.0},{"not_picked":["animator:Biyorigo","animator:GoblinSlayer"],"picked":"animator:HigakiRinne","floor":16.0},{"not_picked":["animator:Hitei","animator:Tyuule"],"picked":"animator:Witch","floor":18.0},{"not_picked":["animator:Layla","animator:Geryuganshoop"],"picked":"animator:Gillette","floor":20.0},{"not_picked":["animator:Spearman","animator:HighElfArcher"],"picked":"animator:Priestess","floor":22.0},{"not_picked":["animator:Tet+1","animator:EmiyaShirou"],"picked":"animator:PandorasActor","floor":23.0},{"not_picked":["Sucker Punch","RobotSpaceExplorer:Explosion"],"picked":"animator:MetalKnight","floor":25.0},{"not_picked":["conspire:Rain","ForeignInfluence"],"picked":"animator:YaoHaDucy+1","floor":28},{"not_picked":["animator:Ain","animator:Arpeggio"],"picked":"sagemod:Slalom","floor":31},{"not_picked":["Perfected Strike","hermit:Desperado"],"picked":"Redo+1","floor":32},{"not_picked":["Secret Technique","Rainbow"],"picked":"Mayhem","floor":33},{"not_picked":["animator:Assassin","animator:Rider"],"picked":"animator:SakuraMatou","floor":35},{"not_picked":["RobotSpaceExplorer:ImprovisedAttack+1","animator:SuzuneAmano+1"],"picked":"Bane","floor":40},{"not_picked":["Deadly Poison","Blur"],"picked":"RobotSpaceExplorer:FreezingShield","floor":41},{"not_picked":["Finisher+1","hermit:NoHoldsBarred+1"],"picked":"FearNoEvil+1","floor":42},{"not_picked":["RobotSpaceExplorer:FreezeRay","True Grit"],"picked":"Intimidate+1","floor":45},{"not_picked":["Dagger Throw+1","hermit:LowProfile"],"picked":"Envenom","floor":46}],"player_experience":653199,"relics_obtained":[{"floor":9.0,"key":"Eternal Feather"},{"floor":13.0,"key":"Turnip"},{"floor":14.0,"key":"Dream Catcher"},{"floor":19.0,"key":"Nilry\u0027s Codex"},{"floor":37,"key":"conspire:TopHat"},{"floor":41,"key":"reliquary:SharkskinSheath"},{"floor":43,"key":"reliquary:IridiumChain"}],"event_choices":[{"damage_healed":0.0,"max_hp_gain":0.0,"max_hp_loss":0.0,"gold_gain":0.0,"event_name":"Purifier","player_choice":"Ignored","floor":2.0,"gold_loss":0.0,"damage_taken":0.0},{"damage_healed":66.0,"max_hp_gain":0.0,"max_hp_loss":66.0,"gold_gain":0.0,"event_name":"betterThird:BetterShining","player_choice":"Upgrade","floor":8.0,"gold_loss":0.0,"damage_taken":13.0,"cards_upgraded":["animator:Strike_Katanagatari","animator:Defend"]},{"damage_healed":0.0,"max_hp_gain":0.0,"max_hp_loss":0.0,"gold_gain":0.0,"event_name":"Cursed Tome","player_choice":"Obtained Book","floor":19.0,"gold_loss":0.0,"damage_taken":16.0},{"damage_healed":22.0,"max_hp_gain":0.0,"max_hp_loss":0.0,"gold_gain":0.0,"event_name":"The Library","player_choice":"Heal","floor":21.0,"gold_loss":0.0,"damage_taken":0.0},{"damage_healed":0,"gold_gain":0,"player_choice":"Shed Blood","damage_taken":17,"max_hp_gain":5,"max_hp_loss":0,"event_name":"Forgotten Altar","floor":30,"gold_loss":0},{"damage_healed":0,"gold_gain":0,"player_choice":"Paid","damage_taken":0,"relics_obtained":["Red Mask"],"max_hp_gain":0,"max_hp_loss":0,"event_name":"Tomb of Lord Red Mask","floor":38,"gold_loss":172},{"damage_healed":0,"gold_gain":0,"player_choice":"Ignored","damage_taken":0,"max_hp_gain":0,"max_hp_loss":0,"event_name":"Mysterious Sphere","floor":39,"gold_loss":0},{"damage_healed":19,"gold_gain":0,"player_choice":"Writhe","damage_taken":0,"max_hp_gain":0,"max_hp_loss":0,"event_name":"Winding Halls","floor":47,"gold_loss":0,"cards_obtained":["Writhe"]}],"is_beta":false,"boss_relics":[{"not_picked":["reliquary:RedCape","conspire:SlowCooker"],"picked":"conspire:SpecialSausage"},{"not_picked":["reliquary:WritOfMandamus","Pandora\u0027s Box"],"picked":"conspire:RoyalGoblet"}],"items_purged_floors":[5],"is_endless":false,"potions_floor_spawned":[1,11,14,18,20,22,45],"killed_by":"Reptomancer","ascension_level":2}}