{"host":"gtoa8h4im74f14p0","time":1613418324,"event":{"mods":["AchievementEnabler","BaseMod","Better Silent Start","Block Reminder","Colored Powertips","Custom Start","Downfall","Hermit","Minty Spire (QoL Compilation)","Reliquary","Shop Mod","StSLib","Swap Starting Deck Mod","The Cursed","The Marked"],"gold_per_floor":[114,131,141,21,21,21,37,65,65,97,97,111,111,130,130,231,231,251,266,3,3,3,3,3],"floor_reached":23,"language":"ENG","playtime":1656,"items_purged":[],"score":226,"play_id":"f93b4548-5de1-47eb-9422-20123c40e859","local_time":"20210215144524","is_ascension_mode":false,"campfire_choices":[{"floor":6,"key":"REST"},{"floor":13,"key":"REST"},{"floor":15,"key":"REST"}],"circlet_count":0,"master_deck":["Strike_P","Strike_P","Strike_P","Strike_P","Defend_P","Defend_P","Defend_P","Defend_P","Eruption","Vigilance","Tantrum","JustLucky","DeceiveReality","BattleHymn+1","Deep Breath","FollowUp","Worship","ThirdEye","Scrawl","SandsOfTime","Establishment","FlyingSleeves","Swivel+1","BattleHymn","SandsOfTime"],"relics":["HolyWater","Shuriken","Matryoshka","reliquary:IvoryTrinket","Frozen Eye"],"acts_visited":["Exordium","TheCity"],"potions_floor_usage":[16,23,23],"damage_taken":[{"damage":15,"enemies":"Small Slimes","floor":1,"turns":2},{"damage":10,"enemies":"2 Louse","floor":2,"turns":2},{"damage":0,"enemies":"Cultist","floor":3,"turns":2},{"damage":0,"enemies":"Large Slime","floor":7,"turns":4},{"damage":23,"enemies":"3 Sentries","floor":8,"turns":5},{"damage":10,"enemies":"Lagavulin","floor":10,"turns":5},{"damage":6,"enemies":"2 Fungi Beasts","floor":12,"turns":3},{"damage":8,"enemies":"Exordium Wildlife","floor":14,"turns":4},{"damage":38,"enemies":"Hexaghost","floor":16,"turns":9},{"damage":27,"enemies":"3 Byrds","floor":18,"turns":5},{"damage":0,"enemies":"Spheric Guardian","floor":19,"turns":3},{"damage":55,"enemies":"Gremlin Leader","floor":23,"turns":4}],"seed_played":"-5487215707337089104","potions_obtained":[{"floor":7,"key":"SteroidPotion"},{"floor":8,"key":"Dexterity Potion"},{"floor":10,"key":"sneckomod:MuddlingPotion"},{"floor":14,"key":"BlessingOfTheForge"},{"floor":16,"key":"hexamod:SoulburnPotion"},{"floor":18,"key":"Swift Potion"},{"floor":19,"key":"Block Potion"}],"is_trial":false,"path_per_floor":["M","M","M","$","?","R","M","E","T","E","?","M","R","M","R","B",null,"M","M","$","?","?","E"],"character_chosen":"WATCHER","items_purchased":["BattleHymn","Deep Breath","Frozen Eye","BattleHymn","SandsOfTime"],"campfire_rested":3,"item_purchase_floors":[4,4,20,20,20],"current_hp_per_floor":[64,54,54,54,59,84,84,61,61,51,51,45,70,62,84,46,84,57,57,57,57,41,0,0],"gold":3,"neow_bonus":"TEN_PERCENT_HP_BONUS","is_daily":false,"chose_seed":false,"campfire_upgraded":0,"win_rate":0.0,"timestamp":1613418324,"path_taken":["M","M","M","$","?","R","M","E","T","E","?","M","R","M","R","BOSS","M","M","$","?","?","E"],"items_purchased_type":["Card","Card","Relic","Card","Card"],"build_version":"2020-12-22","purchased_purges":0,"victory":false,"max_hp_per_floor":[79,79,79,79,84,84,84,84,84,84,84,84,84,84,84,84,84,84,84,84,84,89,89,89],"card_choices":[{"not_picked":["ClearTheMind","Crescendo"],"picked":"Tantrum","floor":1},{"not_picked":["BowlingBash","SashWhip"],"picked":"JustLucky","floor":2},{"not_picked":["WaveOfTheHand","Protect"],"picked":"DeceiveReality","floor":3},{"not_picked":["PathToVictory","Sanctity"],"picked":"FollowUp","floor":7},{"not_picked":["FollowUp","Protect"],"picked":"Worship","floor":8},{"not_picked":["Tantrum","ClearTheMind"],"picked":"ThirdEye","floor":10},{"not_picked":["Halt","ReachHeaven"],"picked":"Scrawl","floor":12},{"not_picked":["SashWhip","Consecrate"],"picked":"SandsOfTime","floor":14},{"not_picked":["Vault","Ragnarok"],"picked":"Establishment","floor":16},{"not_picked":["CrushJoints+1","JustLucky"],"picked":"FlyingSleeves","floor":18},{"not_picked":["FlurryOfBlows","CutThroughFate"],"picked":"Swivel+1","floor":19}],"player_experience":65296,"relics_obtained":[{"floor":8,"key":"Shuriken"},{"floor":9,"key":"Matryoshka"},{"floor":10,"key":"reliquary:IvoryTrinket"}],"event_choices":[{"damage_healed":0,"gold_gain":0,"player_choice":"Donut","damage_taken":0,"max_hp_gain":5,"max_hp_loss":0,"event_name":"Big Fish","floor":5,"gold_loss":0},{"damage_healed":0,"gold_gain":0,"player_choice":"Grow","damage_taken":0,"max_hp_gain":0,"max_hp_loss":0,"event_name":"Living Wall","floor":11,"gold_loss":0,"cards_upgraded":["BattleHymn"]},{"damage_healed":0,"gold_gain":0,"player_choice":"Ignored","damage_taken":0,"max_hp_gain":0,"max_hp_loss":0,"event_name":"The Mausoleum","floor":21,"gold_loss":0},{"damage_healed":0,"gold_gain":0,"player_choice":"Shed Blood","damage_taken":21,"max_hp_gain":5,"max_hp_loss":0,"event_name":"Forgotten Altar","floor":22,"gold_loss":0}],"is_beta":false,"boss_relics":[{"not_picked":["Fusion Hammer","Cursed Key"],"picked":"HolyWater"}],"items_purged_floors":[],"is_endless":false,"potions_floor_spawned":[7,8,10,14,16,18,19],"killed_by":"Gremlin Leader","ascension_level":0}}