{"host":"swn8ychr123rw3gf","time":1613389280,"event":{"mods":["BaseMod","Minty Spire (QoL Compilation)","StSLib"],"gold_per_floor":[368,386,386,386,396,396,165,165,165,181,181,197,77,77,77,77,77],"floor_reached":16,"language":"ZHS","playtime":454,"items_purged":["Bash","Strike_R"],"score":153,"play_id":"68439fac-50cc-48b8-8d27-651589365fd3","local_time":"20210215194120","is_ascension_mode":true,"campfire_choices":[{"data":"Body Slam","floor":6,"key":"SMITH"},{"data":"Shrug It Off","floor":11,"key":"SMITH"},{"floor":15,"key":"REST"}],"circlet_count":0,"master_deck":["AscendersBane","Strike_R","Strike_R","Strike_R","Defend_R","Defend_R","Defend_R","Defend_R","Body Slam+1","Fire Breathing","Shrug It Off+1","Immolate","Evolve"],"relics":["Burning Blood","Anchor","Smiling Mask","Red Skull","Golden Idol"],"acts_visited":["Exordium"],"potions_floor_usage":[10],"damage_taken":[{"damage":1.0,"enemies":"2 Louse","floor":1.0,"turns":3.0},{"damage":6.0,"enemies":"Jaw Worm","floor":2.0,"turns":6.0},{"damage":11,"enemies":"Small Slimes","floor":5,"turns":5},{"damage":9,"enemies":"Exordium Wildlife","floor":10,"turns":5},{"damage":0,"enemies":"3 Louse","floor":12,"turns":3},{"damage":37,"enemies":"The Guardian","floor":16,"turns":13}],"seed_played":"9016249602646747062","potions_obtained":[{"floor":2.0,"key":"SpeedPotion"},{"floor":5,"key":"SkillPotion"}],"is_trial":false,"path_per_floor":["M","M","?","?","M","R","$","?","T","M","R","M","$","?","R","B"],"character_chosen":"IRONCLAD","items_purchased":["Anchor","Evolve"],"campfire_rested":1,"item_purchase_floors":[7,13],"current_hp_per_floor":[55,55,48,48,43,43,43,25,25,22,22,28,28,10,32,0,0],"gold":77,"neow_bonus":"TWO_FIFTY_GOLD","is_daily":false,"chose_seed":false,"campfire_upgraded":2,"win_rate":0.0,"timestamp":1613389280,"path_taken":["M","M","?","?","M","R","$","?","T","M","R","M","?","?","R","BOSS"],"items_purchased_type":["Relic","Card"],"build_version":"2020-12-22","purchased_purges":2,"victory":false,"max_hp_per_floor":[75,75,75,75,75,75,75,75,75,75,75,75,75,75,75,75,75],"card_choices":[{"not_picked":["Flex","Warcry"],"picked":"Body Slam","floor":1.0},{"not_picked":["True Grit","Wild Strike"],"picked":"Fire Breathing","floor":2.0},{"not_picked":["Pommel Strike","Hemokinesis"],"picked":"Shrug It Off","floor":5},{"not_picked":["Clothesline","Anger","Havoc"],"picked":"SKIP","floor":10},{"not_picked":["Shockwave","Body Slam"],"picked":"Immolate","floor":12}],"player_experience":471007,"relics_obtained":[{"floor":9,"key":"Red Skull"}],"event_choices":[{"cards_removed":["Strike_R"],"damage_healed":0.0,"max_hp_gain":0.0,"max_hp_loss":0.0,"gold_gain":0.0,"event_name":"Golden Wing","player_choice":"Card Removal","floor":3.0,"gold_loss":0.0,"damage_taken":7.0},{"damage_healed":0,"gold_gain":0,"player_choice":"Ignored","damage_taken":0,"max_hp_gain":0,"max_hp_loss":0,"event_name":"Shining Light","floor":4,"gold_loss":0},{"damage_healed":0,"gold_gain":0,"player_choice":"Success","damage_taken":18,"relics_obtained":["Smiling Mask"],"max_hp_gain":0,"max_hp_loss":0,"event_name":"Scrap Ooze","floor":8,"gold_loss":0},{"damage_healed":0,"gold_gain":0,"player_choice":"Take Damage","damage_taken":18,"relics_obtained":["Golden Idol"],"max_hp_gain":0,"max_hp_loss":0,"event_name":"Golden Idol","floor":14,"gold_loss":0}],"is_beta":false,"boss_relics":[],"items_purged_floors":[7,13],"is_endless":false,"potions_floor_spawned":[2,5],"killed_by":"The Guardian","ascension_level":14}}