{"host":"1poy056mauca3bbh","time":1613398949,"event":{"mods":["Ascension Unlocker","BaseMod","Bestiary","Block Reminder","Colored Map","Colored Powertips","Curses Come First","Highlight Path","Minty Spire (QoL Compilation)","Permanent Neow","Quick Restart","Rare Cards Sparkle","Relic Stats","Smile Girya","StSLib","UnlockEverythingMod"],"gold_per_floor":[111,111,2,152,171,171,189,199,199,199,199,229,10,37,37,112,112,122,122,122,133,133,133,150,50,50,50,50,70,70,70],"floor_reached":30,"language":"ENG","playtime":1262,"items_purged":["Doubt","Decay"],"score":456,"play_id":"39fc0dc3-70a9-42b6-b78f-b70efca6c694","local_time":"20210215092229","is_ascension_mode":true,"campfire_choices":[{"data":"Infinite Blades","floor":6.0,"key":"SMITH"},{"floor":10.0,"key":"REST"},{"floor":15.0,"key":"REST"},{"floor":23,"key":"REST"}],"circlet_count":0,"master_deck":["AscendersBane","Survivor","Neutralize","Crippling Poison","Malaise","Backflip","Reflex","Footwork","Backflip","Predator","Setup","Die Die Die","Night Terror","Deadly Poison","Infinite Blades+1","Underhanded Strike","Noxious Fumes","Blade Dance","Footwork","Quick Slash","Infinite Blades","Outmaneuver","Blur","Corpse Explosion","Blade Dance","Accuracy+1","Deadly Poison","Infinite Blades","Shame","Outmaneuver"],"relics":["Pandora\u0027s Box","Ancient Tea Set","Paper Crane","Odd Mushroom","Philosopher\u0027s Stone","Tingsha","Akabeko"],"acts_visited":["Exordium","TheCity"],"potions_floor_usage":[27],"damage_taken":[{"damage":7.0,"enemies":"Jaw Worm","floor":1.0,"turns":5.0},{"damage":7.0,"enemies":"Cultist","floor":5.0,"turns":4.0},{"damage":2.0,"enemies":"Small Slimes","floor":7.0,"turns":2.0},{"damage":5.0,"enemies":"Exordium Wildlife","floor":8.0,"turns":4.0},{"damage":26.0,"enemies":"Lagavulin","floor":12.0,"turns":7.0},{"damage":15.0,"enemies":"The Mushroom Lair","floor":14.0,"turns":3.0},{"damage":16.0,"enemies":"Hexaghost","floor":16.0,"turns":10.0},{"damage":34,"enemies":"Shell Parasite","floor":18,"turns":5},{"damage":22,"enemies":"Spheric Guardian","floor":21,"turns":5},{"damage":7,"enemies":"3 Cultists","floor":24,"turns":3},{"damage":0,"enemies":"Centurion and Healer","floor":27,"turns":2},{"damage":15,"enemies":"Snake Plant","floor":29,"turns":5},{"damage":12,"enemies":"3 Cultists","floor":30,"turns":2}],"seed_played":"-6495918588250681071","potions_obtained":[{"floor":1.0,"key":"Block Potion"},{"floor":8.0,"key":"ColorlessPotion"},{"floor":12.0,"key":"Regen Potion"},{"floor":21,"key":"SmokeBomb"}],"is_trial":false,"path_per_floor":["M","?","$","?","M","R","M","M","T","R","?","E","$","?","R","B",null,"M","?","?","M","?","R","M","$","T","M","?","M","M"],"character_chosen":"THE_SILENT","items_purchased":["Infinite Blades","Underhanded Strike","Infinite Blades","Outmaneuver"],"campfire_rested":3,"item_purchase_floors":[3,3,13,13],"current_hp_per_floor":[52,52,52,52,45,45,43,38,38,57,62,36,36,21,42,41,64,30,30,30,8,8,29,22,22,22,22,22,7,0,0],"gold":70,"neow_bonus":"BOSS_RELIC","is_daily":false,"chose_seed":false,"campfire_upgraded":1,"win_rate":0.0,"timestamp":1613398949,"path_taken":["M","?","?","?","M","R","M","?","T","R","?","E","$","?","R","BOSS","M","?","?","?","?","R","M","?","T","M","?","M","?"],"items_purchased_type":["Card","Card","Card","Card"],"build_version":"2020-12-22","purchased_purges":2,"victory":false,"max_hp_per_floor":[66,66,66,66,66,66,66,66,66,66,71,71,71,71,71,71,71,71,71,71,71,71,71,71,71,71,71,71,71,71,71],"relic_stats":{"counters":[13,57],"Pandora\u0027s Box":["Crippling Poison","Malaise","Backflip","Reflex","Footwork","Backflip","Predator","Setup","Die Die Die","Night Terror"],"Tingsha":[3],"obtain_stats":[{"Pandora\u0027s Box":0,"Philosopher\u0027s Stone":17,"Tingsha":26,"Paper Crane":12,"Odd Mushroom":14,"Ancient Tea Set":9,"Akabeko":28,"Ring of the Snake":0},{"Pandora\u0027s Box":0,"Philosopher\u0027s Stone":7,"Tingsha":10,"Paper Crane":5,"Odd Mushroom":6,"Ancient Tea Set":4,"Akabeko":11,"Ring of the Snake":0},{"Pandora\u0027s Box":0,"Philosopher\u0027s Stone":35,"Tingsha":48,"Paper Crane":22,"Odd Mushroom":25,"Ancient Tea Set":15,"Akabeko":50,"Ring of the Snake":0}]},"card_choices":[{"not_picked":["Endless Agony","Flying Knee"],"picked":"Deadly Poison","floor":1.0},{"not_picked":["Well Laid Plans","Dodge and Roll"],"picked":"Noxious Fumes","floor":5.0},{"not_picked":["Acrobatics","PiercingWail"],"picked":"Blade Dance","floor":7.0},{"not_picked":["Blur","Endless Agony"],"picked":"Footwork","floor":8.0},{"not_picked":["Dagger Spray","Dodge and Roll"],"picked":"Quick Slash","floor":12.0},{"not_picked":["Acrobatics","Poisoned Stab"],"picked":"Blur","floor":14.0},{"not_picked":["Venomology","Die Die Die"],"picked":"Corpse Explosion","floor":16.0},{"not_picked":["Underhanded Strike","Flying Knee+1"],"picked":"Blade Dance","floor":18},{"not_picked":["Sucker Punch","Eviscerate"],"picked":"Deadly Poison","floor":21},{"not_picked":["Noxious Fumes","Slice+1"],"picked":"Infinite Blades","floor":24},{"not_picked":["Underhanded Strike","Bane"],"picked":"Outmaneuver","floor":29}],"player_experience":153534,"relics_obtained":[{"floor":9.0,"key":"Ancient Tea Set"},{"floor":12.0,"key":"Paper Crane"},{"floor":14.0,"key":"Odd Mushroom"},{"floor":26,"key":"Tingsha"}],"event_choices":[{"damage_healed":0.0,"max_hp_gain":0.0,"max_hp_loss":0.0,"gold_gain":0.0,"event_name":"Purifier","player_choice":"Ignored","floor":2.0,"gold_loss":0.0,"damage_taken":0.0},{"damage_healed":0.0,"max_hp_gain":0.0,"max_hp_loss":0.0,"gold_gain":150.0,"event_name":"Liars Game","player_choice":"AGREE","floor":4.0,"gold_loss":0.0,"damage_taken":0.0,"cards_obtained":["Doubt"]},{"damage_healed":0.0,"max_hp_gain":5.0,"max_hp_loss":0.0,"gold_gain":0.0,"event_name":"Big Fish","player_choice":"Donut","floor":11.0,"gold_loss":0.0,"damage_taken":0.0},{"damage_healed":0.0,"max_hp_gain":0.0,"max_hp_loss":0.0,"gold_gain":0.0,"event_name":"Mushrooms","player_choice":"Fought Mushrooms","floor":14.0,"gold_loss":0.0,"damage_taken":0.0},{"damage_healed":0,"gold_gain":0,"player_choice":"Read","damage_taken":0,"max_hp_gain":0,"max_hp_loss":0,"event_name":"The Library","floor":19,"gold_loss":0,"cards_obtained":["Accuracy"]},{"damage_healed":0,"gold_gain":0,"player_choice":"Upgraded","damage_taken":0,"max_hp_gain":0,"max_hp_loss":0,"event_name":"Upgrade Shrine","floor":20,"gold_loss":0,"cards_upgraded":["Accuracy"]},{"damage_healed":0,"gold_gain":0,"player_choice":"Smashed Altar","damage_taken":0,"max_hp_gain":0,"max_hp_loss":0,"event_name":"Forgotten Altar","floor":22,"gold_loss":0,"cards_obtained":["Decay"]},{"damage_healed":0,"gold_gain":0,"player_choice":"Stole Relic","damage_taken":0,"relics_obtained":["Akabeko"],"max_hp_gain":0,"max_hp_loss":0,"event_name":"Addict","floor":28,"gold_loss":0,"cards_obtained":["Shame"]}],"is_beta":false,"boss_relics":[{"not_picked":["Black Star","Empty Cage"],"picked":"Philosopher\u0027s Stone"}],"items_purged_floors":[13,25],"is_endless":false,"potions_floor_spawned":[1,8,12,21],"killed_by":"3 Cultists","ascension_level":20}}