{"host":"idjwbq71yrpkph1r","time":1613414195,"event":{"mods":["AchievementEnabler","Alarm Clock","BaseMod","Block Reminder","Colored Map","Colored Powertips","Curses Come First","Displayed Cursed Tome","Hermit","Minty Spire (QoL Compilation)","Monster B Gone","Rare Cards Sparkle","Relic Stats","StSLib","everything is the same but u backflip on backflip"],"gold_per_floor":[113,133,208,133,146,146,157,173,199,99,199,209,35,46,46,144,144,156,156,6,21,38,38,38,38,38,38,38,57,57,57],"floor_reached":30,"language":"ENG","playtime":903,"items_purged":["Strike_B","Strike_B","Strike_B","Defend_B"],"score":222,"play_id":"2df0683d-d332-4ab8-ae56-6baff6be450d","local_time":"20210215193635","is_ascension_mode":false,"campfire_choices":[{"data":"Zap","floor":6,"key":"SMITH"},{"floor":15,"key":"REST"},{"floor":23,"key":"REST"},{"floor":27,"key":"REST"}],"circlet_count":0,"master_deck":["Defend_B","Defend_B","Zap+1","Dualcast","BootSequence","Go for the Eyes","White Noise","Defragment","Beam Cell","RitualDagger","Self Repair"],"relics":["Cracked Core"],"acts_visited":["Exordium","TheCity"],"potions_floor_usage":[2,14,16,22,22,30],"damage_taken":[{"damage":6,"enemies":"Cultist","floor":1,"turns":3},{"damage":0,"enemies":"2 Louse","floor":2,"turns":2},{"damage":0,"enemies":"Jaw Worm","floor":5,"turns":3},{"damage":2,"enemies":"Looter","floor":7,"turns":3},{"damage":8,"enemies":"2 Fungi Beasts","floor":8,"turns":3},{"damage":7,"enemies":"Blue Slaver","floor":12,"turns":4},{"damage":0,"enemies":"Gremlin Gang","floor":14,"turns":2},{"damage":17,"enemies":"Slime Boss","floor":16,"turns":6},{"damage":24,"enemies":"Chosen","floor":18,"turns":8},{"damage":20,"enemies":"Shell Parasite","floor":21,"turns":5},{"damage":27,"enemies":"Shelled Parasite and Fungi","floor":22,"turns":7},{"damage":27,"enemies":"Snake Plant","floor":29,"turns":5},{"damage":14,"enemies":"Snecko","floor":30,"turns":6}],"seed_played":"-5879394954795587940","potions_obtained":[{"floor":1,"key":"Fruit Juice"},{"floor":2,"key":"Energy Potion"},{"floor":7,"key":"ColorlessPotion"},{"floor":8,"key":"FocusPotion"},{"floor":16,"key":"EssenceOfDarkness"},{"floor":21,"key":"Weak Potion"},{"floor":29,"key":"Block Potion"}],"is_trial":false,"path_per_floor":["M","M","?","$","M","R","M","M","T","$","?","M","$","M","R","B",null,"M","?","$","M","M","R","?","?","T","R","?","M","M"],"character_chosen":"DEFECT","items_purchased":["Beam Cell"],"campfire_rested":3,"item_purchase_floors":[13],"current_hp_per_floor":[62,67,60,60,60,60,58,50,50,50,50,43,43,43,64,47,73,49,49,49,29,2,23,23,23,23,44,38,11,0,0],"gold":57,"neow_bonus":"REMOVE_TWO","is_daily":false,"chose_seed":false,"campfire_upgraded":1,"win_rate":0.0,"timestamp":1613414195,"path_taken":["M","M","?","$","M","R","M","M","T","?","?","M","$","M","R","BOSS","M","?","$","?","M","R","?","?","T","R","?","M","M"],"items_purchased_type":["Card"],"build_version":"2020-12-22","purchased_purges":4,"victory":false,"max_hp_per_floor":[68,73,73,73,73,73,73,73,73,73,73,73,73,73,73,73,73,73,73,73,73,73,73,73,73,73,73,73,73,73,73],"relic_stats":{"counters":[13,57],"obtain_stats":[{"Cracked Core":0},{"Cracked Core":0},{"Cracked Core":0}]},"card_choices":[{"not_picked":["Redo","Static Discharge"],"picked":"BootSequence","floor":1},{"not_picked":["Ball Lightning","Rebound"],"picked":"Go for the Eyes","floor":2},{"not_picked":["Skim","Reinforced Body"],"picked":"White Noise","floor":5},{"not_picked":["Rebound","Redo","Sunder"],"picked":"SKIP","floor":7},{"not_picked":["Lockon","Go for the Eyes","Fission"],"picked":"SKIP","floor":8},{"not_picked":["Stack","Barrage"],"picked":"Defragment","floor":12},{"not_picked":["Ball Lightning","Streamline","Turbo"],"picked":"SKIP","floor":14},{"not_picked":["Steam+1","Skim+1","Melter"],"picked":"SKIP","floor":18},{"not_picked":["Coolheaded","Streamline","Hologram"],"picked":"SKIP","floor":21},{"not_picked":["Go for the Eyes","Steam","Compile Driver"],"picked":"SKIP","floor":22},{"not_picked":["Streamline+1","Rip and Tear+1"],"picked":"Self Repair","floor":29}],"player_experience":359557,"relics_obtained":[],"event_choices":[{"damage_healed":0,"gold_gain":75,"player_choice":"Touch","damage_taken":7,"max_hp_gain":0,"max_hp_loss":0,"event_name":"FaceTrader","floor":3,"gold_loss":0},{"damage_healed":0,"gold_gain":100,"player_choice":"Pray","damage_taken":0,"max_hp_gain":0,"max_hp_loss":0,"event_name":"Golden Shrine","floor":11,"gold_loss":0},{"damage_healed":0,"gold_gain":0,"player_choice":"Ignored","damage_taken":0,"max_hp_gain":0,"max_hp_loss":0,"event_name":"NoteForYourself","floor":19,"gold_loss":0},{"damage_healed":0,"gold_gain":0,"player_choice":"Ignored","damage_taken":0,"max_hp_gain":0,"max_hp_loss":0,"event_name":"Ghosts","floor":24,"gold_loss":0},{"damage_healed":0,"gold_gain":0,"player_choice":"Ignored","damage_taken":0,"max_hp_gain":0,"max_hp_loss":0,"event_name":"Vampires","floor":25,"gold_loss":0},{"damage_healed":0,"gold_gain":0,"player_choice":"Joined the Cult","damage_taken":6,"max_hp_gain":0,"max_hp_loss":0,"event_name":"Nest","floor":28,"gold_loss":0,"cards_obtained":["RitualDagger"]}],"is_beta":false,"boss_relics":[{"not_picked":["Astrolabe","Runic Dome","Ectoplasm"]}],"items_purged_floors":[4,10,13,20],"is_endless":false,"potions_floor_spawned":[1,2,7,8,16,21,29],"killed_by":"Snecko","ascension_level":0}}