{"host":"2eh6kef149pfh93v","time":1613399334,"event":{"mods":["2.2 Compatiblity","Act Like it!","Aspiration","BaseMod","Clockwork Mod","Conspire","Energized Spire","Gensokyo","GifTheSpireLib","Hero for Fun","Hubris","Infinite Spire","Marisa????????","Minty Spire (QoL Compilation)","Reliquary","Replay The Spire","Shop Mod","StSLib","Stuff the Spire","The Servant 0.9.4","Waifu the Spire","Yakumo Yukari mod"],"gold_per_floor":[112,112,137,137,137,171,192,192,192,192,37,12,31,50,50,181,181,202,11,11,25,25,25],"floor_reached":22,"language":"ENG","playtime":901,"items_purged":[],"score":191,"play_id":"3b2523b0-f6c2-483e-bd18-22d52e359c9c","local_time":"20210215092854","is_ascension_mode":true,"campfire_choices":[{"floor":8,"key":"REST"},{"floor":10,"key":"REST"},{"floor":15,"key":"REST"}],"circlet_count":0,"master_deck":["Strike_S","Strike_S","Strike_S","Strike_S","Defend_S","Defend_S","Defend_S","Defend_S","KidneyShot","Exchange+1","KillingDoll","SilverBlades","ShatteredReality","Comet","BestPractice","Rearm+1","Revamp","Sunlight","MurderousAura"],"relics":["Uniform","ReplayTheSpireMod:TigerMarble","Golden Idol","conspire:DeflatedDodgeball","Dream Catcher","Bottled Flame","War Paint","Snecko Eye","Membership Card","hubris:Icosahedron"],"acts_visited":["Exordium","TheCity"],"potions_floor_usage":[6,7,18,21],"damage_taken":[{"damage":4,"enemies":"Small Slimes","floor":1,"turns":4},{"damage":46,"enemies":"Lagavulin","floor":6,"turns":10},{"damage":0,"enemies":"Jaw Worm","floor":7,"turns":3},{"damage":9,"enemies":"conspire:RoseBush","floor":13,"turns":3},{"damage":14,"enemies":"Blue Slaver","floor":14,"turns":6},{"damage":15,"enemies":"Hexaghost","floor":16,"turns":11},{"damage":0,"enemies":"Chosen","floor":18,"turns":3},{"damage":25,"enemies":"3 Byrds","floor":21,"turns":5},{"damage":38,"enemies":"Shelled Parasite and Fungi","floor":22,"turns":4}],"seed_played":"5558406201597796482","potions_obtained":[{"floor":1,"key":"AttackPotion"},{"floor":6,"key":"AttackPotion"},{"floor":16,"key":"EssenceOfSteel"},{"floor":18,"key":"DistilledChaos"}],"is_trial":false,"path_per_floor":["M","?","T","?","T","E","M","R","T","R","$","?","M","M","R","B",null,"M","$","?","M","M"],"character_chosen":"THE_SERVANT","items_purchased":["War Paint","Membership Card","MurderousAura"],"campfire_rested":3,"item_purchase_floors":[11,19,19],"current_hp_per_floor":[61,61,61,60,60,14,14,32,32,50,50,50,41,27,45,30,60,60,60,60,35,0,0],"gold":25,"neow_bonus":"ONE_RANDOM_RARE_CARD","is_daily":false,"chose_seed":false,"campfire_upgraded":0,"win_rate":0.0,"timestamp":1613399334,"path_taken":["M","?","?","?","?","E","M","R","T","R","?","?","M","M","R","BOSS","M","$","?","M","M"],"items_purchased_type":["Relic","Relic","Card"],"build_version":"2020-12-22","purchased_purges":0,"victory":false,"max_hp_per_floor":[65,65,65,60,60,60,60,60,60,60,60,60,60,60,60,60,60,60,60,60,60,60,60],"card_choices":[{"not_picked":["Gouge","Starlight"],"picked":"SilverBlades","floor":1},{"not_picked":["ShiftingGears","StarChef"],"picked":"ShatteredReality","floor":6},{"not_picked":["ShatteredReality","Potential"],"picked":"Comet","floor":7},{"not_picked":["Rewind","DoubleEdge"],"picked":"BestPractice","floor":8},{"not_picked":["Solidify","Defy"],"picked":"Rearm","floor":10},{"not_picked":["Alleviate","ReturningBlade"],"picked":"Revamp","floor":13},{"not_picked":["DoubleEdge","Potential","Comet"],"picked":"SKIP","floor":14},{"not_picked":["KillingDoll","SoulSculpture"],"picked":"Sunlight","floor":16},{"not_picked":["Potential","Unruled","Sabotage"],"picked":"SKIP","floor":18},{"not_picked":["ShiftingGears","Rearm+1","Unruled"],"picked":"SKIP","floor":21}],"player_experience":7831,"relics_obtained":[{"floor":3,"key":"ReplayTheSpireMod:TigerMarble"},{"floor":5,"key":"conspire:DeflatedDodgeball"},{"floor":6,"key":"Dream Catcher"},{"floor":9,"key":"Bottled Flame"}],"event_choices":[{"damage_healed":0,"gold_gain":0,"player_choice":"Lose Max HP","damage_taken":0,"relics_obtained":["Golden Idol"],"max_hp_gain":0,"max_hp_loss":5,"event_name":"Golden Idol","floor":4,"gold_loss":0},{"damage_healed":0,"gold_gain":0,"player_choice":"Left Gold","damage_taken":0,"max_hp_gain":0,"max_hp_loss":0,"event_name":"World of Goop","floor":12,"gold_loss":25}],"is_beta":false,"boss_relics":[{"not_picked":["conspire:SeveredTorchhead","conspire:SpecialSausage"],"picked":"Snecko Eye"}],"items_purged_floors":[],"is_endless":false,"potions_floor_spawned":[1,6,16,18],"killed_by":"Shelled Parasite and Fungi","ascension_level":1}}