{"host":"2no1vwhhkhf0ohz3","time":1613408765,"event":{"mods":["AchievementEnabler","BaseMod","Colored Map","DeckTracker","Keyboard Shortcuts","Minty Spire (QoL Compilation)","SuperFastMode"],"gold_per_floor":[119,132,150,165,176,176,207,207,257,108,108,125,125,135,135,135,135],"floor_reached":16,"language":"KOR","playtime":281,"items_purged":[],"score":156,"play_id":"aed1d22d-a3de-4c78-949e-5514f1001868","local_time":"20210216020605","is_ascension_mode":true,"campfire_choices":[{"data":"Perfected Strike","floor":6,"key":"SMITH"},{"data":"Bash","floor":8,"key":"SMITH"},{"data":"Evolve","floor":11,"key":"SMITH"},{"data":"Perfected Strike","floor":13,"key":"SMITH"},{"data":"Inflame","floor":15,"key":"SMITH"}],"circlet_count":0,"master_deck":["AscendersBane","Strike_R","Strike_R","Strike_R","Strike_R","Strike_R","Defend_R","Defend_R","Defend_R","Defend_R","Bash+1","Wild Strike","Second Wind","Perfected Strike+1","Warcry","Headbutt","Evolve+1","Burning Pact","Perfected Strike+1","Inflame+1"],"relics":["Burning Blood","Peace Pipe","Boot","Blood Vial"],"acts_visited":["Exordium"],"potions_floor_usage":[7,14,14],"damage_taken":[{"damage":6,"enemies":"Cultist","floor":1,"turns":4},{"damage":12,"enemies":"Jaw Worm","floor":2,"turns":2},{"damage":5,"enemies":"2 Louse","floor":3,"turns":4},{"damage":17,"enemies":"Looter","floor":4,"turns":3},{"damage":8,"enemies":"Large Slime","floor":5,"turns":6},{"damage":23,"enemies":"Lagavulin","floor":7,"turns":6},{"damage":7,"enemies":"2 Fungi Beasts","floor":12,"turns":3},{"damage":4,"enemies":"Exordium Wildlife","floor":14,"turns":3},{"damage":29,"enemies":"The Guardian","floor":16,"turns":4}],"seed_played":"-8828826927713436467","potions_obtained":[{"floor":2,"key":"Energy Potion"},{"floor":3,"key":"Explosive Potion"},{"floor":4,"key":"BlessingOfTheForge"},{"floor":14,"key":"Strength Potion"}],"is_trial":false,"path_per_floor":["M","M","M","M","M","R","E","R","T","$","R","M","R","M","R","B"],"character_chosen":"IRONCLAD","items_purchased":["Headbutt","Evolve","Burning Pact"],"campfire_rested":0,"item_purchase_floors":[10,10,10],"current_hp_per_floor":[72,66,67,56,54,54,37,37,37,37,37,38,38,42,42,15,15],"gold":135,"neow_bonus":"ONE_RARE_RELIC","is_daily":false,"chose_seed":false,"campfire_upgraded":5,"win_rate":0.0,"timestamp":1613408765,"path_taken":["M","M","M","M","?","R","E","R","T","$","R","M","R","?","R","BOSS"],"items_purchased_type":["Card","Card","Card"],"build_version":"2020-12-22","purchased_purges":0,"victory":false,"max_hp_per_floor":[72,72,72,72,72,72,72,72,72,72,72,72,72,72,72,72,72],"card_choices":[{"not_picked":["Rampage","Reckless Charge"],"picked":"Wild Strike","floor":1},{"not_picked":["Wild Strike","Entrench"],"picked":"Second Wind","floor":2},{"not_picked":["Armaments","Second Wind","True Grit"],"picked":"SKIP","floor":3},{"not_picked":["Clash","Sword Boomerang"],"picked":"Perfected Strike","floor":4},{"not_picked":["Clothesline","Anger"],"picked":"Warcry","floor":5},{"not_picked":["Rage","Havoc","Clash"],"picked":"SKIP","floor":7},{"not_picked":["Brutality","Thunderclap"],"picked":"Perfected Strike","floor":12},{"not_picked":["Heavy Blade","Blood for Blood"],"picked":"Inflame","floor":14}],"player_experience":308334,"relics_obtained":[{"floor":7,"key":"Boot"},{"floor":9,"key":"Blood Vial"}],"event_choices":[],"is_beta":false,"boss_relics":[],"items_purged_floors":[],"is_endless":false,"potions_floor_spawned":[2,3,4,14],"killed_by":"The Guardian","ascension_level":10}}