{"host":"dowi7cgbhepuzvpj","time":1613395280,"event":{"mods":["AchievementEnabler","BaseMod","Keyboard Shortcuts","Minty Spire (QoL Compilation)","Permanent Neow","Quick Restart","StSLib","SuperFastMode"],"gold_per_floor":[114,114,114,114,127,127,163,176,257,270,167,167,201,215,215,314,314,335,250,250,263,263,263,307,307,307,232,282,282,326,342,342,437,437,461,461,25,38,59,100,100,15,15,15,56,83,83,115,115,115,115,115,115,35,74,74],"floor_reached":57,"language":"KOR","playtime":2551,"items_purged":["Strike_G","Doppelganger+1"],"score":2987,"play_id":"709afa12-8f0f-425b-ac4a-91a23a98068e","local_time":"20210215222120","is_ascension_mode":true,"campfire_choices":[{"data":"Burst","floor":6,"key":"SMITH"},{"data":"Noxious Fumes","floor":12,"key":"SMITH"},{"data":"Footwork","floor":15,"key":"SMITH"},{"data":"Catalyst","floor":23,"key":"SMITH"},{"data":"Footwork","floor":25,"key":"SMITH"},{"data":"Deadly Poison","floor":29,"key":"SMITH"},{"data":"Neutralize","floor":32,"key":"SMITH"},{"floor":44,"key":"REST"},{"data":"Crippling Poison","floor":47,"key":"SMITH"},{"data":"Escape Plan","floor":49,"key":"SMITH"},{"floor":53,"key":"REST"}],"circlet_count":0,"master_deck":["AscendersBane","Defend_G+1","Defend_G+1","Defend_G+1","Defend_G+1","Defend_G+1","Survivor+1","Neutralize+1","Burst+1","Backflip+1","Blur+1","Noxious Fumes+1","Footwork+1","Deadly Poison+1","PiercingWail+1","Catalyst+1","Footwork+1","Tools of the Trade+1","Bane+1","Prepared+1","Escape Plan+1","Footwork+1","Panache+1","Sadistic Nature+1","Dramatic Entrance+1","Footwork+1","Escape Plan+1","Catalyst+1","Crippling Poison+1","Escape Plan+1","Footwork"],"relics":["Ring of the Snake","Vajra","Oddly Smooth Stone","Golden Idol","Potion Belt","Molten Egg 2","Ancient Tea Set","Astrolabe","Tough Bandages","Nilry\u0027s Codex","Eternal Feather","Regal Pillow","Akabeko","Philosopher\u0027s Stone","TheAbacus","CeramicFish","Letter Opener","PreservedInsect","InkBottle"],"acts_visited":["Exordium","TheCity","TheBeyond","TheEnding"],"potions_floor_usage":[24,24,39,40,40,56,56],"damage_taken":[{"damage":12,"enemies":"Small Slimes","floor":1,"turns":6},{"damage":0,"enemies":"2 Louse","floor":5,"turns":3},{"damage":5,"enemies":"Lagavulin","floor":7,"turns":5},{"damage":0,"enemies":"Jaw Worm","floor":8,"turns":6},{"damage":0,"enemies":"Blue Slaver","floor":10,"turns":7},{"damage":0,"enemies":"Gremlin Nob","floor":13,"turns":1},{"damage":0,"enemies":"Exordium Wildlife","floor":14,"turns":3},{"damage":0,"enemies":"The Guardian","floor":16,"turns":8},{"damage":5,"enemies":"Chosen","floor":18,"turns":7},{"damage":3,"enemies":"Shell Parasite","floor":21,"turns":4},{"damage":17,"enemies":"Slavers","floor":24,"turns":6},{"damage":0,"enemies":"Gremlin Leader","floor":30,"turns":3},{"damage":0,"enemies":"Sentry and Sphere","floor":31,"turns":6},{"damage":21,"enemies":"Automaton","floor":33,"turns":9},{"damage":0,"enemies":"Orb Walker","floor":35,"turns":4},{"damage":17,"enemies":"3 Darklings","floor":38,"turns":4},{"damage":12,"enemies":"4 Shapes","floor":39,"turns":6},{"damage":6,"enemies":"Reptomancer","floor":40,"turns":7},{"damage":0,"enemies":"Giant Head","floor":45,"turns":6},{"damage":0,"enemies":"Jaw Worm Horde","floor":46,"turns":5},{"damage":0,"enemies":"Transient","floor":48,"turns":6},{"damage":17,"enemies":"Donu and Deca","floor":50,"turns":9},{"damage":21,"enemies":"Awakened One","floor":51,"turns":9},{"damage":5,"enemies":"Shield and Spear","floor":55,"turns":7},{"damage":63,"enemies":"The Heart","floor":56,"turns":10}],"seed_played":"-5133251843236563292","potions_obtained":[{"floor":7,"key":"GamblersBrew"},{"floor":10,"key":"Block Potion"},{"floor":13,"key":"Regen Potion"},{"floor":14,"key":"Fire Potion"},{"floor":16,"key":"CultistPotion"},{"floor":31,"key":"AttackPotion"},{"floor":33,"key":"Swift Potion"},{"floor":35,"key":"GhostInAJar"},{"floor":45,"key":"SmokeBomb"},{"floor":55,"key":"SneckoOil"}],"is_trial":false,"path_per_floor":["M","?","?","?","M","R","E","M","T","M","$","R","E","M","R","B",null,"M","?","?","M","?","R","E","R","T","?","?","R","E","M","R","B",null,"M","?","$","M","M","E","?","$","T","R","E","M","R","M","R","B","B",null,"R","$","E","B",null],"character_chosen":"THE_SILENT","items_purchased":["PiercingWail","Footwork","Escape Plan","TheAbacus","Regen Potion","Footwork","FairyPotion"],"campfire_rested":2,"item_purchase_floors":[11,37,37,37,42,54,54],"current_hp_per_floor":[32,54,47,24,24,24,19,19,19,19,19,19,19,19,19,19,54,49,49,28,25,25,37,20,32,32,32,32,44,44,44,56,35,58,58,48,48,31,19,28,28,28,28,66,66,66,66,66,66,49,28,57,66,66,61,13],"gold":74,"neow_bonus":"THREE_RARE_CARDS","is_daily":false,"chose_seed":false,"campfire_upgraded":9,"win_rate":0.0,"timestamp":1613395280,"path_taken":["M","?","?","?","M","R","E","M","T","M","$","R","E","M","R","BOSS","M","?","?","M","?","R","E","R","T","?","?","R","E","M","R","BOSS","M","?","$","M","M","E","?","$","T","R","E","?","R","M","R","BOSS","BOSS","R","$","E","BOSS"],"items_purchased_type":["Card","Card","Card","Relic","Potion","Card","Potion"],"build_version":"2020-12-22","purchased_purges":2,"victory":true,"max_hp_per_floor":[66,66,66,66,66,66,66,66,66,66,66,66,66,66,66,66,66,66,66,66,66,66,66,66,66,66,66,66,66,66,66,66,66,66,66,66,66,66,66,66,66,66,66,66,66,66,66,66,66,66,66,66,66,66,66,66],"card_choices":[{"not_picked":["Glass Knife","Tools of the Trade"],"picked":"Burst","floor":0},{"not_picked":["Dash","Slice"],"picked":"Backflip","floor":1},{"not_picked":["Predator","Acrobatics"],"picked":"Blur","floor":5},{"not_picked":["Accuracy","Dodge and Roll"],"picked":"Noxious Fumes","floor":7},{"not_picked":["Flying Knee","Predator"],"picked":"Footwork","floor":8},{"not_picked":["Terror","Blade Dance"],"picked":"Deadly Poison","floor":10},{"not_picked":["Acrobatics","Flying Knee+1"],"picked":"Catalyst","floor":13},{"not_picked":["Outmaneuver","Dash+1"],"picked":"Footwork","floor":14},{"not_picked":["Glass Knife+1","A Thousand Cuts"],"picked":"Tools of the Trade","floor":16},{"not_picked":["Dodge and Roll","Sucker Punch+1","Expertise"],"picked":"SKIP","floor":18},{"not_picked":["Deflect","Choke+1","All Out Attack+1"],"picked":"SKIP","floor":21},{"not_picked":["Underhanded Strike+1","Slice+1","Concentrate"],"picked":"SKIP","floor":24},{"not_picked":["Leg Sweep","Cloak And Dagger+1"],"picked":"Escape Plan","floor":30},{"not_picked":["Sucker Punch+1","Dagger Spray+1","Riddle With Holes+1"],"picked":"SKIP","floor":31},{"not_picked":["Deflect","Acrobatics"],"picked":"Footwork+1","floor":35},{"not_picked":["Panacea","Mayhem"],"picked":"Panache","floor":36},{"not_picked":["Panacea","PanicButton"],"picked":"Sadistic Nature","floor":36},{"not_picked":["Magnetism","Deep Breath"],"picked":"Dramatic Entrance+1","floor":36},{"not_picked":["Cloak And Dagger","Backflip","Slice+1"],"picked":"SKIP","floor":38},{"not_picked":["Deadly Poison","Deflect"],"picked":"Catalyst","floor":39},{"not_picked":["Calculated Gamble","Unload+1","Dagger Spray+1"],"picked":"SKIP","floor":40},{"not_picked":["Cloak And Dagger","Slice+1","Outmaneuver"],"picked":"SKIP","floor":45},{"not_picked":["Underhanded Strike+1","Dagger Spray+1"],"picked":"Crippling Poison","floor":46},{"not_picked":["Quick Slash+1","Dagger Throw+1"],"picked":"Escape Plan","floor":48},{"not_picked":["Calculated Gamble","Phantasmal Killer","Outmaneuver"],"picked":"SKIP","floor":55}],"player_experience":879074,"relics_obtained":[{"floor":7,"key":"Potion Belt"},{"floor":9,"key":"Molten Egg 2"},{"floor":13,"key":"Ancient Tea Set"},{"floor":20,"key":"Nilry\u0027s Codex"},{"floor":24,"key":"Regal Pillow"},{"floor":30,"key":"Akabeko"},{"floor":40,"key":"CeramicFish"},{"floor":43,"key":"Letter Opener"},{"floor":45,"key":"PreservedInsect"},{"floor":55,"key":"InkBottle"}],"event_choices":[{"damage_healed":22,"gold_gain":0,"player_choice":"Banana","damage_taken":0,"max_hp_gain":0,"max_hp_loss":0,"event_name":"Big Fish","floor":2,"gold_loss":0},{"cards_removed":["Strike_G"],"damage_healed":0,"gold_gain":0,"player_choice":"Card Removal","damage_taken":7,"max_hp_gain":0,"max_hp_loss":0,"event_name":"Golden Wing","floor":3,"gold_loss":0},{"damage_healed":0,"gold_gain":0,"player_choice":"Take Damage","damage_taken":23,"relics_obtained":["Golden Idol"],"max_hp_gain":0,"max_hp_loss":0,"event_name":"Golden Idol","floor":4,"gold_loss":0},{"damage_healed":0,"gold_gain":0,"player_choice":"Obtained Relic","damage_taken":0,"relics_obtained":["Tough Bandages"],"max_hp_gain":0,"max_hp_loss":0,"event_name":"Addict","floor":19,"gold_loss":85},{"damage_healed":0,"gold_gain":0,"player_choice":"Obtained Book","damage_taken":21,"max_hp_gain":0,"max_hp_loss":0,"event_name":"Cursed Tome","floor":20,"gold_loss":0},{"damage_healed":0,"gold_gain":0,"player_choice":"Opened","damage_taken":0,"relics_obtained":["Eternal Feather"],"max_hp_gain":0,"max_hp_loss":0,"event_name":"The Mausoleum","floor":22,"gold_loss":0,"cards_obtained":["Writhe"]},{"cards_removed":["Writhe"],"damage_healed":0,"gold_gain":0,"player_choice":"Gave Gold","damage_taken":0,"max_hp_gain":0,"max_hp_loss":0,"event_name":"Beggar","floor":27,"gold_loss":75},{"damage_healed":0,"gold_gain":50,"player_choice":"Stole From Cult","damage_taken":0,"max_hp_gain":0,"max_hp_loss":0,"event_name":"Nest","floor":28,"gold_loss":0},{"damage_healed":0,"gold_gain":0,"player_choice":"Memory 3","damage_taken":10,"max_hp_gain":0,"max_hp_loss":0,"event_name":"SensoryStone","floor":36,"gold_loss":0},{"damage_healed":0,"gold_gain":0,"player_choice":"Upgrade","damage_taken":0,"relics_obtained":["Mark of the Bloom"],"max_hp_gain":0,"max_hp_loss":0,"event_name":"MindBloom","floor":41,"gold_loss":0,"cards_upgraded":["Defend_G","Defend_G","Defend_G","Defend_G","Defend_G","Survivor","Backflip","Blur","PiercingWail","Tools of the Trade","Escape Plan","Panache","Sadistic Nature","Footwork","Escape Plan","Catalyst"]}],"is_beta":false,"boss_relics":[{"not_picked":["Ring of the Serpent","Fusion Hammer"],"picked":"Astrolabe"},{"not_picked":["Runic Pyramid","Snecko Eye"],"picked":"Philosopher\u0027s Stone"}],"items_purged_floors":[11,37],"is_endless":false,"potions_floor_spawned":[7,10,13,14,16,31,33,35,45,55],"ascension_level":20}}