{"host":"pjz3m1kifmtv24r2","time":1613388016,"event":{"mods":["2.2 Compatiblity","Aspiration","BaseMod","Bestiary","Better Altar","Better Match","Better Note","Better Sensory Stone","Better Skull","CCEM2","Colored Powertips","Conspire","Dark Map","Displayed Cursed Tome","Fox Events","GifTheSpireLib","Halation","Highlight Path","Hubris","Jedi Mod","Mimic Mod","Minty Spire (QoL Compilation)","Quick Restart","RatMod","Relic Sorter","Reliquary","Replay The Spire","Small Relic Pack","Spicy Shops","Spikes Relics","Spire Arcade","StS++","StSLib","Stuff the Spire","The Blue Laboratory","The Runesmith","Trackpad","Wandering Minibosses"],"gold_per_floor":[116,146,146,161,233,267,267,287,335,3,3,3,3,0,0,0,0,0,0,0,0,0,0,0],"floor_reached":23,"language":"ENG","playtime":1343,"items_purged":["Strike_B"],"score":209,"play_id":"817719bc-5841-4787-a0ed-db089d944871","local_time":"20210215062016","is_ascension_mode":false,"campfire_choices":[{"data":"Crystallizer","floor":7,"key":"SMITH"},{"floor":12,"key":"REST"},{"data":"Redo","floor":15,"key":"SMITH"}],"circlet_count":0,"master_deck":["Strike_B","Strike_B","Strike_B","Defend_B","Defend_B","Defend_B","Defend_B","Zap","Dualcast","ReplayTheSpireMod:Dual Polarity+1","jedi:BurstFrost+1","StuffTheSpire:Plugnplay","Crystallizer+1","Redo+1","Echo Form+1","Panic Button","Coolheaded","Coolheaded","Multi-Cast","Defragment","jedi:BurstFrost","Storm"],"relics":["Cracked Core","NeowsBlessing","Replay:Wax Seal","jedi:angrymask","CCEMRelics:CanOfSoda","Replay:Baseball","halation:IllGainedPizza","jedi:ominousloannote","reliquary:LoveEmittingDiode","Guide Book","StuffTheSpire:Barrel","CCEMRelics:DerglesHeadphones","CCEMRelics:FakeTeeth","aspiration:Stellarator"],"acts_visited":["Exordium","TheCity"],"potions_floor_usage":[8,11,23],"damage_taken":[{"damage":0,"enemies":"Jaw Worm","floor":1,"turns":1},{"damage":0,"enemies":"conspire:MimicChest","floor":2,"turns":1},{"damage":0,"enemies":"Small Slimes","floor":4,"turns":1},{"damage":36,"enemies":"Lagavulin","floor":6,"turns":8},{"damage":0,"enemies":"2 Louse","floor":8,"turns":2},{"damage":26,"enemies":"Gremlin Nob","floor":11,"turns":4},{"damage":24,"enemies":"3 Sentries","floor":13,"turns":8},{"damage":19,"enemies":"Looter","floor":14,"turns":4},{"damage":22,"enemies":"Slime Boss","floor":16,"turns":12},{"damage":18,"enemies":"Shell Parasite","floor":18,"turns":9},{"damage":26,"enemies":"3 Byrds","floor":20,"turns":5},{"damage":13,"enemies":"Centurion and Healer","floor":21,"turns":7},{"damage":65,"enemies":"Gremlin Leader","floor":23,"turns":9}],"seed_played":"-8249839555620350877","potions_obtained":[{"floor":2,"key":"Toxic Potion"},{"floor":4,"key":"jedi:StrikingPotion"},{"floor":13,"key":"SmokeBomb"},{"floor":14,"key":"jedi:mysterypotion"},{"floor":20,"key":"LifebloodPotion"}],"is_trial":false,"path_per_floor":["M","?","?","M","T","E","R","M","T","$","E","R","E","M","R","B",null,"M","?","M","M","?","E"],"character_chosen":"DEFECT","items_purchased":["jedi:ominousloannote","Echo Form+1","reliquary:LoveEmittingDiode","Guide Book","StuffTheSpire:Barrel"],"campfire_rested":1,"item_purchase_floors":[10,10,10,10,10],"current_hp_per_floor":[75,75,75,75,87,51,51,51,51,51,33,59,43,32,44,30,87,77,77,59,54,63,0,0],"gold":0,"neow_bonus":"THREE_ENEMY_KILL","is_daily":false,"chose_seed":false,"campfire_upgraded":2,"win_rate":0.0,"timestamp":1613388016,"path_taken":["M","?","?","M","?","E","R","M","T","$","E","R","E","?","R","BOSS","M","?","M","M","?","E"],"items_purchased_type":["Relic","Card","Relic","Relic","Relic"],"build_version":"2020-12-22","purchased_purges":1,"victory":false,"max_hp_per_floor":[75,75,75,75,87,87,87,87,87,87,87,87,87,87,87,87,87,87,87,87,87,87,87,87],"card_choices":[{"not_picked":["Redo","Sweeping Beam"],"picked":"ReplayTheSpireMod:Dual Polarity","floor":1},{"not_picked":["Steam","Redo"],"picked":"jedi:BurstFrost","floor":2},{"not_picked":["Compile Driver","Ball Lightning"],"picked":"StuffTheSpire:Plugnplay","floor":4},{"not_picked":["aspiration:Polymerization","Hello World"],"picked":"Crystallizer","floor":6},{"not_picked":["Barrage","Hologram"],"picked":"Redo","floor":8},{"not_picked":["StuffTheSpire:LaunchingStrike","Blizzard"],"picked":"Panic Button","floor":11},{"not_picked":["Capacitor","Reprogram"],"picked":"Coolheaded","floor":13},{"not_picked":["Panic Button","Leap"],"picked":"Coolheaded","floor":14},{"not_picked":["Seek","ReplayRNGCard"],"picked":"Multi-Cast","floor":16},{"not_picked":["Streamline","StSpp:Mask"],"picked":"Defragment","floor":18},{"not_picked":["Steam Power","Go for the Eyes"],"picked":"jedi:BurstFrost","floor":20},{"not_picked":["Sweeping Beam","Storm","Panic Button+1"],"picked":"SKIP","floor":21},{"not_picked":["Sweeping Beam","Panic Button+1"],"picked":"Storm","floor":21}],"player_experience":102048,"relics_obtained":[{"floor":2,"key":"Replay:Wax Seal"},{"floor":5,"key":"CCEMRelics:CanOfSoda"},{"floor":6,"key":"Replay:Baseball"},{"floor":9,"key":"halation:IllGainedPizza"},{"floor":11,"key":"CCEMRelics:DerglesHeadphones"},{"floor":13,"key":"CCEMRelics:FakeTeeth"}],"event_choices":[{"damage_healed":0,"gold_gain":0,"player_choice":"Box","damage_taken":0,"relics_obtained":["jedi:angrymask"],"max_hp_gain":0,"max_hp_loss":0,"event_name":"Big Fish","floor":3,"gold_loss":0,"cards_obtained":["Regret"]},{"cards_removed":["Regret"],"damage_healed":0,"gold_gain":0,"player_choice":"Removed Curses","damage_taken":0,"max_hp_gain":0,"max_hp_loss":0,"event_name":"Fountain of Cleansing","floor":19,"gold_loss":0}],"is_beta":false,"boss_relics":[{"not_picked":["SlaversCollar","Replay:Drink Me"],"picked":"aspiration:Stellarator"}],"items_purged_floors":[10],"is_endless":false,"potions_floor_spawned":[2,4,13,14,20,21],"killed_by":"Gremlin Leader","ascension_level":0}}