{"host":"6406jj8da6015sxr","time":1613375993,"event":{"mods":["AchievementEnabler","BaseMod","Colored Map","DeckTracker","Minty Spire (QoL Compilation)","Permanent Neow","SuperFastMode","everything is the same but u backflip on backflip"],"gold_per_floor":[119,119,134,147,160,160,193,212,238,238,15,15,30,30,30,149,149,174,16,41,54,67,67,110,209,209,209,223,10,28,28,28,157,157,173,189,34,47,110,143,143,32,87,100,152,176,176,199,199,199],"floor_reached":51,"language":"KOR","playtime":2558,"items_purged":["Strike_G","Strike_G","Strike_G"],"score":833,"play_id":"8b070212-bba6-434c-adc5-92495a9dfee6","local_time":"20210215165953","is_ascension_mode":false,"campfire_choices":[{"data":"Tools of the Trade","floor":6.0,"key":"SMITH"},{"floor":10.0,"key":"REST"},{"data":"Finisher","floor":12.0,"key":"SMITH"},{"data":"Neutralize","floor":15.0,"key":"SMITH"},{"data":"After Image","floor":23.0,"key":"SMITH"},{"data":"Blade Dance","floor":27.0,"key":"SMITH"},{"data":"Backflip","floor":32.0,"key":"SMITH"},{"floor":47,"key":"REST"},{"data":"Finisher","floor":49,"key":"SMITH"}],"circlet_count":0,"master_deck":["Defend_G","Defend_G","Defend_G","Defend_G","Defend_G","Survivor","Neutralize+1","Tools of the Trade+1","Finisher+1","Slice","Dash","Slice+1","PiercingWail","Backflip+1","Flash of Steel+1","Blade Dance+1","Quick Slash","After Image+1","Prepared+1","Dagger Spray","Tactician+1","Reflex+1","Calculated Gamble+1","Adrenaline+1","Prepared+1","Prepared+1","Tools of the Trade+1","Blade Dance+1","Reflex+1","Finisher+1","Backflip+1","Finisher+1","Well Laid Plans+1","Phantasmal Killer+1","Blade Dance+1","Backflip+1"],"relics":["Ring of the Snake","Mango","Lantern","Bronze Scales","Membership Card","Golden Idol","SlaversCollar","Toxic Egg 2","Darkstone Periapt","Frozen Egg 2","OrangePellets","Empty Cage","Bag of Preparation","Ginger","CeramicFish","Whetstone","Orichalcum","Regal Pillow"],"acts_visited":["Exordium","TheCity","TheBeyond"],"potions_floor_usage":[41],"damage_taken":[{"damage":1.0,"enemies":"Cultist","floor":1.0,"turns":5.0},{"damage":7.0,"enemies":"Small Slimes","floor":3.0,"turns":4.0},{"damage":0.0,"enemies":"2 Louse","floor":4.0,"turns":2.0},{"damage":2.0,"enemies":"Blue Slaver","floor":5.0,"turns":4.0},{"damage":45.0,"enemies":"Lagavulin","floor":7.0,"turns":6.0},{"damage":17.0,"enemies":"Gremlin Gang","floor":8.0,"turns":4.0},{"damage":5.0,"enemies":"2 Fungi Beasts","floor":13.0,"turns":3.0},{"damage":10.0,"enemies":"Hexaghost","floor":16.0,"turns":5.0},{"damage":3.0,"enemies":"Chosen","floor":18.0,"turns":5.0},{"damage":5.0,"enemies":"Shell Parasite","floor":20.0,"turns":4.0},{"damage":3.0,"enemies":"Shelled Parasite and Fungi","floor":21.0,"turns":6.0},{"damage":1.0,"enemies":"Snecko","floor":22.0,"turns":7.0},{"damage":2.0,"enemies":"Book of Stabbing","floor":24.0,"turns":5.0},{"damage":0.0,"enemies":"Cultist and Chosen","floor":28.0,"turns":6.0},{"damage":0.0,"enemies":"Centurion and Healer","floor":30.0,"turns":3.0},{"damage":26.0,"enemies":"Champ","floor":33.0,"turns":8.0},{"damage":0,"enemies":"Orb Walker","floor":35,"turns":1},{"damage":5,"enemies":"3 Darklings","floor":36,"turns":4},{"damage":0,"enemies":"Jaw Worm Horde","floor":38,"turns":2},{"damage":18,"enemies":"Mind Bloom Boss Battle","floor":39,"turns":3},{"damage":0,"enemies":"Giant Head","floor":40,"turns":3},{"damage":6,"enemies":"Writhing Mass","floor":41,"turns":4},{"damage":1,"enemies":"Sphere and 2 Shapes","floor":44,"turns":4},{"damage":0,"enemies":"Nemesis","floor":45,"turns":1},{"damage":3,"enemies":"4 Shapes","floor":46,"turns":4},{"damage":0,"enemies":"Transient","floor":48,"turns":5},{"damage":9,"enemies":"Awakened One","floor":50,"turns":5}],"seed_played":"8417674182365530728","potions_obtained":[{"floor":5.0,"key":"PowerPotion"},{"floor":8.0,"key":"PowerPotion"},{"floor":13.0,"key":"EssenceOfSteel"},{"floor":20.0,"key":"Regen Potion"},{"floor":21.0,"key":"Dexterity Potion"},{"floor":28.0,"key":"Regen Potion"},{"floor":33,"key":"DistilledChaos"},{"floor":36,"key":"SmokeBomb"}],"is_trial":false,"path_per_floor":["M","T","M","M","M","R","E","M","T","R","$","R","M","?","R","B",null,"M","$","M","M","M","R","E","?","T","R","M","$","M","?","R","B",null,"M","M","$","M","?","E","M","$","T","M","E","M","R","M","R","B",null],"character_chosen":"THE_SILENT","items_purchased":["Membership Card","Flash of Steel","Blade Dance","Toxic Egg 2","Adrenaline+1","Prepared+1","OrangePellets","Bag of Preparation","Finisher","Whetstone","Swift Potion","Well Laid Plans+1"],"campfire_rested":2,"item_purchase_floors":[11,11,11,19,29,29,29,37,37,42,42,42],"current_hp_per_floor":[69,83,76,76,74,74,29,12,12,37,37,37,32,32,32,22,78,75,75,70,67,78,78,76,76,76,76,76,76,76,76,76,50,78,78,73,73,73,55,55,49,49,49,48,48,45,78,78,78,69],"gold":199,"neow_bonus":"ONE_RANDOM_RARE_CARD","is_daily":false,"chose_seed":false,"campfire_upgraded":7,"win_rate":0.0,"timestamp":1613375993,"path_taken":["M","?","M","?","M","R","E","M","T","R","$","R","M","?","R","BOSS","M","$","M","M","M","R","E","?","T","R","M","$","M","?","R","BOSS","BOSS","M","?","$","M","?","E","M","$","T","M","E","M","R","M","R","BOSS"],"items_purchased_type":["Relic","Card","Card","Relic","Card","Card","Relic","Relic","Card","Relic","Potion","Card"],"build_version":"2020-12-22","purchased_purges":3,"victory":true,"max_hp_per_floor":[70,84,84,84,84,84,84,84,84,84,84,84,84,78,78,78,78,78,78,78,78,78,78,78,78,78,78,78,78,78,78,78,78,78,78,78,78,78,78,78,78,78,78,78,78,78,78,78,78,78],"card_choices":[{"not_picked":["Slice","Prepared"],"picked":"Finisher","floor":1.0},{"not_picked":["Finisher","Crippling Poison"],"picked":"Slice","floor":3.0},{"not_picked":["Outmaneuver","Tactician"],"picked":"Dash","floor":4.0},{"not_picked":["Choke","All Out Attack"],"picked":"Slice","floor":5.0},{"not_picked":["Catalyst","Deflect"],"picked":"PiercingWail","floor":7.0},{"not_picked":["Flechettes","Acrobatics"],"picked":"Backflip","floor":8.0},{"not_picked":["Outmaneuver","Sucker Punch"],"picked":"Quick Slash","floor":13.0},{"not_picked":["Corpse Explosion","Die Die Die"],"picked":"After Image","floor":16.0},{"not_picked":["Acrobatics","Bane"],"picked":"Prepared+1","floor":18.0},{"not_picked":["Outmaneuver+1","Flying Knee"],"picked":"Dagger Spray","floor":20.0},{"not_picked":["Prepared+1","Infinite Blades+1"],"picked":"Tactician+1","floor":21.0},{"not_picked":["Quick Slash","Deadly Poison+1","Flying Knee+1"],"picked":"SKIP","floor":22.0},{"not_picked":["Well Laid Plans","Distraction+1"],"picked":"Reflex+1","floor":24.0},{"not_picked":["Sucker Punch","Endless Agony"],"picked":"Calculated Gamble+1","floor":28.0},{"not_picked":["Flying Knee","Sucker Punch"],"picked":"Prepared+1","floor":30.0},{"not_picked":["Unload","Die Die Die"],"picked":"Tools of the Trade+1","floor":33},{"not_picked":["Predator","Dagger Throw"],"picked":"Blade Dance+1","floor":35},{"not_picked":["Backflip+1","Riddle With Holes"],"picked":"Reflex+1","floor":36},{"not_picked":["Sucker Punch+1","Predator+1"],"picked":"Backflip+1","floor":38},{"not_picked":["Deadly Poison+1","Expertise+1"],"picked":"Finisher","floor":39},{"not_picked":["Malaise+1","Bane+1","Expertise+1"],"picked":"SKIP","floor":40},{"not_picked":["PiercingWail+1","Sucker Punch+1","Dagger Throw+1"],"picked":"SKIP","floor":44},{"not_picked":["Prepared+1","Tactician+1"],"picked":"Phantasmal Killer+1","floor":45},{"not_picked":["Sucker Punch+1","Deflect+1"],"picked":"Blade Dance+1","floor":46},{"not_picked":["Deadly Poison+1","Blur+1"],"picked":"Backflip+1","floor":48}],"player_experience":1236,"relics_obtained":[{"floor":2.0,"key":"Mango"},{"floor":7.0,"key":"Lantern"},{"floor":9.0,"key":"Bronze Scales"},{"floor":24.0,"key":"Darkstone Periapt"},{"floor":26.0,"key":"Frozen Egg 2"},{"floor":39,"key":"Ginger"},{"floor":40,"key":"CeramicFish"},{"floor":43,"key":"Orichalcum"},{"floor":45,"key":"Regal Pillow"}],"event_choices":[{"damage_healed":0.0,"max_hp_gain":0.0,"max_hp_loss":6.0,"gold_gain":0.0,"event_name":"Golden Idol","player_choice":"Lose Max HP","floor":14.0,"gold_loss":0.0,"damage_taken":0.0,"relics_obtained":["Golden Idol"]},{"damage_healed":0.0,"max_hp_gain":0.0,"max_hp_loss":0.0,"gold_gain":99.0,"event_name":"Nest","player_choice":"Stole From Cult","floor":25.0,"gold_loss":0.0,"damage_taken":0.0},{"damage_healed":0.0,"max_hp_gain":0.0,"max_hp_loss":0.0,"gold_gain":0.0,"event_name":"Accursed Blacksmith","player_choice":"Forge","floor":31.0,"gold_loss":0.0,"damage_taken":0.0,"cards_upgraded":["Flash of Steel"]},{"damage_healed":0,"gold_gain":0,"player_choice":"Fight","damage_taken":0,"max_hp_gain":0,"max_hp_loss":0,"event_name":"MindBloom","floor":39,"gold_loss":0}],"is_beta":false,"boss_relics":[{"not_picked":["Philosopher\u0027s Stone","Snecko Eye"],"picked":"SlaversCollar"},{"not_picked":["Cursed Key","Black Star"],"picked":"Empty Cage"}],"items_purged_floors":[19,29,37],"is_endless":false,"potions_floor_spawned":[5,8,13,20,21,28,33,36,40,41,44],"ascension_level":0}}