{"host":"yy1cu9q9bsxhflzi","time":1613408592,"event":{"mods":["BaseMod","DeckTracker","Minty Spire (QoL Compilation)","Quick Restart","StSLib","SuperFastMode","everything is the same but u backflip on backflip"],"gold_per_floor":[113,113,113,127,52,91,166,190,190,190,209,258,282,282,282,380,380,403,403,453,368,128,128,128,128],"floor_reached":24,"language":"KOR","playtime":357,"items_purged":["Strike_G"],"score":401,"play_id":"d7d574b8-4dc8-453b-a936-b11db6eec2b4","local_time":"20210216020312","is_ascension_mode":true,"campfire_choices":[{"data":"All Out Attack","floor":10,"key":"SMITH"},{"data":"Crippling Poison","floor":15,"key":"SMITH"},{"data":"Neutralize","floor":23,"key":"SMITH"}],"circlet_count":0,"master_deck":["AscendersBane","Strike_G","Strike_G","Strike_G","Defend_G","Defend_G","Defend_G","Defend_G","Survivor","Neutralize+1","All Out Attack+1","Crippling Poison+1","Leg Sweep","Masterful Stab","Adrenaline"],"relics":["Ring of the Snake","NeowsBlessing","Golden Idol","Singing Bowl","Toy Ornithopter","PreservedInsect","HoveringKite","Snake Skull","Bag of Preparation"],"acts_visited":["Exordium","TheCity"],"potions_floor_usage":[16],"damage_taken":[{"damage":0,"enemies":"Cultist","floor":1,"turns":1},{"damage":0,"enemies":"2 Louse","floor":4,"turns":1},{"damage":0,"enemies":"Lagavulin","floor":6,"turns":1},{"damage":9,"enemies":"Jaw Worm","floor":8,"turns":5},{"damage":0,"enemies":"3 Louse","floor":11,"turns":2},{"damage":7,"enemies":"Blue Slaver","floor":13,"turns":5},{"damage":28,"enemies":"The Guardian","floor":16,"turns":18},{"damage":26,"enemies":"Shell Parasite","floor":18,"turns":13},{"damage":11,"enemies":"Book of Stabbing","floor":24,"turns":5}],"seed_played":"5426434688657980950","potions_obtained":[{"floor":6,"key":"Ancient Potion"},{"floor":11,"key":"Poison Potion"},{"floor":16,"key":"Dexterity Potion"}],"is_trial":false,"path_per_floor":["M","?","?","M","?","E","?","M","T","R","M","T","M","?","R","B",null,"M","?","?","?","$","R","E"],"character_chosen":"THE_SILENT","items_purchased":["Bag of Preparation"],"campfire_rested":0,"item_purchase_floors":[22],"current_hp_per_floor":[59,59,59,59,59,61,50,41,41,41,43,43,36,36,36,13,51,27,27,27,27,27,27,16,16],"gold":128,"neow_bonus":"THREE_ENEMY_KILL","is_daily":false,"chose_seed":false,"campfire_upgraded":3,"win_rate":0.0,"timestamp":1613408592,"path_taken":["M","?","?","M","?","E","?","M","T","R","?","?","?","?","R","BOSS","M","?","?","?","$","R","E"],"items_purchased_type":["Relic"],"build_version":"2020-12-22","purchased_purges":1,"victory":false,"max_hp_per_floor":[66,60,60,60,60,62,62,62,62,62,64,64,64,64,64,64,64,66,66,66,66,66,66,66,66],"card_choices":[{"not_picked":["Deflect","Quick Slash"],"picked":"All Out Attack","floor":1},{"not_picked":["Dagger Spray","Bane"],"picked":"Crippling Poison","floor":4},{"not_picked":["Accuracy","Choke","Riddle With Holes"],"picked":"Singing Bowl","floor":6},{"not_picked":["Sucker Punch","Accuracy"],"picked":"Leg Sweep","floor":8},{"not_picked":["Dagger Throw","Outmaneuver","Poisoned Stab"],"picked":"Singing Bowl","floor":11},{"not_picked":["Skewer","Prepared"],"picked":"Masterful Stab","floor":13},{"not_picked":["A Thousand Cuts","Envenom"],"picked":"Adrenaline","floor":16},{"not_picked":["Concentrate","Outmaneuver","Choke"],"picked":"Singing Bowl","floor":18}],"player_experience":3909664,"relics_obtained":[{"floor":6,"key":"Singing Bowl"},{"floor":9,"key":"Toy Ornithopter"},{"floor":12,"key":"PreservedInsect"}],"event_choices":[{"damage_healed":0,"gold_gain":0,"player_choice":"Lose Max HP","damage_taken":0,"relics_obtained":["Golden Idol"],"max_hp_gain":0,"max_hp_loss":6,"event_name":"Golden Idol","floor":2,"gold_loss":0},{"cards_removed":["Strike_G"],"damage_healed":0,"gold_gain":0,"player_choice":"Forget","damage_taken":0,"max_hp_gain":0,"max_hp_loss":0,"event_name":"Living Wall","floor":3,"gold_loss":0},{"cards_removed":["Defend_G"],"damage_healed":0,"gold_gain":0,"player_choice":"Card Removal","damage_taken":0,"max_hp_gain":0,"max_hp_loss":0,"event_name":"The Cleric","floor":5,"gold_loss":75},{"damage_healed":0,"gold_gain":75,"player_choice":"Gather Gold","damage_taken":11,"max_hp_gain":0,"max_hp_loss":0,"event_name":"World of Goop","floor":7,"gold_loss":0},{"damage_healed":0,"gold_gain":0,"player_choice":"0 cards matched","damage_taken":0,"max_hp_gain":0,"max_hp_loss":0,"event_name":"Match and Keep!","floor":14,"gold_loss":0,"cards_obtained":[]},{"damage_healed":0,"gold_gain":0,"player_choice":"Ignored","damage_taken":0,"max_hp_gain":0,"max_hp_loss":0,"event_name":"The Mausoleum","floor":19,"gold_loss":0},{"damage_healed":0,"gold_gain":50,"player_choice":"Stole From Cult","damage_taken":0,"max_hp_gain":0,"max_hp_loss":0,"event_name":"Nest","floor":20,"gold_loss":0},{"damage_healed":0,"gold_gain":0,"player_choice":"Obtained Relic","damage_taken":0,"relics_obtained":["Snake Skull"],"max_hp_gain":0,"max_hp_loss":0,"event_name":"Addict","floor":21,"gold_loss":85}],"is_beta":false,"boss_relics":[{"not_picked":["Black Star","Runic Dome"],"picked":"HoveringKite"}],"items_purged_floors":[22],"is_endless":false,"potions_floor_spawned":[6,11,13,16],"killed_by":"Book of Stabbing","ascension_level":17}}