{"host":"6xghz2lkudss8si6","time":1613402804,"event":{"mods":["AchievementEnabler","BaseMod","Colored Map","DeckTracker","Minty Spire (QoL Compilation)","Quick Restart","StSLib","SuperFastMode"],"gold_per_floor":[116,116,132,145,157,157,182,182,182,212,212,212,232,252,252,350,350,368,3,18,34,34,34,67,67,67,84,84,112,112,139,139,237,237,247,247,259,259,21,46,46,61,61,61,78,125,136,148,148,148],"floor_reached":51,"language":"KOR","playtime":2561,"items_purged":["Strike_B","Writhe"],"score":1045,"play_id":"5900d79c-3706-44f4-86ea-109a8746a8fd","local_time":"20210216002644","is_ascension_mode":true,"campfire_choices":[{"data":"Sweeping Beam","floor":6.0,"key":"SMITH"},{"data":"Sweeping Beam","floor":8.0,"key":"SMITH"},{"data":"Swift Strike","floor":12.0,"key":"SMITH"},{"data":"Barrage","floor":15.0,"key":"SMITH"},{"data":"Hologram","floor":23.0,"key":"SMITH"},{"data":"Loop","floor":30.0,"key":"SMITH"},{"data":"Glacier","floor":32.0,"key":"SMITH"},{"data":"Coolheaded","floor":41.0,"key":"SMITH"},{"data":"Coolheaded","floor":49,"key":"SMITH"}],"circlet_count":0,"master_deck":["Strike_B","Strike_B","Strike_B","Defend_B","Defend_B","Defend_B","Defend_B","Zap","Dualcast","Defragment+1","Sweeping Beam+1","Glacier+1","Sweeping Beam+1","Coolheaded+1","Loop+1","Swift Strike+1","Hologram+1","Barrage+1","Core Surge","Coolheaded+1","Defragment+1","Self Repair","Electrodynamics","Ball Lightning","Redo+1","Echo Form","Skim+1","Chill+1","Creative AI","Clumsy","Parasite","Defragment+1","Defragment+1"],"relics":["Sozu","Oddly Smooth Stone","Centennial Puzzle","White Beast Statue","Cursed Key","Lee\u0027s Waffle","Tiny Chest","Sundial","Bottled Lightning","Pear","Bag of Preparation","Mummified Hand","Nuclear Battery","Spirit Poop","Nunchaku","Letter Opener","Frozen Egg 2","Lizard Tail"],"acts_visited":["Exordium","TheCity","TheBeyond"],"potions_floor_usage":[],"damage_taken":[{"damage":1.0,"enemies":"Cultist","floor":1.0,"turns":3.0},{"damage":5.0,"enemies":"Small Slimes","floor":3.0,"turns":3.0},{"damage":7.0,"enemies":"Jaw Worm","floor":4.0,"turns":3.0},{"damage":0.0,"enemies":"Blue Slaver","floor":5.0,"turns":4.0},{"damage":5.0,"enemies":"3 Sentries","floor":7.0,"turns":7.0},{"damage":12.0,"enemies":"Gremlin Nob","floor":10.0,"turns":4.0},{"damage":0.0,"enemies":"Gremlin Gang","floor":13.0,"turns":5.0},{"damage":0.0,"enemies":"Large Slime","floor":14.0,"turns":5.0},{"damage":16.0,"enemies":"Slime Boss","floor":16.0,"turns":10.0},{"damage":14.0,"enemies":"Shell Parasite","floor":18.0,"turns":5.0},{"damage":12.0,"enemies":"2 Thieves","floor":20.0,"turns":3.0},{"damage":0.0,"enemies":"Chosen and Byrds","floor":21.0,"turns":5.0},{"damage":0.0,"enemies":"Book of Stabbing","floor":24.0,"turns":6.0},{"damage":24.0,"enemies":"Snake Plant","floor":27.0,"turns":5.0},{"damage":26.0,"enemies":"Gremlin Leader","floor":29.0,"turns":6.0},{"damage":6.0,"enemies":"Book of Stabbing","floor":31.0,"turns":5.0},{"damage":15.0,"enemies":"Automaton","floor":33.0,"turns":10.0},{"damage":0.0,"enemies":"Orb Walker","floor":35.0,"turns":3.0},{"damage":1.0,"enemies":"3 Darklings","floor":37.0,"turns":4.0},{"damage":0.0,"enemies":"Giant Head","floor":40.0,"turns":9.0},{"damage":0.0,"enemies":"Transient","floor":42.0,"turns":5.0},{"damage":0,"enemies":"Writhing Mass","floor":45,"turns":5},{"damage":0,"enemies":"2 Orb Walkers","floor":46,"turns":3},{"damage":6,"enemies":"4 Shapes","floor":47,"turns":3},{"damage":4,"enemies":"Maw","floor":48,"turns":6},{"damage":30,"enemies":"Awakened One","floor":50,"turns":11}],"seed_played":"168899393216149839","potions_obtained":[],"is_trial":false,"path_per_floor":["M","?","M","M","M","R","E","R","T","E","?","R","M","M","R","B",null,"M","$","M","M","?","R","E","?","T","M","T","E","R","E","R","B",null,"M","?","M","?","$","E","R","M","T","T","M","?","M","M","R","B",null],"character_chosen":"DEFECT","items_purchased":["Lee\u0027s Waffle","Tiny Chest","Creative AI"],"campfire_rested":0,"item_purchase_floors":[19,19,39],"current_hp_per_floor":[67,67,62,55,55,55,50,50,50,38,38,38,38,38,38,22,62,48,82,70,70,70,70,77,77,77,60,70,51,51,52,52,44,80,87,87,92,87,87,87,87,87,87,87,87,87,81,84,84,61],"gold":148,"neow_bonus":"BOSS_RELIC","is_daily":false,"chose_seed":false,"campfire_upgraded":9,"win_rate":0.0,"timestamp":1613402804,"path_taken":["M","?","M","?","M","R","E","R","T","E","?","R","M","M","R","BOSS","M","?","?","M","?","R","E","?","T","M","?","E","R","E","R","BOSS","M","?","?","?","$","E","R","M","T","?","?","?","M","M","R","BOSS"],"items_purchased_type":["Relic","Relic","Card"],"build_version":"2020-12-22","purchased_purges":2,"victory":true,"max_hp_per_floor":[75,75,75,75,75,75,75,75,75,75,75,75,75,75,75,75,75,75,82,82,82,82,82,82,82,82,82,92,92,92,92,92,92,92,92,92,92,87,87,87,87,87,87,87,87,87,87,87,87,87],"card_choices":[{"not_picked":["Streamline","Go for the Eyes"],"picked":"Defragment","floor":1.0},{"not_picked":["Stack","Darkness"],"picked":"Sweeping Beam","floor":3.0},{"not_picked":["Hologram","Turbo"],"picked":"Glacier","floor":4.0},{"not_picked":["Reinforced Body","Stack"],"picked":"Sweeping Beam","floor":5.0},{"not_picked":["Undo","Turbo"],"picked":"Coolheaded","floor":7.0},{"not_picked":["Steam","Turbo"],"picked":"Loop","floor":10.0},{"not_picked":["Gash","Undo"],"picked":"Hologram","floor":13.0},{"not_picked":["Hologram","Static Discharge"],"picked":"Barrage","floor":14.0},{"not_picked":["Thunder Strike","Rainbow"],"picked":"Core Surge","floor":16.0},{"not_picked":["Consume","Compile Driver+1"],"picked":"Coolheaded","floor":18.0},{"not_picked":["Beam Cell","BootSequence"],"picked":"Defragment+1","floor":20.0},{"not_picked":["Conserve Battery","Streamline"],"picked":"Self Repair","floor":21.0},{"not_picked":["Thunder Strike","Lockon+1"],"picked":"Electrodynamics","floor":24.0},{"not_picked":["Rebound+1","Doom and Gloom","Turbo"],"picked":"SKIP","floor":27.0},{"not_picked":["Ball Lightning","Electrodynamics","Streamline+1"],"picked":"SKIP","floor":29.0},{"not_picked":["Reprogram","Turbo"],"picked":"Redo+1","floor":31.0},{"not_picked":["Rainbow","Seek"],"picked":"Echo Form","floor":33.0},{"not_picked":["Gash+1","Undo"],"picked":"Skim+1","floor":35.0},{"not_picked":["Beam Cell","Stack+1"],"picked":"Chill+1","floor":37.0},{"not_picked":["Cold Snap","Compile Driver","Reprogram+1"],"picked":"SKIP","floor":40.0},{"not_picked":["Steam+1","Heatsinks","Gash"],"picked":"SKIP","floor":42.0},{"not_picked":["Hello World+1","Double Energy"],"picked":"Defragment+1","floor":45},{"not_picked":["Tempest","Undo+1","Gash"],"picked":"SKIP","floor":47},{"not_picked":["Stack+1","Creative AI+1"],"picked":"Defragment+1","floor":48}],"player_experience":226995,"relics_obtained":[{"floor":7.0,"key":"Oddly Smooth Stone"},{"floor":9.0,"key":"Centennial Puzzle"},{"floor":10.0,"key":"White Beast Statue"},{"floor":24.0,"key":"Sundial"},{"floor":26.0,"key":"Bottled Lightning"},{"floor":28.0,"key":"Pear"},{"floor":29.0,"key":"Bag of Preparation"},{"floor":31.0,"key":"Mummified Hand"},{"floor":40.0,"key":"Nunchaku"},{"floor":43.0,"key":"Letter Opener"},{"floor":44.0,"key":"Frozen Egg 2"},{"floor":46,"key":"Lizard Tail"}],"event_choices":[{"damage_healed":0.0,"max_hp_gain":0.0,"max_hp_loss":0.0,"gold_gain":0.0,"event_name":"Accursed Blacksmith","player_choice":"Forge","floor":2.0,"gold_loss":0.0,"damage_taken":0.0,"cards_upgraded":["Defragment"]},{"damage_healed":0.0,"max_hp_gain":0.0,"max_hp_loss":0.0,"gold_gain":0.0,"event_name":"Match and Keep!","player_choice":"1 cards matched","floor":11.0,"gold_loss":0.0,"damage_taken":0.0,"cards_obtained":["Swift Strike"]},{"damage_healed":0.0,"max_hp_gain":0.0,"max_hp_loss":0.0,"gold_gain":0.0,"event_name":"Match and Keep!","player_choice":"1 cards matched","floor":11.0,"gold_loss":0.0,"damage_taken":0.0,"cards_obtained":["Swift Strike"]},{"damage_healed":0.0,"max_hp_gain":0.0,"max_hp_loss":0.0,"gold_gain":0.0,"event_name":"Ghosts","player_choice":"Ignored","floor":22.0,"gold_loss":0.0,"damage_taken":0.0},{"damage_healed":0.0,"max_hp_gain":0.0,"max_hp_loss":0.0,"gold_gain":0.0,"event_name":"The Library","player_choice":"Read","floor":25.0,"gold_loss":0.0,"damage_taken":0.0,"cards_obtained":["Ball Lightning"]},{"cards_removed":["Normality"],"damage_healed":0.0,"max_hp_gain":0.0,"max_hp_loss":0.0,"gold_gain":0.0,"event_name":"Bonfire Elementals","player_choice":"Offered Curse","floor":36.0,"gold_loss":0.0,"damage_taken":0.0,"relics_obtained":["Spirit Poop"]},{"damage_healed":0.0,"max_hp_gain":0.0,"max_hp_loss":5.0,"gold_gain":0.0,"event_name":"Winding Halls","player_choice":"Max HP","floor":38.0,"gold_loss":0.0,"damage_taken":0.0},{"damage_healed":0,"gold_gain":0,"player_choice":"Fight","damage_taken":0,"max_hp_gain":0,"max_hp_loss":0,"event_name":"Mysterious Sphere","floor":46,"gold_loss":0}],"is_beta":false,"boss_relics":[{"not_picked":["Black Star","Velvet Choker"],"picked":"Cursed Key"},{"not_picked":["Busted Crown","Calling Bell"],"picked":"Nuclear Battery"}],"items_purged_floors":[19,39],"is_endless":false,"potions_floor_spawned":[3,7,10,13,14,16,18,20,21,24,27,29,31,33,35,37,40,42,45,46,47,48],"ascension_level":6}}