{"host":"ukjd55ldumo8te1z","time":1613368447,"event":{"mods":["AchievementEnabler","BaseMod","Bestiary","Better Third Choice","BetterRewards","Bossed Relics","Colored Powertips","Conspire","Curses Come First","Energized Spire","Highlight Path","Hubris","Infinite Spire","Marked Mod","Minty Spire (QoL Compilation)","Permanent Neow","Quick Restart","Reliquary","Shop Mod","StSLib","Together in Spire","Waifu the Spire","??????REMEMod"],"gold_per_floor":[119,134,145,157,167,167,197,210,234,251,279,295,295,295,295,393,393,404,421,437,437,450,450,484,484,484,495,506,29,29,29],"floor_reached":30,"language":"ENG","playtime":2420,"items_purged":[],"score":308,"play_id":"1041a72d-0298-431e-8d80-9214b4d8c590","local_time":"20210215005407","is_ascension_mode":false,"campfire_choices":[{"data":"REME_Cut","floor":6,"key":"SMITH"},{"floor":13,"key":"REST"},{"floor":15,"key":"REST"},{"floor":23,"key":"REST"},{"floor":25,"key":"REST"}],"circlet_count":0,"master_deck":["Strike_R","Strike_R","Strike_R","Strike_R","Strike_R","Defend_R","Defend_R","Defend_R","Defend_R","Bash","All For One","Anger","REME_Cut+1","Carnage","Carnage","Twin Strike","Flex","Rage","Seeing Red","Anger","REME_FearOfPain","Reaper","Twin Strike+1","Whirlwind","Headbutt+1","Cleave","Limit Break","Body Slam","conspire:Charge+1","Flame Barrier","Iron Wave","infinitespire:Starlight"],"relics":["Ring of the Snake","REME_ComplimentaryCards","Pen Nib","Odd Mushroom","Ancient Tea Set","reliquary:ExpiredCoupon","infinitespire:Cubic Diamond","SlaversCollar","infinitespire:Satchel","hubris:BundleOfHerbs"],"acts_visited":["Exordium","TheCity"],"potions_floor_usage":[20],"damage_taken":[{"damage":0,"enemies":"Cultist","floor":1,"turns":1},{"damage":1,"enemies":"Jaw Worm","floor":2,"turns":1},{"damage":6,"enemies":"2 Louse","floor":3,"turns":2},{"damage":6,"enemies":"Blue Slaver","floor":4,"turns":4},{"damage":17,"enemies":"Gremlin Gang","floor":5,"turns":6},{"damage":13,"enemies":"The Mushroom Lair","floor":7,"turns":4},{"damage":11,"enemies":"3 Louse","floor":8,"turns":3},{"damage":6,"enemies":"Large Slime","floor":10,"turns":4},{"damage":31,"enemies":"3 Sentries","floor":11,"turns":6},{"damage":6,"enemies":"Exordium Wildlife","floor":12,"turns":3},{"damage":0,"enemies":"Slime Boss","floor":16,"turns":3},{"damage":5,"enemies":"Spheric Guardian","floor":18,"turns":3},{"damage":26,"enemies":"Shell Parasite","floor":19,"turns":4},{"damage":26,"enemies":"Chosen and Byrds","floor":20,"turns":6},{"damage":21,"enemies":"Snake Plant","floor":22,"turns":4},{"damage":13,"enemies":"Slavers","floor":24,"turns":3},{"damage":25,"enemies":"Cultist and Chosen","floor":27,"turns":4},{"damage":46,"enemies":"Centurion and Healer","floor":28,"turns":7},{"damage":19,"enemies":"conspire:HollyBat","floor":30,"turns":6}],"seed_played":"-8590882809093338868","potions_obtained":[{"floor":2,"key":"Dexterity Potion"},{"floor":3,"key":"Explosive Potion"},{"floor":7,"key":"Strength Potion"},{"floor":24,"key":"EntropicBrew"},{"floor":28,"key":"LiquidBronze"}],"is_trial":false,"path_per_floor":["M","M","M","M","M","R","?","M","T","M","E","M","R","?","R","B",null,"M","M","M","?","M","R","E","R","T","M","M","?","M"],"character_chosen":"IRONCLAD","items_purchased":[],"campfire_rested":4,"item_purchase_floors":[],"current_hp_per_floor":[80,80,80,80,69,69,62,57,57,57,32,32,56,56,80,80,80,75,49,32,32,11,35,46,70,70,45,7,7,0,0],"gold":29,"neow_bonus":"RANDOM_COMMON_RELIC","is_daily":false,"chose_seed":false,"campfire_upgraded":1,"win_rate":0.0,"timestamp":1613368447,"path_taken":["M","M","M","?","M","R","?","M","T","M","E","M","R","?","R","BOSS","M","M","M","?","M","R","E","R","T","?","M","?","M"],"items_purchased_type":[],"build_version":"2020-12-22","purchased_purges":0,"victory":false,"max_hp_per_floor":[80,80,80,80,80,80,80,80,80,80,80,80,80,80,80,80,80,80,80,80,80,80,80,80,80,80,80,80,80,80,80],"card_choices":[{"not_picked":["Clothesline","Carnage"],"picked":"Anger","floor":1},{"not_picked":["Fire Breathing","Iron Wave"],"picked":"REME_Cut","floor":2},{"not_picked":["Sword Boomerang","Pommel Strike"],"picked":"Carnage","floor":3},{"not_picked":["Combust","Burning Pact"],"picked":"Carnage","floor":4},{"not_picked":["Perfected Strike","Headbutt"],"picked":"Twin Strike","floor":5},{"not_picked":["Burning Pact","Battle Trance"],"picked":"Flex","floor":7},{"not_picked":["Uppercut","Seeing Red"],"picked":"Rage","floor":8},{"not_picked":["Carnage","Armaments"],"picked":"Seeing Red","floor":10},{"not_picked":["Thunderclap","Combust"],"picked":"Anger","floor":11},{"not_picked":["hubris:ReadiedAction","Pommel Strike"],"picked":"REME_FearOfPain","floor":12},{"not_picked":["Demon Form","Berserk"],"picked":"Reaper","floor":16},{"not_picked":["Clash","True Grit"],"picked":"Twin Strike+1","floor":18},{"not_picked":["hubris:ReadiedAction","Iron Wave+1"],"picked":"Whirlwind","floor":19},{"not_picked":["Heavy Blade","Limit Break"],"picked":"Headbutt+1","floor":20},{"not_picked":["Thunderclap","Whirlwind"],"picked":"Body Slam","floor":22},{"not_picked":["Fire Breathing","Clash"],"picked":"conspire:Charge+1","floor":24},{"not_picked":["Rupture+1","Pommel Strike"],"picked":"Flame Barrier","floor":27},{"not_picked":["conspire:Charge","Heavy Blade"],"picked":"Iron Wave","floor":28},{"not_picked":["infinitespire:TheBestDefense","infinitespire:FutureSight"],"picked":"infinitespire:Starlight","floor":29}],"player_experience":11258,"relics_obtained":[{"floor":7,"key":"Odd Mushroom"},{"floor":9,"key":"Ancient Tea Set"},{"floor":11,"key":"reliquary:ExpiredCoupon"},{"floor":24,"key":"infinitespire:Satchel"},{"floor":26,"key":"hubris:BundleOfHerbs"}],"event_choices":[{"damage_healed":0,"gold_gain":0,"player_choice":"Fought Mushrooms","damage_taken":0,"max_hp_gain":0,"max_hp_loss":0,"event_name":"Mushrooms","floor":7,"gold_loss":0},{"damage_healed":0,"gold_gain":0,"player_choice":"2 cards matched","damage_taken":0,"max_hp_gain":0,"max_hp_loss":0,"event_name":"Match and Keep!","floor":21,"gold_loss":0,"cards_obtained":["Cleave","Limit Break"]}],"is_beta":false,"boss_relics":[{"not_picked":["hubris:CrackedHourglass","energizedSpire:MagnifyingGlass"],"picked":"SlaversCollar"}],"items_purged_floors":[],"is_endless":false,"potions_floor_spawned":[2,3,7,8,11,19,24,28],"killed_by":"conspire:HollyBat","ascension_level":0}}