{"host":"8ztb9kwpjc2zof9s","time":1613369076,"event":{"mods":["BaseMod","Block Reminder","Curses Come First","Minty Spire (QoL Compilation)","Relic Stats","StSLib"],"gold_per_floor":[115,115,115,40,56,56,6,6,6,22,39,72,72,4,4,4,4],"floor_reached":16,"language":"ENG","playtime":455,"items_purged":["Strike_G"],"score":157,"play_id":"0a3d9c07-ff1a-431f-94ed-0ddfdfb4dfb9","local_time":"20210214220436","is_ascension_mode":true,"campfire_choices":[{"data":"Wraith Form v2","floor":6,"key":"SMITH"},{"floor":15,"key":"REST"}],"circlet_count":0,"master_deck":["AscendersBane","Strike_G","Strike_G","Strike_G","Strike_G","Defend_G","Defend_G","Defend_G","Defend_G","Survivor","Neutralize+1","Wraith Form v2+1","Adrenaline","Dash","Parasite","Infinite Blades"],"relics":["Ring of the Snake","Nunchaku","Regal Pillow","Bottled Lightning"],"acts_visited":["Exordium"],"potions_floor_usage":[10,12],"damage_taken":[{"damage":6,"enemies":"2 Louse","floor":1,"turns":4},{"damage":10,"enemies":"Jaw Worm","floor":5,"turns":8},{"damage":0,"enemies":"Cultist","floor":10,"turns":5},{"damage":1,"enemies":"2 Fungi Beasts","floor":11,"turns":4},{"damage":24,"enemies":"Lagavulin","floor":12,"turns":10},{"damage":71,"enemies":"Hexaghost","floor":16,"turns":12}],"seed_played":"3543959603820901810","potions_obtained":[{"floor":5,"key":"Swift Potion"},{"floor":10,"key":"Fruit Juice"}],"is_trial":false,"path_per_floor":["M","?","?","$","M","R","?","?","T","M","M","E","?","$","R","B"],"character_chosen":"THE_SILENT","items_purchased":["Infinite Blades"],"campfire_rested":1,"item_purchase_floors":[14],"current_hp_per_floor":[57,57,57,57,47,47,47,35,35,40,39,15,33,33,70,0,0],"gold":4,"neow_bonus":"ONE_RANDOM_RARE_CARD","is_daily":false,"chose_seed":false,"campfire_upgraded":1,"win_rate":0.0,"timestamp":1613369076,"path_taken":["M","?","?","$","?","R","?","?","T","M","M","E","?","?","R","BOSS"],"items_purchased_type":["Card"],"build_version":"2020-12-22","purchased_purges":1,"victory":false,"max_hp_per_floor":[70,70,70,70,70,70,70,70,70,75,75,75,75,75,75,75,75],"relic_stats":{"Nunchaku":[7],"Regal Pillow":15,"counters":[6,43],"obtain_stats":[{"Nunchaku":8,"Regal Pillow":9,"Bottled Lightning":12,"Ring of the Snake":0},{"Nunchaku":2,"Regal Pillow":2,"Bottled Lightning":5,"Ring of the Snake":0},{"Nunchaku":12,"Regal Pillow":12,"Bottled Lightning":31,"Ring of the Snake":0}],"Ring of the Snake":[12]},"card_choices":[{"not_picked":["Sucker Punch","Deflect","Acrobatics"],"picked":"SKIP","floor":1},{"not_picked":["Dodge and Roll","Dagger Throw"],"picked":"Adrenaline","floor":5},{"not_picked":["Dagger Throw","Outmaneuver"],"picked":"Dash","floor":10},{"not_picked":["Heel Hook","Dagger Throw","Flying Knee"],"picked":"SKIP","floor":11},{"not_picked":["Storm of Steel","Acrobatics","Dagger Spray"],"picked":"SKIP","floor":12}],"player_experience":344723,"relics_obtained":[{"floor":9,"key":"Regal Pillow"},{"floor":12,"key":"Bottled Lightning"}],"event_choices":[{"damage_healed":0,"gold_gain":0,"player_choice":"Ignored","damage_taken":0,"max_hp_gain":0,"max_hp_loss":0,"event_name":"Shining Light","floor":2,"gold_loss":0},{"damage_healed":0,"gold_gain":0,"player_choice":"Forge","damage_taken":0,"max_hp_gain":0,"max_hp_loss":0,"event_name":"Accursed Blacksmith","floor":3,"gold_loss":0,"cards_upgraded":["Neutralize"]},{"cards_removed":["Defend_G"],"damage_healed":0,"gold_gain":0,"player_choice":"Card Removal","damage_taken":0,"max_hp_gain":0,"max_hp_loss":0,"event_name":"The Cleric","floor":7,"gold_loss":50},{"damage_healed":0,"gold_gain":0,"player_choice":"Success","damage_taken":12,"relics_obtained":["Nunchaku"],"max_hp_gain":0,"max_hp_loss":0,"event_name":"Scrap Ooze","floor":8,"gold_loss":0},{"damage_healed":18,"gold_gain":0,"player_choice":"Healed and dodged fight","damage_taken":0,"max_hp_gain":0,"max_hp_loss":0,"event_name":"Mushrooms","floor":13,"gold_loss":0,"cards_obtained":["Parasite"]}],"is_beta":false,"boss_relics":[],"items_purged_floors":[4],"is_endless":false,"potions_floor_spawned":[5,10],"killed_by":"Hexaghost","ascension_level":12}}