{"host":"r9uivonio18rfam2","time":1613419717,"event":{"mods":["2.2 Compatiblity","AchievementEnabler","Act Like it!","Aspiration","BaseMod","Beaked The Cultist","Better Altar","Better Match","Better Note","Better Sensory Stone","Better Skull","Better Third Choice","BetterRewards","Challenge The Spire","Colored Map","Colored Powertips","Conspire","Downfall","Elementarium","Energized Spire","Hermit","Infinite Spire","Jedi Mod","Minty Spire (QoL Compilation)","Permanent Neow","Potionbrewer","Quick Restart","Reliquary","Replay The Spire","Shop Mod","Spicy Shops","Spikes Relics","StSLib","The Blue Laboratory","The Jungle","Wandering Minibosses"],"gold_per_floor":[117,117,117,130,140,167,167,193,193,220,234,217,217,250,250,346,346,387,387,387,387,387,403,413,444,461,492,492,492,517,535,535,563,563,666,666,676,693,693,704,722,753,753,788,856,869,897,913,927,953,953,953],"floor_reached":53,"language":"ENG","playtime":2655,"items_purged":["Strike_B"],"score":1726,"play_id":"5fc03352-da17-4c46-ba8c-a307a9d20844","local_time":"20210215150837","is_ascension_mode":true,"campfire_choices":[{"data":"Hyperbeam","floor":7,"key":"SMITH"},{"floor":13,"key":"REST"},{"data":"jedi:hex","floor":15,"key":"SMITH"},{"data":"Buffer","floor":34,"key":"SMITH"},{"data":"Reboot","floor":43,"key":"SMITH"},{"data":"Echo Form","floor":51,"key":"SMITH"}],"circlet_count":0,"master_deck":["Strike_B","Strike_B","Defend_B+1","Defend_B","Defend_B+1","Defend_B+2","Zap+1","Dualcast","jedi:blockon","Reboot+1","Panic Button","Hyperbeam+1","Steam Power","Defragment+1","jedi:hex+1","Coolheaded","Buffer+1","Mirror Shield+1","Crystallizer","FTL+1","Conserve Battery","Hologram+1","Loop+1","Echo Form+1","Go for the Eyes+1","Conserve Battery+1","conspire:SharedLibrary+1","ReplayTheSpireMod:Omega Cannon","FIFO Queue+1","Chill","Conserve Battery+1","jedi:BurstFrost+1"],"relics":["Cracked Core","HandDrill","jedi:fakemustache","WizardHat","jedi:HeartOfTheCards","PreservedInsect","reliquary:SilkGlove","ChewingGum","wanderingMiniBosses:ThiefScarf","aspiration:FetidBarrel","infinitespire:FocusingShard","MealTicket","reliquary:LoveEmittingDiode","Chameleon Ring","aspiration:RitualStick","Simple Rune","reliquary:TuningFork","Lizard Tail","Oddly Smooth Stone","Runic Dome","Replay:Towering Pillar of Hats","Onion Ring","Mirror","reliquary:PartyBalloon"],"acts_visited":["Exordium","TheCity","TheBeyond"],"potions_floor_usage":[5,18,27,50,52,52],"damage_taken":[{"damage":11,"enemies":"2 Louse","floor":1,"turns":2},{"damage":7,"enemies":"Jaw Worm","floor":4,"turns":4},{"damage":0,"enemies":"Cultist","floor":5,"turns":3},{"damage":20,"enemies":"Lagavulin","floor":6,"turns":7},{"damage":0,"enemies":"3 Sentries","floor":8,"turns":3},{"damage":0,"enemies":"Lagavulin","floor":10,"turns":4},{"damage":0,"enemies":"Lots of Slimes","floor":11,"turns":1},{"damage":0,"enemies":"3 Louse","floor":12,"turns":5},{"damage":3,"enemies":"Gremlin Nob","floor":14,"turns":3},{"damage":9,"enemies":"The Guardian","floor":16,"turns":8},{"damage":1,"enemies":"Shell Parasite","floor":18,"turns":5},{"damage":0,"enemies":"3 Byrds","floor":23,"turns":3},{"damage":0,"enemies":"Snecko","floor":24,"turns":3},{"damage":10,"enemies":"Slavers","floor":25,"turns":2},{"damage":12,"enemies":"Snake Plant","floor":26,"turns":3},{"damage":14,"enemies":"Gremlin Leader","floor":27,"turns":7},{"damage":7,"enemies":"Slavers","floor":30,"turns":2},{"damage":2,"enemies":"Sentry and Sphere","floor":31,"turns":5},{"damage":0,"enemies":"conspire:Head Lice","floor":33,"turns":2},{"damage":0,"enemies":"Champ","floor":35,"turns":13},{"damage":9,"enemies":"3 Darklings","floor":37,"turns":4},{"damage":0,"enemies":"3 Shapes","floor":38,"turns":1},{"damage":11,"enemies":"Jaw Worm Horde","floor":40,"turns":3},{"damage":16,"enemies":"Sphere and 2 Shapes","floor":41,"turns":4},{"damage":0,"enemies":"R_Hoarder","floor":42,"turns":10},{"damage":0,"enemies":"Giant Head","floor":44,"turns":7},{"damage":16,"enemies":"Writhing Mass","floor":46,"turns":4},{"damage":44,"enemies":"Reptomancer","floor":47,"turns":5},{"damage":0,"enemies":"3 Darklings","floor":48,"turns":3},{"damage":0,"enemies":"Maw","floor":49,"turns":5},{"damage":0,"enemies":"Nightmare","floor":50,"turns":5},{"damage":0,"enemies":"Time Eater","floor":52,"turns":14}],"seed_played":"-796006123235402969","potions_obtained":[{"floor":5,"key":"potionbrewer:BlacksmithPotion"},{"floor":11,"key":"SkillPotion"},{"floor":12,"key":"blueLaboratory:BottleOfVodka"},{"floor":16,"key":"Death Potion"},{"floor":18,"key":"SkillPotion"},{"floor":19,"key":"blueLaboratory:RecallPotion"},{"floor":19,"key":"Milkshake"},{"floor":27,"key":"potionbrewer:BoundlessPotion"},{"floor":38,"key":"EssenceOfSteel"},{"floor":40,"key":"Elixir"},{"floor":44,"key":"blueLaboratory:FrostheartPotion"},{"floor":50,"key":"blueLaboratory:SystemWipe"}],"is_trial":false,"path_per_floor":["M","?","?","M","M","E","R","E","T","E","M","M","R","E","R","B",null,"M","?","?","PTL","PTL","M","M","E","M","E","T","?","E","M","AVR","E","R","B",null,"M","M","?","M","M","E","R","E","T","M","E","M","M","NM","R","B",null],"character_chosen":"DEFECT","items_purchased":["HandDrill","jedi:fakemustache","WizardHat"],"campfire_rested":1,"item_purchase_floors":[0,0,0],"current_hp_per_floor":[53,38,38,31,31,11,11,11,11,11,11,11,33,30,30,21,62,61,61,61,61,61,61,61,51,39,25,25,10,3,1,1,1,1,1,57,48,48,48,37,21,27,27,27,27,11,12,12,23,23,23,23],"gold":953,"neow_bonus":"","is_daily":false,"chose_seed":false,"campfire_upgraded":5,"win_rate":0.0,"timestamp":1613419717,"path_taken":["M","?","?","?","M","E","R","E","T","E","?","M","R","E","R","BOSS","M","?","?","PTL","PTL","?","M","E","M","E","T","?","E","M","AVR","E","R","BOSS","M","M","?","M","M","E","R","E","T","M","E","M","?","NM","R","BOSS"],"items_purchased_type":["Relic","Relic","Relic"],"build_version":"2020-12-22","purchased_purges":1,"victory":true,"max_hp_per_floor":[75,75,75,75,75,75,75,75,75,75,75,75,75,75,75,75,75,75,75,75,75,75,75,75,75,75,75,75,75,75,75,75,75,75,75,75,75,75,75,75,75,75,75,75,75,75,75,75,75,75,75,75],"card_choices":[{"not_picked":["BasicCrystalCard","ReplayTheSpireMod:GoodbyeWorld"],"picked":"jedi:blockon","floor":1},{"not_picked":["jedi:reiji","Hello World"],"picked":"Panic Button","floor":4},{"not_picked":["Compile Driver","ReplaySort","Recycle"],"picked":"SKIP","floor":5},{"not_picked":["jedi:BurstFrost","Hologram"],"picked":"Hyperbeam","floor":6},{"not_picked":["Panic Button","Recycle"],"picked":"Steam Power","floor":8},{"not_picked":["ReplayTheSpireMod:Dual Polarity","Hologram"],"picked":"Defragment","floor":10},{"not_picked":["Steam Power","jedi:blockon"],"picked":"jedi:hex","floor":11},{"not_picked":["Rebound","Panic Button","Beam Cell"],"picked":"SKIP","floor":12},{"not_picked":["Stack","Undo"],"picked":"Coolheaded","floor":14},{"not_picked":["jedi:studyfrost","jedi:readyaimfire"],"picked":"Buffer","floor":16},{"not_picked":["Gash","Ball Lightning","Double Energy"],"picked":"SKIP","floor":18},{"not_picked":["Doom and Gloom","jedi:locknload"],"picked":"Crystallizer","floor":23},{"not_picked":["Turbo","Compile Driver+1"],"picked":"FTL+1","floor":24},{"not_picked":["Recycle","ReplayTheSpireMod:Reroute Power"],"picked":"Conserve Battery","floor":25},{"not_picked":["Hyperbeam","Compile Driver"],"picked":"Hologram+1","floor":26},{"not_picked":["Go for the Eyes","Heatsinks"],"picked":"Loop+1","floor":27},{"not_picked":["Ball Lightning","jedi:BurstFrost","BootSequence"],"picked":"SKIP","floor":30},{"not_picked":["Beam Cell","Reinforced Body","jedi:blockon"],"picked":"SKIP","floor":31},{"not_picked":["ReplaySort","Consume","Tempest+1"],"picked":"SKIP","floor":33},{"not_picked":["Multi-Cast","Seek"],"picked":"Echo Form","floor":35},{"not_picked":["Rebound","Aggregate+1"],"picked":"Go for the Eyes+1","floor":37},{"not_picked":["jedi:locknload+1","Steam","Barrage+1"],"picked":"SKIP","floor":38},{"not_picked":["jedi:locknload+1","Steam","Barrage+1"],"picked":"SKIP","floor":38},{"not_picked":["Force Field","Rebound+1"],"picked":"Conserve Battery+1","floor":40},{"not_picked":["Sweeping Beam","Beam Cell","Storm+1"],"picked":"SKIP","floor":41},{"not_picked":["Force Field+1","Doom and Gloom+1"],"picked":"conspire:SharedLibrary+1","floor":42},{"not_picked":["Sweeping Beam+1","Rebound+1"],"picked":"ReplayTheSpireMod:Omega Cannon","floor":44},{"not_picked":["Scrape+1","Cold Snap+1"],"picked":"FIFO Queue+1","floor":46},{"not_picked":["Auto Shields+1","Static Discharge+1"],"picked":"Chill","floor":47},{"not_picked":["Hologram","Chill+1"],"picked":"Conserve Battery+1","floor":48},{"not_picked":["Steam","Go for the Eyes","Cold Snap+1"],"picked":"SKIP","floor":49},{"not_picked":["Cold Snap+1","jedi:blockon"],"picked":"jedi:BurstFrost+1","floor":50}],"player_experience":485513,"relics_obtained":[{"floor":6,"key":"infinitespire:FocusingShard"},{"floor":8,"key":"jedi:HeartOfTheCards"},{"floor":9,"key":"PreservedInsect"},{"floor":10,"key":"aspiration:FetidBarrel"},{"floor":14,"key":"reliquary:SilkGlove"},{"floor":18,"key":"wanderingMiniBosses:ThiefScarf"},{"floor":18,"key":"aspiration:FetidBarrel"},{"floor":18,"key":"infinitespire:FocusingShard"},{"floor":25,"key":"MealTicket"},{"floor":27,"key":"reliquary:LoveEmittingDiode"},{"floor":28,"key":"Chameleon Ring"},{"floor":30,"key":"Simple Rune"},{"floor":33,"key":"Oddly Smooth Stone"},{"floor":42,"key":"Replay:Towering Pillar of Hats"},{"floor":44,"key":"Onion Ring"},{"floor":47,"key":"Mirror"},{"floor":50,"key":"reliquary:PartyBalloon"}],"event_choices":[{"damage_healed":53,"gold_gain":0,"player_choice":"Upgrade","damage_taken":15,"max_hp_gain":0,"max_hp_loss":75,"event_name":"betterThird:BetterShining","floor":2,"gold_loss":0,"cards_upgraded":["Defend_B","Defend_B"]},{"damage_healed":0,"gold_gain":0,"cards_transformed":["Strike_B"],"player_choice":"Transformed","damage_taken":0,"max_hp_gain":0,"max_hp_loss":0,"event_name":"Transmorgrifier","floor":3,"gold_loss":0,"cards_obtained":["Reboot"]},{"damage_healed":0,"gold_gain":0,"player_choice":"Got Potions","damage_taken":0,"max_hp_gain":0,"max_hp_loss":0,"event_name":"Lab","floor":19,"gold_loss":0},{"cards_removed":["Hyperbeam"],"damage_healed":0,"gold_gain":0,"player_choice":"Take \u0026 Give","damage_taken":0,"max_hp_gain":0,"max_hp_loss":0,"event_name":"betterNote:BetterNote","floor":20,"gold_loss":0,"cards_obtained":["Mirror Shield"]},{"damage_healed":0,"gold_gain":0,"player_choice":"Upgraded","damage_taken":0,"max_hp_gain":0,"max_hp_loss":0,"event_name":"Upgrade Shrine","floor":39,"gold_loss":0,"cards_upgraded":["Defragment"]}],"is_beta":false,"boss_relics":[{"not_picked":["Sozu","Kintsugi"],"picked":"ChewingGum"},{"not_picked":["beaked:MawFillet","reliquary:KinkedSpring"],"picked":"Runic Dome"}],"items_purged_floors":[32],"is_endless":false,"potions_floor_spawned":[5,11,12,16,18,26,27,38,40,44,48,50],"ascension_level":6}}