{"host":"36t3qd3wjvajtu1z","time":1613372303,"event":{"mods":["2.2 Compatiblity","AchievementEnabler","BaseMod","Bestiary","Block Reminder","Colored Powertips","Curses Come First","Highlight Path","Minty Spire (QoL Compilation)","Permanent Neow","Quick Restart","Random Character Button","Rare Cards Sparkle","Relic Stats","Slay-I","StSLib","Unknown Chances"],"gold_per_floor":[116,126,139,12,30,58,69,69,69,83,83,83,118,157,157,286,286,307,338,17,17,30,65,65,108,108,133,173,173,198,198,198,322,322,342,360,385,718,940,975,975,374,374,374,401,152,162,187,187,187],"floor_reached":51,"language":"ENG","playtime":2985,"items_purged":["Strike_B","Zap","Defend_B"],"score":1760,"play_id":"d1309e2b-afef-42bc-ba47-8f1dd0ed40c0","local_time":"20210214225823","is_ascension_mode":true,"campfire_choices":[{"data":"Streamline","floor":8.0,"key":"SMITH"},{"floor":12.0,"key":"REST"},{"data":"Beam Cell","floor":15.0,"key":"SMITH"},{"data":"Glacier","floor":24.0,"key":"SMITH"},{"data":"Reinforced Body","floor":29.0,"key":"SMITH"},{"data":"Coolheaded","floor":32.0,"key":"SMITH"},{"data":"Hologram","floor":41.0,"key":"SMITH"},{"data":"Coolheaded","floor":44.0,"key":"SMITH"},{"data":"Steam Power","floor":49,"key":"SMITH"}],"circlet_count":0,"master_deck":["AscendersBane","Defend_B","Defend_B","Dualcast","Coolheaded+1","Streamline+1","Beam Cell+1","Ball Lightning+1","Glacier+1","Sweeping Beam+1","FTL+1","Doom and Gloom+1","Meteor Strike+1","Rebound+1","Sunder+1","Reinforced Body+1","Chill","Sunder+1","Turbo+1","Turbo+1","Meteor Strike+1","Force Field+1","Glacier","Hyperbeam+1","CurseOfTheBell","Hologram+1","Capacitor+1","Capacitor+1","Conserve Battery+1","Compile Driver+1","Coolheaded+1","Self Repair","Steam Power+1","Barrage+1"],"relics":["Cracked Core","Molten Egg 2","Art of War","Odd Mushroom","Nunchaku","Snecko Eye","Red Mask","InkBottle","Bottled Flame","Meat on the Bone","Mercury Hourglass","Ancient Tea Set","Thread and Needle","Calling Bell","Strawberry","Matryoshka","Emotion Chip","Boot","Centennial Puzzle","Lee\u0027s Waffle","Happy Flower","Whetstone","Peace Pipe","Oddly Smooth Stone"],"acts_visited":["Exordium","TheCity","TheBeyond"],"potions_floor_usage":[45,50],"damage_taken":[{"damage":2.0,"enemies":"2 Louse","floor":1.0,"turns":3.0},{"damage":0.0,"enemies":"Small Slimes","floor":2.0,"turns":4.0},{"damage":2.0,"enemies":"Jaw Worm","floor":3.0,"turns":3.0},{"damage":3.0,"enemies":"Blue Slaver","floor":5.0,"turns":4.0},{"damage":34.0,"enemies":"3 Sentries","floor":6.0,"turns":6.0},{"damage":0.0,"enemies":"Looter","floor":7.0,"turns":3.0},{"damage":0.0,"enemies":"2 Fungi Beasts","floor":10.0,"turns":3.0},{"damage":15.0,"enemies":"The Mushroom Lair","floor":13.0,"turns":4.0},{"damage":0.0,"enemies":"Gremlin Nob","floor":14.0,"turns":2.0},{"damage":0.0,"enemies":"Slime Boss","floor":16.0,"turns":5.0},{"damage":0.0,"enemies":"Spheric Guardian","floor":18.0,"turns":2.0},{"damage":2.0,"enemies":"Masked Bandits","floor":19.0,"turns":2.0},{"damage":6.0,"enemies":"Chosen","floor":22.0,"turns":2.0},{"damage":13.0,"enemies":"Slavers","floor":23.0,"turns":4.0},{"damage":2.0,"enemies":"Book of Stabbing","floor":25.0,"turns":3.0},{"damage":0.0,"enemies":"3 Cultists","floor":27.0,"turns":3.0},{"damage":1.0,"enemies":"Slavers","floor":28.0,"turns":2.0},{"damage":3.0,"enemies":"Chosen and Byrds","floor":30.0,"turns":2.0},{"damage":0.0,"enemies":"Champ","floor":33.0,"turns":5.0},{"damage":1.0,"enemies":"3 Shapes","floor":35.0,"turns":2.0},{"damage":0.0,"enemies":"3 Darklings","floor":36.0,"turns":3.0},{"damage":8.0,"enemies":"Transient","floor":37.0,"turns":5.0},{"damage":11.0,"enemies":"Reptomancer","floor":40.0,"turns":3.0},{"damage":2,"enemies":"Giant Head","floor":45,"turns":3},{"damage":2,"enemies":"Maw","floor":47,"turns":5},{"damage":0,"enemies":"Nemesis","floor":48,"turns":3},{"damage":1,"enemies":"Time Eater","floor":50,"turns":7}],"seed_played":"-3175230995482181062","potions_obtained":[{"floor":2.0,"key":"Strength Potion"},{"floor":7.0,"key":"FearPotion"},{"floor":14.0,"key":"LiquidMemories"},{"floor":19.0,"key":"Block Potion"},{"floor":22.0,"key":"GamblersBrew"},{"floor":27.0,"key":"SkillPotion"},{"floor":28.0,"key":"ColorlessPotion"},{"floor":30.0,"key":"Dexterity Potion"},{"floor":35.0,"key":"AttackPotion"},{"floor":36.0,"key":"Swift Potion"}],"is_trial":false,"path_per_floor":["M","M","M","$","M","E","M","R","T","M","?","R","?","E","R","B",null,"M","?","$","?","M","E","R","E","T","M","E","R","M","T","R","B",null,"M","M","M","?","?","E","R","$","T","R","E","$","M","E","R","B",null],"character_chosen":"DEFECT","items_purchased":["Fire Potion","Sunder+1","InkBottle","Centennial Puzzle","Lee\u0027s Waffle","Compile Driver+1","Coolheaded","Self Repair","LiquidMemories","Fire Potion","PotionOfCapacity"],"campfire_rested":1,"item_purchase_floors":[4,20,20,42,42,42,42,42,42,46,46],"current_hp_per_floor":[66,66,64,64,61,27,27,27,27,27,10,30,15,15,15,15,55,55,53,53,53,47,34,34,32,32,44,43,43,40,40,40,40,68,67,67,59,59,59,48,48,82,82,82,82,82,82,82,82,82],"gold":187,"neow_bonus":"TRANSFORM_TWO_CARDS","is_daily":false,"chose_seed":false,"campfire_upgraded":8,"win_rate":0.0,"timestamp":1613372303,"path_taken":["M","M","M","$","M","E","M","R","T","M","?","R","?","E","R","BOSS","M","?","$","?","M","E","R","E","T","M","E","R","M","?","R","BOSS","M","M","M","?","?","E","R","$","T","R","E","$","M","E","R","BOSS"],"items_purchased_type":["Potion","Card","Relic","Relic","Relic","Card","Card","Card","Potion","Potion","Potion"],"build_version":"2020-12-22","purchased_purges":3,"victory":true,"max_hp_per_floor":[68,68,68,68,68,68,68,68,68,68,68,68,68,68,68,68,68,68,68,68,68,68,68,68,68,68,68,68,68,68,68,68,68,75,75,75,75,75,75,75,75,82,82,82,82,82,82,82,82,82],"relic_stats":{"Lee\u0027s Waffle":34,"Happy Flower":[6],"counters":[27,93],"Whetstone":["Ball Lightning"],"Boot":[8],"Mercury Hourglass":[166],"Peace Pipe":0,"Nunchaku":[18],"Emotion Chip":[23,3,7,1,12],"Centennial Puzzle":[9],"Snecko Eye":[106,124,99,124],"Art of War":[3],"obtain_stats":[{"Whetstone":43,"Ancient Tea Set":28,"Boot":40,"Nunchaku":14,"Emotion Chip":34,"Centennial Puzzle":42,"Matryoshka":34,"Strawberry":34,"Red Mask":19,"Cracked Core":0,"InkBottle":20,"Lee\u0027s Waffle":42,"Happy Flower":43,"Golden Idol":11,"Oddly Smooth Stone":48,"Thread and Needle":31,"Odd Mushroom":13,"Mercury Hourglass":26,"Calling Bell":34,"Peace Pipe":45,"Bottled Flame":23,"Snecko Eye":17,"Molten Egg 2":6,"Art of War":9,"Meat on the Bone":25},{"Whetstone":23,"Ancient Tea Set":17,"Boot":23,"Nunchaku":9,"Emotion Chip":19,"Centennial Puzzle":23,"Matryoshka":19,"Strawberry":19,"Red Mask":12,"Cracked Core":0,"InkBottle":12,"Lee\u0027s Waffle":23,"Happy Flower":23,"Golden Idol":7,"Oddly Smooth Stone":26,"Thread and Needle":18,"Odd Mushroom":8,"Mercury Hourglass":15,"Calling Bell":19,"Peace Pipe":24,"Bottled Flame":14,"Snecko Eye":10,"Molten Egg 2":5,"Art of War":6,"Meat on the Bone":15},{"Whetstone":75,"Ancient Tea Set":55,"Boot":75,"Nunchaku":32,"Emotion Chip":62,"Centennial Puzzle":75,"Matryoshka":62,"Strawberry":62,"Red Mask":41,"Cracked Core":0,"InkBottle":41,"Lee\u0027s Waffle":75,"Happy Flower":75,"Golden Idol":26,"Oddly Smooth Stone":86,"Thread and Needle":57,"Odd Mushroom":30,"Mercury Hourglass":50,"Calling Bell":62,"Peace Pipe":78,"Bottled Flame":47,"Snecko Eye":37,"Molten Egg 2":20,"Art of War":23,"Meat on the Bone":50}],"InkBottle":[23],"Meat on the Bone":12},"card_choices":[{"not_picked":["Stack","Darkness"],"picked":"Coolheaded","floor":1.0},{"not_picked":["Rip and Tear","Barrage"],"picked":"Streamline","floor":2.0},{"not_picked":["White Noise","Conserve Battery"],"picked":"Beam Cell","floor":3.0},{"not_picked":["Consume","Darkness"],"picked":"Ball Lightning","floor":5.0},{"not_picked":["Multi-Cast","Defragment"],"picked":"Glacier","floor":6.0},{"not_picked":["Compile Driver+1","Aggregate"],"picked":"Sweeping Beam+1","floor":7.0},{"not_picked":["Genetic Algorithm","Auto Shields"],"picked":"FTL+1","floor":10.0},{"not_picked":["Conserve Battery","Coolheaded"],"picked":"Doom and Gloom+1","floor":14.0},{"not_picked":["Core Surge+1","Biased Cognition"],"picked":"Meteor Strike+1","floor":16.0},{"not_picked":["Redo","Ball Lightning+1","Blizzard+1"],"picked":"SKIP","floor":18.0},{"not_picked":["Self Repair","Aggregate"],"picked":"Rebound+1","floor":19.0},{"not_picked":["Scrape+1","Rebound+1"],"picked":"Sunder+1","floor":22.0},{"not_picked":["Consume","Recycle"],"picked":"Turbo+1","floor":23.0},{"not_picked":["Compile Driver+1","Go for the Eyes+1"],"picked":"Turbo+1","floor":25.0},{"not_picked":["Conserve Battery+1","Leap"],"picked":"Meteor Strike+1","floor":27.0},{"not_picked":["Leap","Chill"],"picked":"Force Field+1","floor":28.0},{"not_picked":["Conserve Battery","Turbo"],"picked":"Glacier","floor":30.0},{"not_picked":["Rainbow","Biased Cognition"],"picked":"Hyperbeam+1","floor":33.0},{"not_picked":["Leap","Glacier"],"picked":"Hologram","floor":35.0},{"not_picked":["Compile Driver+1","Steam+1"],"picked":"Capacitor+1","floor":36.0},{"not_picked":["Go for the Eyes+1","Multi-Cast"],"picked":"Capacitor+1","floor":37.0},{"not_picked":["Turbo+1","Chill+1"],"picked":"Conserve Battery+1","floor":40.0},{"not_picked":["Undo+1","Barrage+1"],"picked":"Steam Power","floor":45},{"not_picked":["Lockon+1","Darkness+1","Turbo"],"picked":"SKIP","floor":47},{"not_picked":["Doom and Gloom+1","Hologram"],"picked":"Barrage+1","floor":48}],"player_experience":528523,"relics_obtained":[{"floor":6.0,"key":"Molten Egg 2"},{"floor":9.0,"key":"Art of War"},{"floor":13.0,"key":"Odd Mushroom"},{"floor":14.0,"key":"Nunchaku"},{"floor":19.0,"key":"Red Mask"},{"floor":23.0,"key":"Bottled Flame"},{"floor":25.0,"key":"Meat on the Bone"},{"floor":26.0,"key":"Mercury Hourglass"},{"floor":28.0,"key":"Ancient Tea Set"},{"floor":31.0,"key":"Thread and Needle"},{"floor":34.0,"key":"Strawberry"},{"floor":34.0,"key":"Matryoshka"},{"floor":34.0,"key":"Emotion Chip"},{"floor":40.0,"key":"Boot"},{"floor":43.0,"key":"Happy Flower"},{"floor":43.0,"key":"Whetstone"},{"floor":45,"key":"Peace Pipe"},{"floor":48,"key":"Oddly Smooth Stone"}],"event_choices":[{"damage_healed":0.0,"max_hp_gain":0.0,"max_hp_loss":0.0,"gold_gain":0.0,"event_name":"Golden Idol","player_choice":"Take Damage","floor":11.0,"gold_loss":0.0,"damage_taken":17.0,"relics_obtained":["Golden Idol"]},{"damage_healed":0.0,"max_hp_gain":0.0,"max_hp_loss":0.0,"gold_gain":0.0,"event_name":"Mushrooms","player_choice":"Fought Mushrooms","floor":13.0,"gold_loss":0.0,"damage_taken":0.0},{"damage_healed":0.0,"max_hp_gain":0.0,"max_hp_loss":0.0,"gold_gain":0.0,"event_name":"Masked Bandits","player_choice":"Fought Bandits","floor":19.0,"gold_loss":0.0,"damage_taken":0.0},{"damage_healed":0.0,"max_hp_gain":0.0,"max_hp_loss":0.0,"gold_gain":0.0,"cards_transformed":["Strike_B","Strike_B"],"event_name":"Drug Dealer","player_choice":"Became Test Subject","floor":21.0,"gold_loss":0.0,"damage_taken":0.0,"cards_obtained":["Reinforced Body","Chill"]},{"damage_healed":0.0,"max_hp_gain":0.0,"max_hp_loss":0.0,"gold_gain":333.0,"event_name":"The Moai Head","player_choice":"Gave Idol","floor":38.0,"relics_lost":["Golden Idol"],"gold_loss":0.0,"damage_taken":0.0},{"damage_healed":0.0,"max_hp_gain":0.0,"max_hp_loss":0.0,"gold_gain":222.0,"event_name":"Tomb of Lord Red Mask","player_choice":"Wore Mask","floor":39.0,"gold_loss":0.0,"damage_taken":0.0}],"is_beta":false,"boss_relics":[{"not_picked":["Empty Cage","FrozenCore"],"picked":"Snecko Eye"},{"not_picked":["SlaversCollar","Philosopher\u0027s Stone"],"picked":"Calling Bell"}],"items_purged_floors":[4,42,46],"is_endless":false,"potions_floor_spawned":[2,5,7,13,14,19,22,27,28,30,35,36,48],"ascension_level":11}}