{"host":"vhrbb9mxb8fcxsba","time":1613423550,"event":{"mods":["2.2 Compatiblity","Act Like it!","Aspiration","BaseMod","Downfall","GungeonMod","Hubris","Infinite Spire","Minty Spire (QoL Compilation)","Quick Restart","StSLib","The Disciple","Wandering Minibosses"],"gold_per_floor":[99,118,132,582,597,65,139,39,39,57,83,99,84,119,134,134,134,134],"floor_reached":16,"language":"ENG","playtime":999,"items_purged":["hubris:Despair"],"score":137,"play_id":"a07e946b-2a05-49fb-88e8-32892bf65d0e","local_time":"20210216101230","is_ascension_mode":false,"campfire_choices":[{"data":"hexamod:Float","floor":1,"key":"SMITH"},{"data":"hexamod:GhostOfSpirePast","floor":8,"key":"SMITH"}],"circlet_count":0,"master_deck":["hexamod:Strike","hexamod:Strike","hexamod:Strike","hexamod:Strike","hexamod:Defend","hexamod:Defend","hexamod:Defend","hexamod:Defend","hexamod:Sear","hexamod:Float+1","hexamod:TimeOfNeed","hexamod:Rewind","hexamod:InspiringFlames","downfall:Icky","downfall:Icky","downfall:Icky","hexamod:EmpoweredFlame","hexamod:GhostOfSpirePast+1","hexamod:TimeWarp","hexamod:UnlimitedPower"],"relics":["hexamod:SpiritBrand","DemoMod:GnawedKey","infinitespire:EmpoweringShard","downfall:HeartBlessingBlue","Strawberry","infinitespire:Beetle Shell"],"acts_visited":["Exordium"],"potions_floor_usage":[6,14,16],"damage_taken":[{"damage":0,"enemies":"Cultist","floor":2,"turns":4},{"damage":0,"enemies":"Small Slimes","floor":3,"turns":3},{"damage":0,"enemies":"Jaw Worm","floor":5,"turns":4},{"damage":0,"enemies":"downfall:FleeingMerchant","floor":6,"turns":5},{"damage":4,"enemies":"Large Slime","floor":10,"turns":6},{"damage":26,"enemies":"Lagavulin","floor":11,"turns":7},{"damage":9,"enemies":"Exordium Thugs","floor":12,"turns":5},{"damage":5,"enemies":"downfall:FleeingMerchant","floor":13,"turns":4},{"damage":4,"enemies":"3 Sentries","floor":14,"turns":6},{"damage":0,"enemies":"downfall:LooterAlt","floor":15,"turns":3},{"damage":39,"enemies":"DF_ARCHETYPE_STREAMLINE","floor":16,"turns":6}],"seed_played":"-6006320687536428127","potions_obtained":[{"floor":2,"key":"DistilledChaos"},{"floor":11,"key":"DemoMod:LeadSkinPotion"},{"floor":12,"key":"sneckomod:MuddlingPotion"},{"floor":14,"key":"sneckomod:MuddlingPotion"},{"floor":15,"key":"DemoMod:LeadSkinPotion"}],"is_trial":false,"path_per_floor":["R","M","M","?","M","$","T","R","?","M","E","M","$","E","M","B"],"character_chosen":"THE_SPIRIT","items_purchased":["DemoMod:GnawedKey","hexamod:GhostOfSpirePast","infinitespire:EmpoweringShard"],"campfire_rested":0,"item_purchase_floors":[6,6,6],"current_hp_per_floor":[70,70,70,70,70,70,70,80,80,76,57,48,43,39,39,0,0,0],"gold":134,"neow_bonus":"THREE_RARE_CARDS","is_daily":false,"chose_seed":false,"campfire_upgraded":2,"win_rate":0.0,"timestamp":1613423550,"path_taken":["R","M","?","?","M","$","T","R","?","M","E","M","?","E","M","BOSS"],"items_purchased_type":["Relic","Card","Relic"],"build_version":"2020-12-22","purchased_purges":1,"victory":false,"max_hp_per_floor":[70,70,70,70,70,70,70,80,80,80,87,87,87,87,87,87,87,87],"card_choices":[{"not_picked":["hexamod:TurnItUp","hexamod:GhostflameInferno"],"picked":"hexamod:TimeOfNeed","floor":0},{"not_picked":["hexamod:FastForward","hexamod:Hexaguard"],"picked":"hexamod:Rewind","floor":2},{"not_picked":["hexamod:FastForward","hexamod:CatchUp"],"picked":"hexamod:InspiringFlames","floor":3},{"not_picked":["hexamod:ThermalTransfer","hexamod:GhostOfSpireFuture"],"picked":"hexamod:EmpoweredFlame","floor":5},{"not_picked":["hexamod:CatchUp","hexamod:BurningTouch","hexamod:NightmareGuise"],"picked":"SKIP","floor":6},{"not_picked":["hexamod:GhostOfSpireFuture","hexamod:ShieldOfDarkness"],"picked":"hexamod:TimeWarp","floor":10},{"not_picked":["hexamod:BurningTouch","hexamod:NightmareStrike"],"picked":"hexamod:UnlimitedPower","floor":11},{"not_picked":["hexamod:HauntingEcho","hexamod:AdvancingGuard","hexamod:BurningTouch"],"picked":"SKIP","floor":12},{"not_picked":["hexamod:ChargedBarrage","hexamod:Again","hexamod:SwordOfDarkness"],"picked":"SKIP","floor":13},{"not_picked":["hexamod:ShieldOfDarkness","hexamod:HeatShield","hexamod:GhostLash"],"picked":"SKIP","floor":14},{"not_picked":["hexamod:Haunt","hexamod:HeatMetal","hexamod:NightmareStrike"],"picked":"SKIP","floor":15}],"player_experience":179235,"relics_obtained":[{"floor":11,"key":"Strawberry"},{"floor":14,"key":"infinitespire:Beetle Shell"}],"event_choices":[],"is_beta":false,"boss_relics":[],"items_purged_floors":[6],"is_endless":false,"potions_floor_spawned":[2,11,12,14,15],"killed_by":"DF_ARCHETYPE_STREAMLINE","ascension_level":0}}