{"host":"rsal8t78l1a5jz1a","time":1613395621,"event":{"mods":["Act Like it!","BaseMod","GifTheSpireLib","Marked Mod","Minty Spire (QoL Compilation)","Remilia£®¿Ÿ√◊¿Ú—«£©","StSLib"],"gold_per_floor":[115,115,127,9156,9174,9203,9212,9231,9277,9314,9314,9344,8278,8278,8278,8406,8406,8406,8406,8406,8406,7521,7521,6828,6828,6828,6828,6768,6768,6768,6768,6768,6768,6768,6768,6768,6768,6768,5998,5998,5998,5998,5998,5406,5406,5406,5406,4920,4920,4920],"floor_reached":51,"language":"ZHS","playtime":3401,"items_purged":["Defend_RM","Regret","EternalNight","Strike_RM","Strike_RM"],"score":1109,"play_id":"a926d63b-4da3-493a-9b29-6e3cd805570b","local_time":"20210215212700","is_ascension_mode":false,"campfire_choices":[{"data":"RedMoon","floor":11,"key":"SMITH"},{"data":"VampirishNight","floor":15,"key":"SMITH"},{"data":"QueenOfMidnight","floor":25,"key":"SMITH"},{"data":"ScarletNetherworld","floor":32,"key":"SMITH"},{"data":"DiffusionOfMisfortune","floor":40,"key":"SMITH"},{"data":"LeisurelyOfLord","floor":42,"key":"SMITH"},{"data":"Stigmanizer","floor":49,"key":"SMITH"}],"circlet_count":0,"master_deck":["Strike_RM","Defend_RM","Defend_RM","RedMoon+1","ScarletShoot","VampirishNight+1","CharismaGuard","UnstableMagic","DiffusionOfMisfortune+1","Stigmanizer+1","RedRainbow","LeisurelyOfLord+1","BlasphemousPunishment+1","UnderTheZenith+1","FavorOfDestiny+1","RedNightlessCastle+1","DiffusionOfMisfortune+1","BloodyHallows+1","FavorOfDestiny+1","ScarletNetherworld+1","QueenOfMidnight+1","BloodyMagicSquare+1","RedNightlessCastle+1","DiffusionOfMisfortune+1","ScarletDevil+1","EndlessAdversity+1","Stigmanizer+1","VampirishNight+1","FavorOfDestiny+1","Ultimatum+1","VampireKiss+1","RedRainbow+1","BloodRain+1","Septette+1","CeilingFear+1","ScarletCoffin+1","CurseOfTheBell","ScarletImprint+1","VampireFantasy+1","BloodySeventeenLaser+1","Pain","BloodHunter+1","VampireKiss+1","NightDance+1","ScarletDevilSign+1","BombardNight+1"],"relics":["ScarletHat","NeowsBlessing","Unceasing Top","Bottled Lightning","Toxic Egg 2","CeramicFish","Strawberry","Gambling Chip","Odd Mushroom","Molten Egg 2","HornCleat","Toolbox","FaceOfCleric","Ectoplasm","Nunchaku","Darkstone Periapt","HandDrill","Regal Pillow","Akabeko","AntiCross","ClockworkSouvenir","Gremlin Horn","Calling Bell","Boot","Mummified Hand","Calipers","Pear","Ancient Tea Set","Sling","Eternal Feather","Meat on the Bone","Pen Nib","Kunai","Frozen Eye","MawBank","Bag of Preparation","Blood Vial","Medical Kit"],"acts_visited":["Exordium","TheCity","TheBeyond"],"potions_floor_usage":[30,30,30,33,33,38,38,50,50],"damage_taken":[{"damage":0,"enemies":"Cultist","floor":1,"turns":1},{"damage":0,"enemies":"2 Louse","floor":3,"turns":1},{"damage":0,"enemies":"Small Slimes","floor":5,"turns":1},{"damage":9,"enemies":"3 Sentries","floor":6,"turns":9},{"damage":3,"enemies":"Exordium Wildlife","floor":8,"turns":4},{"damage":10,"enemies":"Lagavulin","floor":10,"turns":2},{"damage":12,"enemies":"The Mushroom Lair","floor":12,"turns":3},{"damage":8,"enemies":"Slime Boss","floor":16,"turns":2},{"damage":0,"enemies":"3 Byrds","floor":18,"turns":1},{"damage":72,"enemies":"2 Thieves","floor":19,"turns":1},{"damage":43,"enemies":"Snake Plant","floor":20,"turns":1},{"damage":51,"enemies":"Snecko","floor":21,"turns":1},{"damage":52,"enemies":"Book of Stabbing","floor":23,"turns":1},{"damage":62,"enemies":"Cultist and Chosen","floor":27,"turns":1},{"damage":45,"enemies":"3 Cultists","floor":29,"turns":1},{"damage":55,"enemies":"Snake Plant","floor":30,"turns":1},{"damage":54,"enemies":"Shelled Parasite and Fungi","floor":31,"turns":1},{"damage":46,"enemies":"Automaton","floor":33,"turns":1},{"damage":50,"enemies":"Orb Walker","floor":35,"turns":1},{"damage":58,"enemies":"3 Shapes","floor":36,"turns":1},{"damage":64,"enemies":"3 Darklings","floor":38,"turns":1},{"damage":67,"enemies":"Transient","floor":45,"turns":2},{"damage":60,"enemies":"Nemesis","floor":46,"turns":1},{"damage":60,"enemies":"Spire Growth","floor":47,"turns":1},{"damage":61,"enemies":"Donu and Deca","floor":50,"turns":2}],"seed_played":"-7363123947882007314","potions_obtained":[{"floor":5,"key":"Dexterity Potion"},{"floor":8,"key":"Swift Potion"},{"floor":10,"key":"Strength Potion"},{"floor":30,"key":"FearPotion"},{"floor":46,"key":"DistilledChaos"}],"is_trial":false,"path_per_floor":["M","?","M","$","M","E","?","M","T","E","R","?","$","?","R","B",null,"M","M","M","M","$","E","$","R","T","M","?","M","M","M","R","B",null,"M","M","?","M","$","R","T","R","T","$","M","E","M","$","R","B",null],"character_chosen":"REMILIA","items_purchased":["CharismaGuard","UnstableMagic","EternalNight","DiffusionOfMisfortune","Stigmanizer","Unceasing Top","Bottled Lightning","Molten Egg 2","HornCleat","Toolbox","RedNightlessCastle+1","DiffusionOfMisfortune+1","BloodyHallows+1","FavorOfDestiny+1","ScarletNetherworld","Nunchaku","Darkstone Periapt","HandDrill","EndlessAdversity+1","Stigmanizer+1","VampirishNight+1","FavorOfDestiny+1","Akabeko","AntiCross","ClockworkSouvenir","Pear","Ancient Tea Set","Sling","BloodHunter+1","Pen Nib","Kunai","Frozen Eye","VampireKiss+1","Bag of Preparation","Blood Vial","Medical Kit","BombardNight+1"],"campfire_rested":0,"item_purchase_floors":[4,4,4,4,4,4,4,13,13,13,13,13,13,13,13,22,22,22,22,22,22,22,24,24,24,39,39,39,39,44,44,44,44,48,48,48,48],"current_hp_per_floor":[75,75,75,75,75,66,66,63,70,65,65,59,59,59,59,59,83,84,85,86,87,87,88,88,88,88,89,89,90,91,92,92,93,99,100,101,107,108,118,118,118,118,118,118,119,120,121,121,121,122],"gold":4920,"neow_bonus":"THREE_ENEMY_KILL","is_daily":false,"chose_seed":false,"campfire_upgraded":7,"win_rate":0.0,"timestamp":1613395620,"path_taken":["M","?","M","$","?","E","?","M","T","E","R","?","?","?","R","BOSS","M","M","?","M","$","E","$","R","T","?","?","?","M","M","R","BOSS","M","M","?","?","$","R","?","R","T","$","M","E","M","?","R","BOSS"],"items_purchased_type":["Card","Card","Card","Card","Card","Relic","Relic","Relic","Relic","Relic","Card","Card","Card","Card","Card","Relic","Relic","Relic","Card","Card","Card","Card","Relic","Relic","Relic","Relic","Relic","Relic","Card","Relic","Relic","Relic","Card","Relic","Relic","Relic","Card"],"build_version":"2020-12-22","purchased_purges":5,"victory":true,"max_hp_per_floor":[75,75,75,75,75,75,75,75,82,82,82,82,82,82,82,83,83,84,85,86,87,87,88,88,88,88,89,89,90,91,92,92,93,99,100,101,107,108,118,118,118,118,118,118,119,120,121,121,121,122],"card_choices":[{"not_picked":["StarOfDavid","UnderTheZenith"],"picked":"LeisurelyOfLord","floor":1},{"not_picked":["LeisurelyOfLord","BloodyTrap"],"picked":"VampirishNight","floor":3},{"not_picked":["HunterOfTheNight","AfternoonTea"],"picked":"RedRainbow","floor":5},{"not_picked":["RedRainbow","StarOfDavid"],"picked":"LeisurelyOfLord","floor":6},{"not_picked":["BloodyMagicSquare+1","DiffusionOfMisfortune"],"picked":"BlasphemousPunishment+1","floor":8},{"not_picked":["EmergencyRegeneration+1","ForbiddenFruit+1"],"picked":"UnderTheZenith+1","floor":10},{"not_picked":["DiffusionOfMisfortune","StarOfDavid"],"picked":"FavorOfDestiny+1","floor":12},{"not_picked":["BatForm","HeartBreak+1"],"picked":"QueenOfMidnight","floor":16},{"not_picked":["VampireFantasy+1","NightLord+1"],"picked":"BloodyMagicSquare+1","floor":18},{"not_picked":["UnderTheZenith+1","FavorOfDestiny+1"],"picked":"RedNightlessCastle+1","floor":19},{"not_picked":["EndlessAdversity+1","Septette+1"],"picked":"DiffusionOfMisfortune+1","floor":20},{"not_picked":["EternalNight+1","ScarletImprint+1"],"picked":"ScarletDevil+1","floor":21},{"not_picked":["VampirishNight+1","AfternoonTea+1"],"picked":"Ultimatum+1","floor":23},{"not_picked":["MastersStateliness","Stigmanizer+1"],"picked":"VampireKiss+1","floor":27},{"not_picked":["DiffusionOfMisfortune+1","Stigmanizer+1","CharismaGuard+1"],"picked":"SKIP","floor":29},{"not_picked":["ReincarnationDial+1","NightDance+1"],"picked":"Septette+1","floor":30},{"not_picked":["MastersStateliness","CharismaGuard"],"picked":"CeilingFear+1","floor":31},{"not_picked":["EquivalentExchange","BloodyCatastrophe+1"],"picked":"ScarletCoffin+1","floor":33},{"not_picked":["UnderTheZenith+1","ScarletDevil+1","Stigmanizer+1"],"picked":"SKIP","floor":35},{"not_picked":["BombardNight+1","RedRainbow+1"],"picked":"ScarletImprint+1","floor":36},{"not_picked":["RedMagic+1","BombardNight+1","VampireKiss+1"],"picked":"SKIP","floor":38},{"not_picked":["BlasphemousPunishment+1","StarOfDavid+1"],"picked":"NightDance+1","floor":45},{"not_picked":["BloodyMagicSquare+1","CharismaGuard"],"picked":"ScarletDevilSign+1","floor":45},{"not_picked":["VampireKiss+1","DiffusionOfMisfortune+1","UnstableMagic+1"],"picked":"SKIP","floor":46},{"not_picked":["RedRainbow+1","ScarletCoffin+1","ChainGang+1"],"picked":"SKIP","floor":47}],"player_experience":79075,"relics_obtained":[{"floor":6,"key":"Toxic Egg 2"},{"floor":9,"key":"Strawberry"},{"floor":10,"key":"Gambling Chip"},{"floor":12,"key":"Odd Mushroom"},{"floor":23,"key":"Regal Pillow"},{"floor":26,"key":"Gremlin Horn"},{"floor":34,"key":"Boot"},{"floor":34,"key":"Mummified Hand"},{"floor":34,"key":"Calipers"},{"floor":41,"key":"Eternal Feather"},{"floor":43,"key":"Meat on the Bone"},{"floor":46,"key":"MawBank"}],"event_choices":[{"cards_removed":["LeisurelyOfLord"],"damage_healed":0,"gold_gain":0,"player_choice":"Offered Uncommon","damage_taken":0,"max_hp_gain":0,"max_hp_loss":0,"event_name":"Bonfire Elementals","floor":2,"gold_loss":0},{"damage_healed":0,"gold_gain":0,"player_choice":"Box","damage_taken":0,"relics_obtained":["CeramicFish"],"max_hp_gain":0,"max_hp_loss":0,"event_name":"Big Fish","floor":7,"gold_loss":0,"cards_obtained":["Regret"]},{"damage_healed":0,"gold_gain":0,"player_choice":"Fought Mushrooms","damage_taken":0,"max_hp_gain":0,"max_hp_loss":0,"event_name":"Mushrooms","floor":12,"gold_loss":0},{"damage_healed":0,"gold_gain":0,"player_choice":"Trade","damage_taken":0,"relics_obtained":["FaceOfCleric"],"max_hp_gain":0,"max_hp_loss":0,"event_name":"FaceTrader","floor":14,"gold_loss":0},{"damage_healed":0,"gold_gain":0,"cards_transformed":["Strike_RM","Defend_RM"],"player_choice":"Transformed Cards","damage_taken":0,"max_hp_gain":0,"max_hp_loss":0,"event_name":"Designer","floor":28,"gold_loss":60,"cards_obtained":["RedRainbow","BloodRain"]},{"damage_healed":0,"gold_gain":0,"player_choice":"3 cards matched","damage_taken":0,"max_hp_gain":0,"max_hp_loss":0,"event_name":"Match and Keep!","floor":37,"gold_loss":0,"cards_obtained":["VampireFantasy","BloodySeventeenLaser","Pain"]}],"is_beta":false,"boss_relics":[{"not_picked":["Tiny House","Sozu"],"picked":"Ectoplasm"},{"not_picked":["Velvet Choker","Busted Crown"],"picked":"Calling Bell"}],"items_purged_floors":[4,13,22,24,39],"is_endless":false,"potions_floor_spawned":[5,8,10,16,18,23,27,30,36,46],"ascension_level":0}}