{"host":"6gwm7y0tp7acoxay","time":1613371523,"event":{"mods":["BaseMod","Colored Map","Keyboard Shortcuts","Minty Spire (QoL Compilation)","Quick Restart","StSLib","SuperFastMode","everything is the same but u backflip on backflip"],"gold_per_floor":[117,117,117,137,137,181,211,211,236,267,31,72,122,136,136,227,227,240,240,130,144,90,90,90,90,90],"floor_reached":25,"language":"KOR","playtime":603,"items_purged":["Sword Boomerang"],"score":480,"play_id":"7a77a47a-1571-49c3-a902-4d4c7b04e972","local_time":"20210215154523","daily_mods":["SealedDeck","Heirloom","Flight"],"is_ascension_mode":true,"campfire_choices":[{"floor":8.0,"key":"REST"},{"data":"Uppercut","floor":15.0,"key":"SMITH"},{"data":"Armaments","floor":23.0,"key":"SMITH"},{"data":"Berserk","floor":24.0,"key":"SMITH"}],"circlet_count":0,"master_deck":["AscendersBane","Bloodletting","True Grit+1","Shrug It Off","Rage","Whirlwind+1","Uppercut+1","Dropkick","Dropkick","Disarm","Feed","Berserk+1","Armaments+1"],"relics":["Burning Blood","Peace Pipe","Question Card","Golden Idol","Ornamental Fan","Odd Mushroom","Vajra","Torii","Toy Ornithopter","Empty Cage"],"acts_visited":["Exordium","TheCity"],"potions_floor_usage":[],"damage_taken":[{"damage":0.0,"enemies":"Jaw Worm","floor":1.0,"turns":3.0},{"damage":0.0,"enemies":"Small Slimes","floor":4.0,"turns":3.0},{"damage":39.0,"enemies":"Gremlin Nob","floor":6.0,"turns":4.0},{"damage":4.0,"enemies":"The Mushroom Lair","floor":7.0,"turns":4.0},{"damage":6.0,"enemies":"Lagavulin","floor":10.0,"turns":5.0},{"damage":17.0,"enemies":"Gremlin Nob","floor":12.0,"turns":4.0},{"damage":0.0,"enemies":"Cultist","floor":14.0,"turns":3.0},{"damage":10.0,"enemies":"Slime Boss","floor":16.0,"turns":7.0},{"damage":19.0,"enemies":"Spheric Guardian","floor":18.0,"turns":4.0},{"damage":7.0,"enemies":"Chosen","floor":21.0,"turns":5.0},{"damage":27,"enemies":"Slavers","floor":25,"turns":3}],"seed_played":"-4456194181672268461","potions_obtained":[{"floor":1.0,"key":"Fire Potion"},{"floor":10.0,"key":"Strength Potion"},{"floor":12.0,"key":"SkillPotion"}],"is_trial":true,"path_per_floor":["M","?","?","M","?","E","?","R","T","E","$","E","?","M","R","B",null,"M","?","?","M","$","R","R","E"],"character_chosen":"IRONCLAD","items_purchased":["Dropkick","Disarm","Energy Potion"],"campfire_rested":1,"item_purchase_floors":[11,11,22],"current_hp_per_floor":[74,74,74,75,49,16,18,40,40,40,40,29,29,35,35,44,70,57,57,57,56,56,56,56,29,29],"gold":90,"neow_bonus":"","is_daily":false,"chose_seed":false,"campfire_upgraded":3,"win_rate":0.0,"timestamp":1613371523,"path_taken":["M","?","?","?","?","E","?","R","T","E","?","E","?","?","R","BOSS","M","?","?","?","?","R","R","E"],"items_purchased_type":["Card","Card","Potion"],"build_version":"2020-12-22","purchased_purges":1,"victory":false,"max_hp_per_floor":[75,75,75,75,75,75,75,75,75,75,75,75,75,75,75,78,78,78,78,78,78,78,78,78,78,78],"card_choices":[{"not_picked":["Clash","Cleave","Sword Boomerang"],"picked":"SKIP","floor":1.0},{"not_picked":["Carnage","Bloodletting","Combust","Headbutt"],"picked":"SKIP","floor":4.0},{"not_picked":["Flex","Dropkick","Twin Strike"],"picked":"Uppercut","floor":6.0},{"not_picked":["Sever Soul","Warcry","Heavy Blade"],"picked":"Dropkick","floor":7.0},{"not_picked":["Wild Strike","Sever Soul","Corruption","Warcry"],"picked":"SKIP","floor":10.0},{"not_picked":["Shrug It Off","Sword Boomerang","Anger","Pommel Strike"],"picked":"SKIP","floor":12.0},{"not_picked":["Flame Barrier","Havoc","Metallicize"],"picked":"Feed","floor":14.0},{"not_picked":["Demon Form","Reaper","Bludgeon"],"picked":"Berserk","floor":16.0},{"not_picked":["Dual Wield","Headbutt+1","Shrug It Off","Pummel"],"picked":"SKIP","floor":18.0},{"not_picked":["Perfected Strike+1","Wild Strike","Headbutt"],"picked":"Armaments","floor":21.0}],"player_experience":4543976,"relics_obtained":[{"floor":6.0,"key":"Ornamental Fan"},{"floor":7.0,"key":"Odd Mushroom"},{"floor":9.0,"key":"Vajra"},{"floor":10.0,"key":"Torii"},{"floor":12.0,"key":"Toy Ornithopter"}],"event_choices":[{"damage_healed":0.0,"max_hp_gain":0.0,"max_hp_loss":0.0,"gold_gain":0.0,"event_name":"Living Wall","player_choice":"Grow","floor":2.0,"gold_loss":0.0,"damage_taken":0.0,"cards_upgraded":["Whirlwind"]},{"damage_healed":0.0,"max_hp_gain":0.0,"max_hp_loss":0.0,"gold_gain":0.0,"event_name":"WeMeetAgain","player_choice":"Gave Potion","floor":3.0,"gold_loss":0.0,"damage_taken":0.0,"relics_obtained":["Question Card"]},{"damage_healed":0.0,"max_hp_gain":0.0,"max_hp_loss":0.0,"gold_gain":0.0,"event_name":"Golden Idol","player_choice":"Take Damage","floor":5.0,"gold_loss":0.0,"damage_taken":26.0,"relics_obtained":["Golden Idol"]},{"damage_healed":0.0,"max_hp_gain":0.0,"max_hp_loss":0.0,"gold_gain":0.0,"event_name":"Mushrooms","player_choice":"Fought Mushrooms","floor":7.0,"gold_loss":0.0,"damage_taken":0.0},{"damage_healed":0.0,"max_hp_gain":0.0,"max_hp_loss":0.0,"gold_gain":50.0,"event_name":"Golden Shrine","player_choice":"Pray","floor":13.0,"gold_loss":0.0,"damage_taken":0.0},{"cards_removed":["Pommel Strike"],"damage_healed":0.0,"max_hp_gain":0.0,"max_hp_loss":0.0,"gold_gain":0.0,"event_name":"Back to Basics","player_choice":"Elegance","floor":19.0,"gold_loss":0.0,"damage_taken":0.0},{"cards_removed":["Feel No Pain"],"damage_healed":0.0,"max_hp_gain":0.0,"max_hp_loss":0.0,"gold_gain":0.0,"event_name":"Designer","player_choice":"Upgrade and Remove","floor":20.0,"gold_loss":110.0,"damage_taken":0.0,"cards_upgraded":["True Grit"]}],"is_beta":false,"boss_relics":[{"not_picked":["Ectoplasm","Snecko Eye"],"picked":"Empty Cage"}],"items_purged_floors":[11],"is_endless":false,"potions_floor_spawned":[1,10,12],"killed_by":"Slavers","ascension_level":20}}