{"host":"a3gu5zu37ht99mpa","time":1613421065,"event":{"mods":["100% Spire Juice","Act Like it!","Arknights","BaseMod","Better Silent Start","BetterRewards","Conspire","Downfall","Energized Spire","GifTheSpireLib","Gold Saver","Halation","Minty Spire (QoL Compilation)","Prisma Mod","Robot Space Explorer","StSLib","Stuff the Spire","The Animator","The Servant 0.9.4","Virulent Crown","Wandering Minibosses","yUi"],"gold_per_floor":[389,464,140,171,228,228,263,293,368,218,218,248,265,284,284,389,389,419,419,419,449,250,281,281,281],"floor_reached":24,"language":"ENG","playtime":1046,"items_purged":[],"score":321,"play_id":"d9e73681-4cc3-44dd-81ff-c9dff7124ec3","local_time":"20210215153105","is_ascension_mode":true,"campfire_choices":[{"data":"animator:Togame","floor":6.0,"key":"SMITH"},{"data":"animator:Shimakaze","floor":11.0,"key":"SMITH"},{"floor":15.0,"key":"REST"}],"circlet_count":0,"master_deck":["animator:Strike_Kancolle","animator:Strike","animator:Strike","animator:Strike","animator:Defend","animator:Defend","animator:Defend","animator:UneriGinkaku","animator:Megumin+1","animator:YaoHaDucy+1","animator:Kuribayashi+1","animator:Togame+1","animator:Bozes+1","animator:RoryMercury+1","animator:LeleiLaLalena","animator:Emonzaemon+1","animator:Tet","animator:Wiz","animator:ZankiKiguchi+1","animator:DolaSchwi+1","PrismaMod:MiyuUberAOEAttack+1","animator:Mitsurugi+1","animator:TukaLunaMarceau","animator:Nanami"],"relics":["animator:LivingPicture","animator:TheMissingPiece","animator:PurgingStone","Molten Egg 2","Odd Mushroom","conspire:BottledYoYo","StuffTheSpire:Saxophone","Mark of Pain","Oddly Smooth Stone","Gremlin Horn"],"acts_visited":["Exordium","TheCity"],"potions_floor_usage":[23],"damage_taken":[{"damage":3.0,"enemies":"Jaw Worm","floor":1.0,"turns":4.0},{"damage":3.0,"enemies":"Small Slimes","floor":4.0,"turns":3.0},{"damage":12.0,"enemies":"2 Louse","floor":7.0,"turns":2.0},{"damage":11.0,"enemies":"The Mushroom Lair","floor":8.0,"turns":4.0},{"damage":4.0,"enemies":"Lots of Slimes","floor":12.0,"turns":2.0},{"damage":9.0,"enemies":"Exordium Wildlife","floor":13.0,"turns":3.0},{"damage":10.0,"enemies":"Blue Slaver","floor":14.0,"turns":2.0},{"damage":16.0,"enemies":"The Guardian","floor":16.0,"turns":12.0},{"damage":10,"enemies":"Chosen","floor":18,"turns":3},{"damage":42,"enemies":"Shell Parasite","floor":21,"turns":5},{"damage":6,"enemies":"Gremlin Leader","floor":23,"turns":3},{"damage":20,"enemies":"Centurion and Healer","floor":24,"turns":2}],"seed_played":"4812811492683940282","potions_obtained":[{"floor":4.0,"key":"Weak Potion"},{"floor":12.0,"key":"Energy Potion"},{"floor":13.0,"key":"animator:FalseLifePotion"},{"floor":16.0,"key":"Weak Potion"},{"floor":23,"key":"SmokeBomb"}],"is_trial":false,"path_per_floor":["M","?","$","M","?","R","M","?","T","$","R","M","M","M","R","B",null,"M","?","?","M","$","E","M"],"character_chosen":"THE_ANIMATOR","items_purchased":["animator:UneriGinkaku","Molten Egg 2","animator:YaoHaDucy+1","animator:Kuribayashi+1","StuffTheSpire:Saxophone","Oddly Smooth Stone","animator:TukaLunaMarceau"],"campfire_rested":1,"item_purchase_floors":[0,3,3,3,10,22,22],"current_hp_per_floor":[63,52,52,49,49,49,37,27,27,27,27,23,15,5,25,10,69,59,59,59,17,17,12,0,0],"gold":281,"neow_bonus":"","is_daily":false,"chose_seed":false,"campfire_upgraded":2,"win_rate":0.0,"timestamp":1613421065,"path_taken":["M","?","$","M","?","R","M","?","T","$","R","?","M","M","R","BOSS","M","?","?","?","$","E","M"],"items_purchased_type":["Card","Relic","Card","Card","Relic","Relic","Card"],"build_version":"2020-12-22","purchased_purges":0,"victory":false,"max_hp_per_floor":[66,66,66,66,66,66,66,67,67,67,67,67,68,68,68,69,69,69,69,69,69,69,70,70,70],"card_choices":[{"not_picked":["animator:DolaSchwi","animator:Vanir"],"picked":"animator:Megumin","floor":1.0},{"not_picked":["animator:Tyuule","animator:Scar+1"],"picked":"animator:Togame","floor":4.0},{"not_picked":["animator:Mitsuba+1","animator:MamiTomoe+1"],"picked":"animator:Bozes+1","floor":7.0},{"not_picked":["animator:Pride","animator:ElricAlphonse"],"picked":"animator:RoryMercury+1","floor":8.0},{"not_picked":["animator:Kuribayashi+1","animator:RoryMercury+1"],"picked":"animator:LeleiLaLalena","floor":12.0},{"not_picked":["animator:NagisaMomoe","animator:IrohaTamaki+1"],"picked":"animator:Emonzaemon+1","floor":13.0},{"not_picked":["animator:Demiurge","animator:Sebas"],"picked":"animator:Tet","floor":14.0},{"not_picked":["animator:Shiro","animator:Biyorigo"],"picked":"animator:Wiz","floor":16.0},{"not_picked":["animator:Shinoa","animator:MamiTomoe+1"],"picked":"animator:ZankiKiguchi+1","floor":18},{"not_picked":["animator:Verdia","animator:Chris+1"],"picked":"animator:Mitsurugi+1","floor":21},{"not_picked":["animator:Cocytus+1","animator:DolaCouronne"],"picked":"animator:Nanami","floor":23}],"player_experience":103003,"relics_obtained":[{"floor":8.0,"key":"Odd Mushroom"},{"floor":9.0,"key":"conspire:BottledYoYo"},{"floor":23,"key":"Gremlin Horn"}],"event_choices":[{"damage_healed":0.0,"max_hp_gain":0.0,"max_hp_loss":0.0,"gold_gain":75.0,"event_name":"World of Goop","player_choice":"Gather Gold","floor":2.0,"gold_loss":0.0,"damage_taken":11.0},{"damage_healed":0.0,"max_hp_gain":0.0,"max_hp_loss":0.0,"gold_gain":57.0,"event_name":"Golden Wing","player_choice":"Gained Gold","floor":5.0,"gold_loss":0.0,"damage_taken":0.0},{"damage_healed":0.0,"max_hp_gain":0.0,"max_hp_loss":0.0,"gold_gain":0.0,"event_name":"Mushrooms","player_choice":"Fought Mushrooms","floor":8.0,"gold_loss":0.0,"damage_taken":0.0},{"damage_healed":0,"gold_gain":0,"player_choice":"Read","damage_taken":0,"max_hp_gain":0,"max_hp_loss":0,"event_name":"The Library","floor":19,"gold_loss":0,"cards_obtained":["animator:DolaSchwi"]},{"cards_removed":["animator:Shimakaze"],"damage_healed":0,"gold_gain":0,"player_choice":"Took Card","damage_taken":0,"max_hp_gain":0,"max_hp_loss":0,"event_name":"NoteForYourself","floor":20,"gold_loss":0,"cards_obtained":["PrismaMod:MiyuUberAOEAttack"]}],"is_beta":false,"boss_relics":[{"not_picked":["energizedSpire:OgreHead","halation:SmartPhone"],"picked":"Mark of Pain"}],"items_purged_floors":[],"is_endless":false,"potions_floor_spawned":[4,12,13,16,23],"killed_by":"Centurion and Healer","ascension_level":1}}