{"host":"ve9aztkoyqeblvav","time":1613405824,"event":{"mods":["Act Like it!","Aspiration","BaseMod","Colored Map","Colored Powertips","Highlight Path","Minty Spire (QoL Compilation)","Pale of the Ancients","Quick Restart","Reorder Act Four","StSLib","The Hierophant","Waifu the Spire"],"gold_per_floor":[113,132,142,142,142,43,43,58,83,93,111,125,138,138,138,213,213,133,133],"floor_reached":18,"language":"ZHS","playtime":922,"items_purged":["Strike_G"],"score":312,"play_id":"4b4d6895-e6f3-410a-b3e1-18714377ac99","local_time":"20210216001704","is_ascension_mode":true,"campfire_choices":[{"data":"Well Laid Plans","floor":7.0,"key":"SMITH"},{"data":"Neutralize","floor":15.0,"key":"SMITH"}],"circlet_count":0,"master_deck":["AscendersBane","Strike_G","Defend_G","Defend_G","Defend_G","Defend_G","Survivor","Neutralize+1","Acrobatics","Well Laid Plans+1","Acrobatics","Poisoned Stab","Skewer","A Thousand Cuts","Underhanded Strike","Venomology"],"relics":["Ring of the Snake","aspiration:Nostalgia","PureWater","Nunchaku","Empty Cage"],"acts_visited":["Exordium","TheCity"],"potions_floor_usage":[18],"damage_taken":[{"damage":2.0,"enemies":"Cultist","floor":1.0,"turns":6.0},{"damage":2.0,"enemies":"2 Louse","floor":2.0,"turns":4.0},{"damage":2.0,"enemies":"Small Slimes","floor":3.0,"turns":6.0},{"damage":8.0,"enemies":"Blue Slaver","floor":8.0,"turns":4.0},{"damage":2.0,"enemies":"Exordium Wildlife","floor":10.0,"turns":4.0},{"damage":7.0,"enemies":"Exordium Thugs","floor":11.0,"turns":5.0},{"damage":5.0,"enemies":"Blue Slaver","floor":12.0,"turns":4.0},{"damage":0.0,"enemies":"2 Fungi Beasts","floor":13.0,"turns":4.0},{"damage":5.0,"enemies":"The Guardian","floor":16.0,"turns":14.0},{"damage":15,"enemies":"2 Thieves","floor":18,"turns":3}],"seed_played":"-5934338968163084137","potions_obtained":[{"floor":2.0,"key":"GamblersBrew"},{"floor":8.0,"key":"BlessingOfTheForge"},{"floor":10.0,"key":"Fire Potion"},{"floor":12.0,"key":"DuplicationPotion"}],"is_trial":false,"path_per_floor":["M","M","M","?","?","$","R","M","T","M","M","M","M","?","R","B",null,"M"],"character_chosen":"THE_SILENT","items_purchased":["Poisoned Stab"],"campfire_rested":0,"item_purchase_floors":[6],"current_hp_per_floor":[57,55,53,46,46,46,46,38,38,36,29,24,24,24,24,19,54,39,39],"gold":133,"neow_bonus":"NOSTALGIA","is_daily":false,"chose_seed":false,"campfire_upgraded":2,"win_rate":0.0,"timestamp":1613405824,"path_taken":["M","?","M","?","?","$","R","M","T","M","M","?","M","?","R","BOSS","M"],"items_purchased_type":["Card"],"build_version":"2020-12-22","purchased_purges":1,"victory":false,"max_hp_per_floor":[66,66,66,66,66,66,66,66,66,66,66,66,66,66,66,66,66,66,66],"card_choices":[{"not_picked":["Deflect","Masterful Stab"],"picked":"Acrobatics","floor":1.0},{"not_picked":["Endless Agony","Bane"],"picked":"Well Laid Plans","floor":2.0},{"not_picked":["Prepared","Well Laid Plans"],"picked":"Acrobatics","floor":3.0},{"not_picked":["Flying Knee","Deflect","Quick Slash"],"picked":"SKIP","floor":8.0},{"not_picked":["Backflip","Dodge and Roll"],"picked":"Skewer","floor":10.0},{"not_picked":["Accuracy","Dodge and Roll"],"picked":"A Thousand Cuts","floor":11.0},{"not_picked":["Cloak And Dagger","Caltrops"],"picked":"Underhanded Strike","floor":12.0},{"not_picked":["Outmaneuver","Endless Agony","Bane"],"picked":"SKIP","floor":13.0},{"not_picked":["Night Terror","Doppelganger"],"picked":"Venomology","floor":16.0}],"player_experience":1653345,"relics_obtained":[{"floor":9.0,"key":"Nunchaku"}],"event_choices":[{"cards_removed":["Strike_G"],"damage_healed":0.0,"max_hp_gain":0.0,"max_hp_loss":0.0,"gold_gain":0.0,"event_name":"Golden Wing","player_choice":"Card Removal","floor":4.0,"gold_loss":0.0,"damage_taken":7.0},{"cards_removed":["Defend_G"],"damage_healed":0.0,"max_hp_gain":0.0,"max_hp_loss":0.0,"gold_gain":0.0,"event_name":"Bonfire Elementals","player_choice":"Offered Basic","floor":5.0,"gold_loss":0.0,"damage_taken":0.0},{"damage_healed":0.0,"max_hp_gain":0.0,"max_hp_loss":0.0,"gold_gain":0.0,"event_name":"Dead Adventurer","player_choice":"Searched \u00270\u0027 times","floor":14.0,"gold_loss":0.0,"damage_taken":0.0}],"is_beta":false,"boss_relics":[{"not_picked":["SacredBark","SlaversCollar"],"picked":"Empty Cage"}],"items_purged_floors":[6],"is_endless":false,"potions_floor_spawned":[2,8,10,12],"killed_by":"2 Thieves","ascension_level":20}}