{"host":"6ulps5ednfgqn0to","time":1613409775,"event":{"mods":["AchievementEnabler","BaseMod","Colored Map","Highlight Path","Minty Spire (QoL Compilation)","Relic Sorter","Relic Stats","StSLib"],"gold_per_floor":[116,131,141,141,141,179,179,198,198,41,41,41,74,97,97,222,222,245,264,283,317,332,332,345,381,381,381,381,381,397,522,522,648,648,666,395,410,685,709,433,467,480,530,530,571,595,615,656,656,656],"floor_reached":51,"language":"ENG","playtime":5232,"items_purged":["Regret"],"score":819,"play_id":"02ee5fa2-4228-4336-b479-e065046525d8","local_time":"20210215192255","is_ascension_mode":false,"campfire_choices":[{"data":"Crippling Poison","floor":7,"key":"SMITH"},{"data":"Neutralize","floor":11,"key":"SMITH"},{"data":"Deadly Poison","floor":15,"key":"SMITH"},{"data":"Well Laid Plans","floor":23,"key":"SMITH"},{"data":"Prepared","floor":27,"key":"SMITH"},{"data":"Night Terror","floor":29,"key":"SMITH"},{"data":"Burst","floor":32,"key":"SMITH"},{"data":"Footwork","floor":44,"key":"SMITH"},{"floor":49,"key":"REST"}],"circlet_count":0,"master_deck":["Strike_G","Strike_G","Strike_G","Strike_G","Strike_G","Defend_G","Defend_G","Defend_G","Defend_G","Defend_G","Survivor","Neutralize+1","Bullet Time","Well Laid Plans+1","Crippling Poison+1","Deadly Poison+1","Deadly Poison","Noxious Fumes","Burst+1","Calculated Gamble","After Image","Night Terror+1","Poisoned Stab","Well Laid Plans","Dash+1","Backstab","Prepared+1","Deadly Poison+1","Bane","Dagger Throw","Catalyst","Dodge and Roll+1","Acrobatics","Footwork+1","Dash+1","Caltrops","Choke+1","Finisher+1","Choke+1"],"relics":["Ring of the Snake","Meat on the Bone","Golden Idol","Ginger","Tingsha","Lizard Tail","Busted Crown","Red Mask","Bag of Marbles","Letter Opener","Thread and Needle","Ninja Scroll","HoveringKite","Lantern","Orrery","Toxic Egg 2","Anchor","Gremlin Horn","MealTicket"],"acts_visited":["Exordium","TheCity","TheBeyond"],"potions_floor_usage":[16,22,22,50,50],"damage_taken":[{"damage":0,"enemies":"Jaw Worm","floor":1,"turns":3},{"damage":5,"enemies":"Small Slimes","floor":2,"turns":3},{"damage":3,"enemies":"2 Louse","floor":3,"turns":3},{"damage":22,"enemies":"3 Sentries","floor":6,"turns":12},{"damage":4,"enemies":"2 Fungi Beasts","floor":8,"turns":4},{"damage":22,"enemies":"Gremlin Nob","floor":13,"turns":4},{"damage":2,"enemies":"Looter","floor":14,"turns":3},{"damage":3,"enemies":"The Guardian","floor":16,"turns":7},{"damage":8,"enemies":"Shell Parasite","floor":18,"turns":5},{"damage":1,"enemies":"Chosen","floor":19,"turns":4},{"damage":9,"enemies":"3 Cultists","floor":20,"turns":5},{"damage":48,"enemies":"Masked Bandits","floor":21,"turns":5},{"damage":11,"enemies":"Snake Plant","floor":22,"turns":4},{"damage":0,"enemies":"Snecko","floor":24,"turns":4},{"damage":27,"enemies":"Slavers","floor":25,"turns":5},{"damage":1,"enemies":"Cultist and Chosen","floor":30,"turns":4},{"damage":17,"enemies":"Colosseum Slavers","floor":31,"turns":3},{"damage":10,"enemies":"Colosseum Nobs","floor":31,"turns":3},{"damage":51,"enemies":"Collector","floor":33,"turns":7},{"damage":0,"enemies":"Orb Walker","floor":35,"turns":3},{"damage":33,"enemies":"3 Darklings","floor":37,"turns":7},{"damage":0,"enemies":"Jaw Worm Horde","floor":39,"turns":4},{"damage":32,"enemies":"Giant Head","floor":41,"turns":10},{"damage":0,"enemies":"4 Shapes","floor":42,"turns":2},{"damage":10,"enemies":"Nemesis","floor":45,"turns":5},{"damage":1,"enemies":"Spire Growth","floor":46,"turns":4},{"damage":0,"enemies":"Jaw Worm Horde","floor":47,"turns":3},{"damage":0,"enemies":"Reptomancer","floor":48,"turns":5},{"damage":19,"enemies":"Time Eater","floor":50,"turns":5}],"seed_played":"2497051233194396556","potions_obtained":[{"floor":3,"key":"FairyPotion"},{"floor":8,"key":"Poison Potion"},{"floor":14,"key":"Poison Potion"},{"floor":16,"key":"EntropicBrew"},{"floor":21,"key":"SkillPotion"},{"floor":22,"key":"BlessingOfTheForge"},{"floor":39,"key":"Regen Potion"}],"is_trial":false,"path_per_floor":["M","M","M","?","?","E","R","M","T","$","R","$","E","M","R","B",null,"M","M","M","?","M","R","M","E","T","R","?","R","M","?","R","B",null,"M","$","M","?","M","$","E","M","T","R","E","M","M","E","R","B",null],"character_chosen":"THE_SILENT","items_purchased":["Burst","Lantern","Dagger Throw","Catalyst","Acrobatics","Orrery"],"campfire_rested":1,"item_purchase_floors":[10,36,36,36,40,40],"current_hp_per_floor":[70,65,62,55,55,33,33,41,41,41,41,41,31,41,41,38,65,57,56,47,31,32,32,44,29,29,29,29,29,40,37,37,44,65,65,65,44,44,44,44,24,36,36,36,38,37,37,37,56,52],"gold":656,"neow_bonus":"ONE_RANDOM_RARE_CARD","is_daily":false,"chose_seed":false,"campfire_upgraded":8,"win_rate":0.0,"timestamp":1613409775,"path_taken":["M","M","M","?","?","E","R","M","T","$","R","$","E","M","R","BOSS","M","M","M","?","M","R","M","E","T","R","?","R","M","?","R","BOSS","M","$","M","?","M","$","E","M","T","R","E","M","?","E","R","BOSS"],"items_purchased_type":["Card","Relic","Card","Card","Card","Relic"],"build_version":"2020-12-22","purchased_purges":1,"victory":true,"max_hp_per_floor":[70,70,70,70,65,65,65,65,65,65,65,65,65,65,65,65,65,65,65,65,65,65,65,65,65,65,65,65,65,65,65,65,65,65,65,65,65,65,65,65,65,65,65,65,65,65,65,65,65,65],"relic_stats":{"Gremlin Horn":[5,6],"counters":[29,136],"Golden Idol":206,"HoveringKite":[22],"Tingsha":[246],"Ginger":[21],"Letter Opener":[243],"Lizard Tail":32,"Busted Crown":48,"MealTicket":0,"obtain_stats":[{"Lantern":36,"Gremlin Horn":45,"Golden Idol":5,"HoveringKite":34,"Tingsha":9,"Thread and Needle":31,"Ginger":6,"Letter Opener":26,"Lizard Tail":13,"Anchor":43,"Busted Crown":17,"Ninja Scroll":31,"Orrery":40,"MealTicket":48,"Red Mask":21,"Bag of Marbles":25,"Toxic Egg 2":41,"Ring of the Snake":0,"Meat on the Bone":4},{"Lantern":20,"Gremlin Horn":25,"Golden Idol":3,"HoveringKite":19,"Tingsha":5,"Thread and Needle":18,"Ginger":4,"Letter Opener":15,"Lizard Tail":6,"Anchor":24,"Busted Crown":8,"Ninja Scroll":18,"Orrery":22,"MealTicket":28,"Red Mask":12,"Bag of Marbles":15,"Toxic Egg 2":23,"Ring of the Snake":0,"Meat on the Bone":3},{"Lantern":91,"Gremlin Horn":119,"Golden Idol":9,"HoveringKite":88,"Tingsha":25,"Thread and Needle":81,"Ginger":21,"Letter Opener":71,"Lizard Tail":29,"Anchor":114,"Busted Crown":39,"Ninja Scroll":81,"Orrery":102,"MealTicket":131,"Red Mask":58,"Bag of Marbles":71,"Toxic Egg 2":112,"Ring of the Snake":0,"Meat on the Bone":9}],"Ring of the Snake":[58],"Meat on the Bone":180},"card_choices":[{"not_picked":["Poisoned Stab","Sucker Punch"],"picked":"Well Laid Plans","floor":1},{"not_picked":["Dagger Throw","Bane"],"picked":"Crippling Poison","floor":2},{"not_picked":["Well Laid Plans","Dash"],"picked":"Deadly Poison","floor":3},{"not_picked":["PiercingWail","Terror"],"picked":"Deadly Poison","floor":6},{"not_picked":["Escape Plan","Underhanded Strike"],"picked":"Noxious Fumes","floor":8},{"not_picked":["Flying Knee","Poisoned Stab"],"picked":"Calculated Gamble","floor":13},{"not_picked":["Crippling Poison","Expertise"],"picked":"After Image","floor":14},{"not_picked":["Bullet Time","After Image"],"picked":"Night Terror","floor":16},{"not_picked":["Endless Agony"],"picked":"SKIP","floor":18},{"not_picked":[],"picked":"Poisoned Stab","floor":19},{"not_picked":[],"picked":"Well Laid Plans","floor":20},{"not_picked":[],"picked":"Dash+1","floor":21},{"not_picked":[],"picked":"Backstab","floor":22},{"not_picked":[],"picked":"Prepared","floor":24},{"not_picked":[],"picked":"Deadly Poison+1","floor":25},{"not_picked":["Outmaneuver"],"picked":"SKIP","floor":30},{"not_picked":["Slice+1"],"picked":"SKIP","floor":35},{"not_picked":["Outmaneuver+1"],"picked":"SKIP","floor":37},{"not_picked":[],"picked":"Dodge and Roll+1","floor":39},{"not_picked":[],"picked":"Footwork","floor":40},{"not_picked":[],"picked":"Dash+1","floor":40},{"not_picked":[],"picked":"Caltrops","floor":40},{"not_picked":["Endless Agony+1"],"picked":"SKIP","floor":41},{"not_picked":["Endless Agony"],"picked":"SKIP","floor":42},{"not_picked":[],"picked":"Choke+1","floor":45},{"not_picked":["Endless Agony+1"],"picked":"SKIP","floor":46},{"not_picked":[],"picked":"Finisher+1","floor":47},{"not_picked":[],"picked":"Choke+1","floor":48}],"player_experience":25165,"relics_obtained":[{"floor":6,"key":"Ginger"},{"floor":9,"key":"Tingsha"},{"floor":13,"key":"Lizard Tail"},{"floor":21,"key":"Red Mask"},{"floor":25,"key":"Bag of Marbles"},{"floor":26,"key":"Letter Opener"},{"floor":31,"key":"Thread and Needle"},{"floor":31,"key":"Ninja Scroll"},{"floor":41,"key":"Toxic Egg 2"},{"floor":43,"key":"Anchor"},{"floor":45,"key":"Gremlin Horn"},{"floor":48,"key":"MealTicket"}],"event_choices":[{"damage_healed":0,"gold_gain":0,"player_choice":"Success","damage_taken":7,"relics_obtained":["Meat on the Bone"],"max_hp_gain":0,"max_hp_loss":0,"event_name":"Scrap Ooze","floor":4,"gold_loss":0},{"damage_healed":0,"gold_gain":0,"player_choice":"Lose Max HP","damage_taken":0,"relics_obtained":["Golden Idol"],"max_hp_gain":0,"max_hp_loss":5,"event_name":"Golden Idol","floor":5,"gold_loss":0},{"damage_healed":0,"gold_gain":0,"player_choice":"Fought Bandits","damage_taken":0,"max_hp_gain":0,"max_hp_loss":0,"event_name":"Masked Bandits","floor":21,"gold_loss":0},{"damage_healed":0,"gold_gain":0,"player_choice":"Read","damage_taken":0,"max_hp_gain":0,"max_hp_loss":0,"event_name":"The Library","floor":28,"gold_loss":0,"cards_obtained":["Bane"]},{"damage_healed":0,"gold_gain":0,"player_choice":"Fight","damage_taken":0,"max_hp_gain":0,"max_hp_loss":0,"event_name":"Colosseum","floor":31,"gold_loss":0},{"damage_healed":0,"gold_gain":0,"player_choice":"Fought Nobs","damage_taken":0,"max_hp_gain":0,"max_hp_loss":0,"event_name":"Colosseum","floor":31,"gold_loss":0},{"damage_healed":0,"gold_gain":275,"player_choice":"Desecrate","damage_taken":0,"max_hp_gain":0,"max_hp_loss":0,"event_name":"Golden Shrine","floor":38,"gold_loss":0,"cards_obtained":["Regret"]}],"is_beta":false,"boss_relics":[{"not_picked":["Tiny House","Velvet Choker"],"picked":"Busted Crown"},{"not_picked":["Sozu","Calling Bell"],"picked":"HoveringKite"}],"items_purged_floors":[40],"is_endless":false,"potions_floor_spawned":[3,8,14,16,18,21,22,24,30,37,39,47,48],"ascension_level":0}}