{"host":"5y2vm16xfq9gfmb2","time":1613372931,"event":{"mods":["AchievementEnabler","BaseMod","Better Third Choice","Colored Map","Colored Powertips","DeckTracker","Friendly Minions","Marisa????????","Minty Spire (QoL Compilation)","Rare Cards Sparkle","Relic Stats","StSLib","The Alterego","The Animator","The Marked","The Servant 0.9.4","Yohane!"],"gold_per_floor":[111,76,76,94,110,110,138,138,138,138,149,163,181,14,14,111,111,125,135,62,73,73,98,98,108,108,123,123,143,161,171,171,272,272,284,303,303,0,10,10,25,25,25,25,35,35,35,51,51,51,51,51,9,9,9],"floor_reached":54,"language":"ENG","playtime":3399,"items_purged":[],"score":665,"play_id":"674fd11e-9c9e-407c-bdcf-c32780890eaf","local_time":"20210215020851","is_ascension_mode":false,"campfire_choices":[{"floor":6.0,"key":"RECALL"},{"data":"Wireheading","floor":8.0,"key":"SMITH"},{"data":"SpiritShield","floor":10.0,"key":"SMITH"},{"data":"ForeignInfluence","floor":15.0,"key":"SMITH"},{"data":"ConjureBlade","floor":24.0,"key":"SMITH"},{"floor":28.0,"key":"REST"},{"floor":32,"key":"REST"},{"data":"DevaForm","floor":40,"key":"SMITH"},{"floor":42,"key":"REST"},{"floor":44,"key":"REST"},{"data":"DeusExMachina","floor":46,"key":"SMITH"},{"floor":49,"key":"REST"},{"data":"ConjureBlade","floor":52,"key":"SMITH"}],"circlet_count":0,"master_deck":["Strike_P","Strike_P","Strike_P","Defend_P","Defend_P","Eruption","Vigilance","SpiritShield+1","EmptyFist","Prostrate","Wireheading+1","CarveReality","ForeignInfluence+1","Prostrate","CutThroughFate","Panache","ConjureBlade+1","CurseOfTheBell","SashWhip","Evaluate+1","ReachHeaven","RitualDagger","Protect","Nirvana+1","FlurryOfBlows","ConjureBlade+1","DeceiveReality","Protect","DevaForm+1","Decay","DevaForm+1","JustLucky+1","Weave+1","ClearTheMind+1","ForeignInfluence","Bandage Up","Wallop","EmptyBody+1","DeusExMachina+1","Study","LikeWater"],"relics":["PureWater","WarpedTongs","HornCleat","Lizard Tail","Calling Bell","Nunchaku","Pear","Du-Vu Doll","Gambling Chip","Astrolabe","Membership Card","Omamori","Meat on the Bone","Boot"],"acts_visited":["Exordium","TheCity","TheBeyond","TheEnding"],"potions_floor_usage":[31,41,41,50,54],"damage_taken":[{"damage":0.0,"enemies":"Cultist","floor":1.0,"turns":3.0},{"damage":3.0,"enemies":"2 Louse","floor":4.0,"turns":2.0},{"damage":0.0,"enemies":"Jaw Worm","floor":5.0,"turns":1.0},{"damage":8.0,"enemies":"Lagavulin","floor":7.0,"turns":6.0},{"damage":10.0,"enemies":"Large Slime","floor":11.0,"turns":5.0},{"damage":5.0,"enemies":"Red Slaver","floor":12.0,"turns":3.0},{"damage":3.0,"enemies":"3 Louse","floor":13.0,"turns":4.0},{"damage":19.0,"enemies":"Slime Boss","floor":16.0,"turns":6.0},{"damage":4.0,"enemies":"Chosen","floor":18.0,"turns":4.0},{"damage":12.0,"enemies":"Shell Parasite","floor":19.0,"turns":6.0},{"damage":0.0,"enemies":"3 Cultists","floor":21.0,"turns":3.0},{"damage":19.0,"enemies":"Gremlin Leader","floor":23.0,"turns":6.0},{"damage":12.0,"enemies":"Snake Plant","floor":25.0,"turns":4.0},{"damage":2.0,"enemies":"Chosen and Byrds","floor":27.0,"turns":3.0},{"damage":3.0,"enemies":"Snecko","floor":29.0,"turns":4.0},{"damage":15.0,"enemies":"Shelled Parasite and Fungi","floor":30.0,"turns":5.0},{"damage":9,"enemies":"3 Cultists","floor":31,"turns":4},{"damage":27,"enemies":"Champ","floor":33,"turns":10},{"damage":9,"enemies":"Orb Walker","floor":35,"turns":5},{"damage":6,"enemies":"3 Shapes","floor":36,"turns":2},{"damage":11,"enemies":"Writhing Mass","floor":39,"turns":6},{"damage":27,"enemies":"Transient","floor":41,"turns":5},{"damage":5,"enemies":"4 Shapes","floor":45,"turns":3},{"damage":20,"enemies":"Sphere and 2 Shapes","floor":48,"turns":4},{"damage":120,"enemies":"Time Eater","floor":50,"turns":11},{"damage":107,"enemies":"Shield and Spear","floor":54,"turns":6}],"seed_played":"-7450916708624779620","potions_obtained":[{"floor":1.0,"key":"PowerPotion"},{"floor":11.0,"key":"LiquidMemories"},{"floor":12.0,"key":"FearPotion"},{"floor":19.0,"key":"SkillPotion"},{"floor":21.0,"key":"ColorlessPotion"},{"floor":30.0,"key":"Block Potion"},{"floor":31,"key":"Block Potion"},{"floor":36,"key":"SteroidPotion"},{"floor":39,"key":"Energy Potion"},{"floor":48,"key":"Explosive Potion"}],"is_trial":false,"path_per_floor":["M","?","?","M","M","R","E","R","T","R","M","M","M","$","R","B",null,"M","M","$","M","?","E","R","M","T","M","R","M","M","M","R","B",null,"M","M","?","$","M","R","M","R","T","R","M","R","?","M","R","B",null,"R","$","E"],"character_chosen":"WATCHER","items_purchased":["Panache","ReachHeaven","Membership Card","Bandage Up","Wallop","Omamori","LikeWater","Fire Potion"],"campfire_rested":5,"item_purchase_floors":[14,20,38,38,38,38,53,53],"current_hp_per_floor":[51,69,69,66,66,66,58,58,58,58,48,43,40,40,40,21,82,82,70,70,70,64,45,45,33,33,31,55,52,37,28,52,25,82,73,67,67,67,60,60,33,57,57,81,77,77,77,61,82,18,82,82,82,0,0],"gold":9,"neow_bonus":"THREE_RARE_CARDS","is_daily":false,"chose_seed":false,"campfire_upgraded":7,"win_rate":0.0,"timestamp":1613372931,"path_taken":["M","?","?","?","M","R","E","R","T","R","M","?","M","$","R","BOSS","M","M","$","M","?","E","R","M","T","M","R","M","M","M","R","BOSS","M","M","?","$","?","R","M","R","T","R","M","R","?","M","R","BOSS","R","$","E"],"items_purchased_type":["Card","Card","Relic","Card","Card","Relic","Card","Potion"],"build_version":"2020-12-22","purchased_purges":0,"victory":false,"max_hp_per_floor":[72,72,72,72,72,72,72,72,72,72,72,72,72,72,72,72,82,82,82,82,82,82,82,82,82,82,82,82,82,82,82,82,82,82,82,82,82,82,82,82,82,82,82,82,82,82,82,82,82,82,82,82,82,82,82],"relic_stats":{"Lizard Tail":41,"Nunchaku":[17],"counters":[26,121],"Gambling Chip":[37],"Astrolabe":["Decay","DevaForm","JustLucky"],"Boot":[4],"obtain_stats":[{"Pear":17,"Astrolabe":34,"Omamori":38,"Boot":47,"WarpedTongs":3,"Calling Bell":17,"Du-Vu Doll":17,"Lizard Tail":9,"Nunchaku":17,"HornCleat":7,"Gambling Chip":23,"Membership Card":38,"PureWater":0,"Meat on the Bone":43},{"Pear":8,"Astrolabe":18,"Omamori":20,"Boot":23,"WarpedTongs":1,"Calling Bell":8,"Du-Vu Doll":8,"Lizard Tail":4,"Nunchaku":8,"HornCleat":4,"Gambling Chip":12,"Membership Card":20,"PureWater":0,"Meat on the Bone":22},{"Pear":30,"Astrolabe":79,"Omamori":86,"Boot":100,"WarpedTongs":3,"Calling Bell":30,"Du-Vu Doll":30,"Lizard Tail":12,"Nunchaku":30,"HornCleat":12,"Gambling Chip":49,"Membership Card":86,"PureWater":0,"Meat on the Bone":97}],"WarpedTongs":[118],"Meat on the Bone":12},"card_choices":[{"not_picked":["Establishment","Scrawl"],"picked":"SpiritShield","floor":0.0},{"not_picked":["Sanctity","Evaluate"],"picked":"EmptyFist","floor":1.0},{"not_picked":["Meditate","CrushJoints"],"picked":"Prostrate","floor":4.0},{"not_picked":["BowlingBash","MentalFortress"],"picked":"Wireheading","floor":5.0},{"not_picked":["LessonLearned","SashWhip"],"picked":"CarveReality","floor":7.0},{"not_picked":["ThirdEye","Perseverance"],"picked":"ForeignInfluence","floor":11.0},{"not_picked":["Sanctity","FlurryOfBlows"],"picked":"Prostrate","floor":12.0},{"not_picked":["WreathOfFlame","EmptyMind"],"picked":"CutThroughFate","floor":13.0},{"not_picked":["Establishment","Blasphemy"],"picked":"ConjureBlade","floor":16.0},{"not_picked":["Fasting2","Tantrum"],"picked":"SashWhip","floor":18.0},{"not_picked":["EmptyFist","Collect+1"],"picked":"Evaluate+1","floor":19.0},{"not_picked":["WaveOfTheHand+1","Evaluate","Consecrate"],"picked":"SKIP","floor":21.0},{"not_picked":["Collect","CrushJoints"],"picked":"Protect","floor":23.0},{"not_picked":["ClearTheMind","InnerPeace"],"picked":"Nirvana+1","floor":25.0},{"not_picked":["FlyingSleeves+1","Nirvana"],"picked":"FlurryOfBlows","floor":27.0},{"not_picked":["Conclude+1","Indignation"],"picked":"ConjureBlade","floor":29.0},{"not_picked":["Sanctity+1","Consecrate+1"],"picked":"DeceiveReality","floor":30.0},{"not_picked":["Adaptation","FollowUp"],"picked":"Protect","floor":31},{"not_picked":["LessonLearned","DeusExMachina"],"picked":"DevaForm","floor":33},{"not_picked":["Prostrate","CutThroughFate+1"],"picked":"Weave+1","floor":35},{"not_picked":["Protect","FlurryOfBlows"],"picked":"ClearTheMind+1","floor":36},{"not_picked":["ClearTheMind+1","CrushJoints+1"],"picked":"EmptyBody+1","floor":39},{"not_picked":["Tantrum","Halt","JustLucky"],"picked":"SKIP","floor":41},{"not_picked":["JustLucky","WheelKick"],"picked":"DeusExMachina","floor":45},{"not_picked":["Protect","InnerPeace"],"picked":"Study","floor":48}],"player_experience":111511,"relics_obtained":[{"floor":7.0,"key":"HornCleat"},{"floor":9.0,"key":"Lizard Tail"},{"floor":17.0,"key":"Nunchaku"},{"floor":17.0,"key":"Pear"},{"floor":17.0,"key":"Du-Vu Doll"},{"floor":23.0,"key":"Gambling Chip"},{"floor":43,"key":"Meat on the Bone"}],"event_choices":[{"damage_healed":18.0,"max_hp_gain":0.0,"max_hp_loss":0.0,"gold_gain":0.0,"event_name":"The Cleric","player_choice":"Healed","floor":2.0,"gold_loss":35.0,"damage_taken":0.0},{"damage_healed":0.0,"max_hp_gain":0.0,"max_hp_loss":0.0,"gold_gain":0.0,"event_name":"Accursed Blacksmith","player_choice":"Rummage","floor":3.0,"gold_loss":0.0,"damage_taken":0.0,"relics_obtained":["WarpedTongs"],"cards_obtained":["Pain"]},{"damage_healed":0.0,"max_hp_gain":0.0,"max_hp_loss":0.0,"gold_gain":0.0,"event_name":"betterThird:BetterNest","player_choice":"Dagger","floor":22.0,"gold_loss":0.0,"damage_taken":6.0,"cards_obtained":["RitualDagger"]},{"damage_healed":0,"gold_gain":0,"cards_transformed":["Strike_P"],"player_choice":"Transformed","damage_taken":0,"max_hp_gain":0,"max_hp_loss":0,"event_name":"Transmorgrifier","floor":37,"gold_loss":0,"cards_obtained":["ForeignInfluence"]},{"damage_healed":0,"gold_gain":0,"player_choice":"Gave Potion","damage_taken":0,"relics_obtained":["Boot"],"max_hp_gain":0,"max_hp_loss":0,"event_name":"WeMeetAgain","floor":47,"gold_loss":0}],"is_beta":false,"boss_relics":[{"not_picked":["Ectoplasm","SacredBark"],"picked":"Calling Bell"},{"not_picked":["Busted Crown","Velvet Choker"],"picked":"Astrolabe"}],"items_purged_floors":[],"is_endless":false,"potions_floor_spawned":[1,11,12,19,21,30,31,36,39,48],"killed_by":"Shield and Spear","ascension_level":0}}