{"host":"jksq986fwerfio60","time":1613378723,"event":{"mods":["BaseMod","Colored Map","Colored Powertips","Downfall","Hermit","Jorbs\u0027s Wanderer Trilogy","Marisa¡]Ãú«B¡@Å]²z¨F¡^","Minty Spire (QoL Compilation)","Replay The Spire","Shop Mod","StSLib","The Construct","UnlockEverythingMod"],"gold_per_floor":[99,162,162,162,175,175,175,175,175,191,290,303,49,149,163,264,264,264,279,279,279,296,309,333,344,344,358,368,379,389,131,141,236,236,236,246,128,178,178,178,201,226,226,226,255,255,255,269,269],"floor_reached":50,"language":"ZHS","playtime":5216,"items_purged":["Guardian:Defend_Guardian","Guardian:Strike_Guardian","Guardian:GuardianWhirl+1"],"score":790,"play_id":"026c51ff-8633-4753-ab02-ac8410a52bfd","local_time":"20210215164523","is_ascension_mode":false,"campfire_choices":[{"data":"Guardian:CurlUp","floor":1,"key":"SMITH"},{"floor":6,"key":"REST"},{"data":"Guardian:Harden","floor":9,"key":"SMITH"},{"data":"Guardian:Suspension","floor":18,"key":"SMITH"},{"data":"Guardian:SentryBeam","floor":26,"key":"SMITH"},{"data":"Guardian:SphericShield","floor":35,"key":"SMITH"},{"data":"Guardian:TemporalShield","floor":40,"key":"SMITH"},{"data":"Guardian:BodySlam","floor":43,"key":"SMITH"},{"floor":46,"key":"RECALL"}],"circlet_count":0,"master_deck":["Guardian:Defend_Guardian","Guardian:Defend_Guardian","Guardian:Defend_Guardian","Guardian:CurlUp+1","Guardian:TwinSlam","Guardian:PrimingBeam","Guardian:ChargeCore","Guardian:Harden+1","Guardian:Suspension+1","Guardian:ExploitGems","Guardian:SentryBeam+1","Guardian:Incinerate","Guardian:TemporalShield+1","Guardian:BronzeOrb+1","Guardian:Recover","Guardian:BodySlam+1","Guardian:Emergency","Guardian:TemporalStrike+1","Guardian:EvasiveProtocol","Guardian:TimeSifter","Guardian:SphericShield+1","Guardian:StasisField+1","Guardian:BodySlam+1","Guardian:TimeCapacitor","Guardian:ShieldCharger","Guardian:TemporalStrike+1","Guardian:BodySlam+1"],"relics":["Guardian:ModeShifter","Smiling Mask","Replay:Bottled Steam","Pondfish Scales","ClockworkSouvenir","Honey Jar","Lantern","Centennial Puzzle","Astrolabe","Ice Cream","Sundial","Pen Nib","downfall:TeleportStone"],"acts_visited":["Exordium","TheCity","TheBeyond"],"potions_floor_usage":[16,33,37,49,49,49],"damage_taken":[{"damage":55,"enemies":"Gremlin Nob","floor":2,"turns":7},{"damage":6,"enemies":"Jaw Worm","floor":5,"turns":4},{"damage":0,"enemies":"Cultist","floor":8,"turns":1},{"damage":0,"enemies":"2 Louse","floor":10,"turns":2},{"damage":17,"enemies":"Large Slime","floor":12,"turns":8},{"damage":8,"enemies":"downfall:FleeingMerchant","floor":13,"turns":4},{"damage":9,"enemies":"Exordium Wildlife","floor":15,"turns":4},{"damage":9,"enemies":"SI_SHIV_ARCHETYPE","floor":16,"turns":11},{"damage":0,"enemies":"Chosen","floor":19,"turns":5},{"damage":3,"enemies":"Shell Parasite","floor":22,"turns":7},{"damage":3,"enemies":"Centurion and Healer","floor":23,"turns":5},{"damage":17,"enemies":"Chosen and Byrds","floor":25,"turns":6},{"damage":7,"enemies":"Snecko","floor":27,"turns":5},{"damage":0,"enemies":"Cultist and Chosen","floor":28,"turns":7},{"damage":0,"enemies":"Chosen and Byrds","floor":29,"turns":6},{"damage":0,"enemies":"3 Cultists","floor":30,"turns":4},{"damage":0,"enemies":"downfall:FleeingMerchant","floor":31,"turns":4},{"damage":0,"enemies":"Shelled Parasite and Fungi","floor":32,"turns":4},{"damage":3,"enemies":"WA_ARCHETYPE_CALM","floor":33,"turns":8},{"damage":0,"enemies":"3 Darklings","floor":36,"turns":8},{"damage":0,"enemies":"downfall:FleeingMerchant","floor":37,"turns":4},{"damage":0,"enemies":"downfall:FleeingMerchant","floor":38,"turns":6},{"damage":0,"enemies":"Nemesis","floor":42,"turns":5},{"damage":3,"enemies":"Reptomancer","floor":45,"turns":3},{"damage":0,"enemies":"3 Shapes","floor":48,"turns":4},{"damage":0,"enemies":"IC_BLOCK_ARCHETYPE","floor":49,"turns":4}],"seed_played":"-7382213178637365500","potions_obtained":[{"floor":5,"key":"Doom Potion"},{"floor":12,"key":"Elixir"},{"floor":15,"key":"PowerPotion"},{"floor":19,"key":"Toxic Potion"},{"floor":23,"key":"champ:CounterPotion"},{"floor":27,"key":"SpeedPotion"},{"floor":28,"key":"LiquidMemories"},{"floor":30,"key":"Milkshake"},{"floor":36,"key":"Weak Potion"},{"floor":42,"key":"SteroidPotion"}],"is_trial":false,"path_per_floor":["R","?","?","T","M","R","T","M","R","M","?","M","$","?","M","B",null,"R_BF","M","?","?","M","M","T","M","R","M","M","M","M","$","M","B",null,"R","M","$","?","?","R","T","E","R","?","E","R","?","M","B",null],"character_chosen":"GUARDIAN","items_purchased":["Guardian:SentryBeam","ClockworkSouvenir","Guardian:EvasiveProtocol","Centennial Puzzle","Guardian:ShieldCharger"],"campfire_rested":1,"item_purchase_floors":[13,13,31,31,37],"current_hp_per_floor":[88,33,33,33,27,53,53,53,53,53,53,36,28,28,19,10,88,88,88,88,98,95,92,92,75,75,68,68,68,68,68,68,65,98,98,98,98,98,98,98,98,98,98,98,95,95,95,95,95],"gold":269,"neow_bonus":"TEN_PERCENT_HP_BONUS","is_daily":false,"chose_seed":false,"campfire_upgraded":7,"win_rate":0.0,"timestamp":1613378723,"path_taken":["R","?","?","?","M","R","T","?","R","?","?","M","$","?","M","BOSS","R_BF","M","?","?","?","M","T","M","R","M","M","M","?","$","M","BOSS","R","M","$","?","?","R","T","E","R","?","E","R","?","M","BOSS"],"items_purchased_type":["Card","Relic","Card","Relic","Card"],"build_version":"2020-12-22","purchased_purges":3,"victory":true,"max_hp_per_floor":[88,88,88,88,88,88,88,88,88,88,88,88,88,88,88,88,88,88,88,88,98,98,98,98,98,98,98,98,98,98,98,98,98,98,98,98,98,98,98,98,98,98,98,98,98,98,98,98,98],"card_choices":[{"not_picked":["Guardian:RollAttack","Guardian:Planning"],"picked":"Guardian:PrimingBeam","floor":2},{"not_picked":["Guardian:EvasiveProtocol","Guardian:Preprogram"],"picked":"Guardian:ChargeCore","floor":5},{"not_picked":["Guardian:ShieldCharger","Guardian:FloatingOrbs"],"picked":"Guardian:Harden","floor":8},{"not_picked":["Guardian:ShieldSpikes","Guardian:Incinerate"],"picked":"Guardian:Gem_Lightblue","floor":10},{"not_picked":["Guardian:VentSteam","Guardian:DonusPower"],"picked":"Guardian:Gem_Orange","floor":11},{"not_picked":["Guardian:RefractedBeam","Guardian:ChargeCore"],"picked":"Guardian:Suspension","floor":11},{"not_picked":["Guardian:DonusPower","Guardian:TemporalShield"],"picked":"Guardian:Gem_Green","floor":12},{"not_picked":["Guardian:Suspension","Guardian:Gem_Green"],"picked":"Guardian:ExploitGems","floor":13},{"not_picked":["Guardian:Gem_Green","Guardian:Recover"],"picked":"Guardian:Incinerate","floor":15},{"not_picked":["Guardian:SphericShield","Guardian:Gem_Orange"],"picked":"Guardian:ConstructionForm","floor":16},{"not_picked":["Guardian:VentSteam","Guardian:Reroute","Guardian:WalkerClaw"],"picked":"Guardian:Gem_Lightblue","floor":19},{"not_picked":["Guardian:Gem_Cyan","Guardian:PiercingHide","Guardian:Suspension"],"picked":"Guardian:Gem_Crimson","floor":22},{"not_picked":["Guardian:Repulse+1","Guardian:Incinerate","Guardian:RollAttack"],"picked":"Guardian:Gem_Cyan","floor":23},{"not_picked":["Guardian:Gem_Orange","Guardian:ShieldCharger+1","Guardian:GuardianWhirl"],"picked":"Guardian:TemporalShield","floor":25},{"not_picked":["Guardian:TemporalShield","Guardian:Harden","Guardian:WalkerClaw"],"picked":"Guardian:BronzeOrb+1","floor":27},{"not_picked":["Guardian:MultiBeam+1","Guardian:ChargeCore","Guardian:ShieldSpikes"],"picked":"Guardian:Recover","floor":28},{"not_picked":["Guardian:Planning","Guardian:ChargeCore","Guardian:Gem_Cyan"],"picked":"Guardian:BodySlam","floor":29},{"not_picked":["Guardian:VentSteam","Guardian:Planning+1","Guardian:WalkerClaw"],"picked":"Guardian:Emergency","floor":30},{"not_picked":["Guardian:RollAttack","Guardian:Gem_Green","Guardian:Gem_Lightblue"],"picked":"Guardian:TemporalStrike+1","floor":31},{"not_picked":["Guardian:Suspension","Guardian:VentSteam","Guardian:Preprogram"],"picked":"Guardian:TimeSifter","floor":32},{"not_picked":["Guardian:AncientConstruct","Guardian:FastForward","Guardian:BaubleBeam"],"picked":"Guardian:SphericShield","floor":33},{"not_picked":["Guardian:PrismaticBeam+1","Guardian:PrimingBeam+1","Guardian:TemporalStrike"],"picked":"Guardian:BodySlam+1","floor":36},{"not_picked":["Guardian:PiercingHide","Guardian:Repulse","Guardian:Gem_Fragmented"],"picked":"Guardian:TimeCapacitor","floor":37},{"not_picked":["Guardian:StasisField","Guardian:Reroute","Guardian:TimeCapacitor"],"picked":"Guardian:TemporalStrike+1","floor":42},{"not_picked":["Guardian:TemporalShield+1","Guardian:TemporalStrike","Guardian:ShieldCharger"],"picked":"Guardian:Gem_Red","floor":45},{"not_picked":["Guardian:Gem_Synthetic","Guardian:FloatingOrbs","Guardian:Planning"],"picked":"Guardian:BodySlam+1","floor":48}],"player_experience":13282,"relics_obtained":[{"floor":4,"key":"Replay:Bottled Steam"},{"floor":7,"key":"Pondfish Scales"},{"floor":24,"key":"Lantern"},{"floor":38,"key":"Ice Cream"},{"floor":42,"key":"Sundial"},{"floor":45,"key":"Pen Nib"}],"event_choices":[{"cards_removed":["Guardian:ConstructionForm"],"damage_healed":0,"gold_gain":0,"player_choice":"Offered Rare","damage_taken":0,"max_hp_gain":10,"max_hp_loss":0,"event_name":"Bonfire Elementals","floor":21,"gold_loss":0}],"is_beta":false,"boss_relics":[{"not_picked":["Fusion Hammer","Ring of Chaos"],"picked":"Honey Jar"},{"not_picked":["Kintsugi","Replay:Grab Bag"],"picked":"Astrolabe"}],"items_purged_floors":[13,31,37],"is_endless":false,"potions_floor_spawned":[5,12,15,19,23,27,28,30,36,42,48],"ascension_level":0}}