{"host":"Aki","time":1613405948,"event":{"mods":["ATMod(°¢èªMod)","Act Like it!","BaseMod","Custom Start","Minty Spire (QoL Compilation)","Quick Restart","Relic Stats","StSLib","noobMod"],"gold_per_floor":[119,119,44,54,73,102,121,149,173,198,198,228,228,243,243,345,345,345,295,295,295],"floor_reached":20,"language":"ZHS","playtime":659,"items_purged":["Defend_P","Defend_P"],"score":300,"play_id":"d5f4220c-da94-4090-b05f-2ea8dc09d575","local_time":"20210216001908","is_ascension_mode":true,"campfire_choices":[{"data":"WheelKick","floor":15,"key":"SMITH"},{"data":"DevaForm","floor":18,"key":"SMITH"}],"circlet_count":0,"master_deck":["Strike_P","Strike_P","Strike_P","Strike_P","Defend_P+1","Eruption+1","Vigilance+1","BowlingBash+1","CutThroughFate","WheelKick+1","DevaForm+1"],"relics":["PureWater","Bird Faced Urn","Blood Vial","Damaru","Whetstone","War Paint","Smiling Mask","Gremlin Horn","Snecko Eye"],"acts_visited":["TheEnding"],"potions_floor_usage":[16,16,20],"damage_taken":[{"damage":9.0,"enemies":"2 Louse","floor":1.0,"turns":3.0},{"damage":0.0,"enemies":"Cultist","floor":4.0,"turns":2.0},{"damage":0.0,"enemies":"Small Slimes","floor":5.0,"turns":1.0},{"damage":12.0,"enemies":"3 Sentries","floor":6.0,"turns":6.0},{"damage":0.0,"enemies":"2 Fungi Beasts","floor":7.0,"turns":2.0},{"damage":24.0,"enemies":"Lagavulin","floor":8.0,"turns":5.0},{"damage":0.0,"enemies":"Gremlin Nob","floor":10.0,"turns":2.0},{"damage":0,"enemies":"3 Sentries","floor":12,"turns":3},{"damage":0,"enemies":"Gremlin Gang","floor":14,"turns":1},{"damage":11,"enemies":"Hexaghost","floor":16,"turns":4},{"damage":42,"enemies":"Shield and Spear","floor":20,"turns":1}],"seed_played":"6420434501794216160","potions_obtained":[{"floor":1.0,"key":"Swift Potion"},{"floor":5.0,"key":"Regen Potion"},{"floor":7.0,"key":"Explosive Potion"},{"floor":10.0,"key":"Block Potion"},{"floor":13,"key":"EntropicBrew"},{"floor":13,"key":"FearPotion"},{"floor":13,"key":"SkillPotion"}],"is_trial":false,"path_per_floor":["M","?","$","M","M","E","M","E","T","E","?","E","?","M","R","B",null,"R","$","E"],"character_chosen":"WATCHER","items_purchased":[],"campfire_rested":0,"item_purchase_floors":[],"current_hp_per_floor":[42,42,42,42,42,44,46,24,24,26,19,21,21,23,23,14,72,72,72,30,30],"gold":295,"neow_bonus":"ONE_RARE_RELIC","is_daily":false,"chose_seed":false,"campfire_upgraded":2,"win_rate":0.0,"timestamp":1613405948,"path_taken":["M","?","?","M","M","E","M","E","T","E","?","E","?","?","R","BOSS","R","$","E"],"items_purchased_type":[],"build_version":"2020-12-18","purchased_purges":2,"victory":false,"max_hp_per_floor":[72,72,72,72,72,72,72,72,72,72,72,72,72,72,72,72,72,72,72,72,72],"relic_stats":{"Blood Vial":10,"Gremlin Horn":[3,3],"counters":[6,16],"Bird Faced Urn":[0],"Snecko Eye":[2,1,1,4],"Whetstone":["BowlingBash","Eruption"],"War Paint":["Defend_P","Vigilance"],"Smiling Mask":50,"obtain_stats":[{"Blood Vial":0,"Gremlin Horn":12,"Bird Faced Urn":0,"Damaru":8,"Snecko Eye":17,"Whetstone":9,"PureWater":0,"War Paint":10,"Smiling Mask":11},{"Blood Vial":0,"Gremlin Horn":3,"Bird Faced Urn":0,"Damaru":1,"Snecko Eye":5,"Whetstone":1,"PureWater":0,"War Paint":2,"Smiling Mask":2},{"Blood Vial":0,"Gremlin Horn":10,"Bird Faced Urn":0,"Damaru":5,"Snecko Eye":15,"Whetstone":5,"PureWater":0,"War Paint":7,"Smiling Mask":7}]},"card_choices":[{"not_picked":["ForeignInfluence","Consecrate","EmptyBody"],"picked":"SKIP","floor":1.0},{"not_picked":["Protect","JustLucky"],"picked":"BowlingBash","floor":4.0},{"not_picked":["Protect","EmptyFist"],"picked":"CutThroughFate","floor":5.0},{"not_picked":["EmptyBody","PathToVictory"],"picked":"WheelKick","floor":6.0},{"not_picked":["ThirdEye","JustLucky","Conclude"],"picked":"SKIP","floor":7.0},{"not_picked":["EmptyFist","EmptyBody","MasterReality"],"picked":"SKIP","floor":8.0},{"not_picked":["Study","AT_RealFormLess","Wireheading"],"picked":"SKIP","floor":10.0},{"not_picked":["FlyingSleeves","CutThroughFate","Meditate"],"picked":"SKIP","floor":12},{"not_picked":["FlyingSleeves","PathToVictory","Prostrate"],"picked":"SKIP","floor":14},{"not_picked":["Omniscience","Judgement"],"picked":"DevaForm","floor":16}],"player_experience":59740,"relics_obtained":[{"floor":6.0,"key":"Blood Vial"},{"floor":8.0,"key":"Damaru"},{"floor":9.0,"key":"Whetstone"},{"floor":10.0,"key":"War Paint"},{"floor":12,"key":"Gremlin Horn"}],"event_choices":[{"cards_removed":["Defend_P"],"damage_healed":0.0,"max_hp_gain":0.0,"max_hp_loss":0.0,"gold_gain":0.0,"event_name":"Purifier","player_choice":"Purged","floor":2.0,"gold_loss":0.0,"damage_taken":0.0},{"damage_healed":0.0,"max_hp_gain":0.0,"max_hp_loss":0.0,"gold_gain":0.0,"event_name":"Scrap Ooze","player_choice":"Success","floor":11.0,"gold_loss":0.0,"damage_taken":7.0,"relics_obtained":["Smiling Mask"]},{"damage_healed":0,"gold_gain":0,"player_choice":"Got Potions","damage_taken":0,"max_hp_gain":0,"max_hp_loss":0,"event_name":"Lab","floor":13,"gold_loss":0}],"is_beta":true,"boss_relics":[{"not_picked":["Fusion Hammer","Empty Cage"],"picked":"Snecko Eye"}],"items_purged_floors":[3,19],"is_endless":false,"potions_floor_spawned":[1,5,7,10],"killed_by":"Shield and Spear","ascension_level":4}}