{"host":"s5rx4s0wrrdn3no1","time":1613399280,"event":{"mods":["AchievementEnabler","Aspiration","BaseMod","BetterRewards","Challenge The Spire","Colored Powertips","Conspire","GungeonMod","Hermit","Hubris","Infinite Spire","Minty Spire (QoL Compilation)","Quick Restart","Replay The Spire","Shade Mod","Spikes Relics","StSLib","The Death Knight","[IsaacMod]????"],"gold_per_floor":[116,66,98,109,109,158,182,28,28,54,77,77,102,102,102,230,230,290,290,335,335,425,486,486,520,520,520,610,668,743,743],"floor_reached":30,"language":"ENG","playtime":1572,"items_purged":[],"score":274,"play_id":"49ba168e-d3dc-4c00-acae-d86d649490a1","local_time":"20210215092800","is_ascension_mode":false,"campfire_choices":[{"floor":12,"key":"REST"},{"floor":15,"key":"REST"},{"floor":24,"key":"REST"},{"data":"DemoMod:AbyssalTentacle","floor":27,"key":"SMITH"}],"circlet_count":0,"master_deck":["DemoMod:Strike_Huntress","DemoMod:Strike_Huntress","DemoMod:Strike_Huntress","DemoMod:Defend_Huntress","DemoMod:Defend_Huntress","DemoMod:Defend_Huntress","DemoMod:Defend_Huntress","DemoMod:Roll","DemoMod:ManualReload","DemoMod:CrossBow","DemoMod:HungryBullets","conspire:SpireCoStock","DemoMod:StickyCrossBow","DemoMod:EasyReloadBullets+1","DemoMod:BoxingGlove","DemoMod:TableSutra+1","DemoMod:GunslingerForm+1","DemoMod:AbyssalTentacle+1","DemoMod:HuntsMan","Spreading Infection","DemoMod:HungryBullets+1","DemoMod:TableSutra+1","DemoMod:ShadowBullets+1","DemoMod:Polaris+1","DemoMod:ShadowBullets+1"],"relics":["DemoMod:Dog","HushsDoor","Leech","NeowsBlessing","hubris:Towel","Frozen Egg 2","DemoMod:PinkGuonStone","Singing Bowl","DemoMod:Metronome","hubris:Backtick","SalivaCoin","Ring of Panic","ReplayTheSpireMod:Ring of Exchange","Juzu Bracelet","SpikesRelics:DaevaFist"],"acts_visited":["Exordium","TheCity","TheCity"],"potions_floor_usage":[16,23,25,29,30],"damage_taken":[{"damage":0,"enemies":"Small Slimes","floor":1,"turns":1},{"damage":0,"enemies":"conspire:RoseBush","floor":3,"turns":1},{"damage":0,"enemies":"Jaw Worm","floor":4,"turns":1},{"damage":44,"enemies":"3 Sentries","floor":6,"turns":9},{"damage":11,"enemies":"3 Louse","floor":7,"turns":5},{"damage":12,"enemies":"Exordium Thugs","floor":10,"turns":5},{"damage":11,"enemies":"Large Slime","floor":11,"turns":9},{"damage":11,"enemies":"Looter","floor":13,"turns":3},{"damage":24,"enemies":"The Guardian","floor":16,"turns":14},{"damage":16,"enemies":"Chosen","floor":18,"turns":6},{"damage":10,"enemies":"conspire:FuzzyDice","floor":20,"turns":6},{"damage":37,"enemies":"3 Cultists","floor":22,"turns":6},{"damage":27,"enemies":"conspire:SneckoGhost","floor":23,"turns":7},{"damage":1,"enemies":"conspire:Head Lice","floor":25,"turns":5},{"damage":28,"enemies":"DemoMod:Red_and_blue_shotgun_kin","floor":28,"turns":4},{"damage":29,"enemies":"DemoMod:Veteran_shot_gun_kin_and_bullet_kin","floor":29,"turns":3},{"damage":31,"enemies":"DemoMod:Veteran_shot_gun_kin_and_red_shotgun_kin_with_gunsinger","floor":30,"turns":3}],"seed_played":"4019356757342340706","potions_obtained":[{"floor":3,"key":"Explosive Potion"},{"floor":6,"key":"DeathKnight:RimePotion"},{"floor":7,"key":"Dexterity Potion"},{"floor":16,"key":"BlessingOfTheForge"},{"floor":23,"key":"DemoMod:LeadSkinPotion"},{"floor":29,"key":"Regen Potion"}],"is_trial":false,"path_per_floor":["M","?","M","M","?","E","M","$","T","M","M","R","M","T","R","B",null,"M","?","M","?","M","E","R","E","T","R","M","M","M"],"character_chosen":"HUNTRESS","items_purchased":["DemoMod:GnawedKey","DemoMod:EasyReloadBullets+1"],"campfire_rested":3,"item_purchase_floors":[8,8],"current_hp_per_floor":[70,70,70,70,70,31,24,24,31,24,19,42,33,33,56,38,77,65,65,61,61,29,10,33,36,79,79,53,26,0,0],"gold":743,"neow_bonus":"THREE_ENEMY_KILL","is_daily":false,"chose_seed":false,"campfire_upgraded":1,"win_rate":0.0,"timestamp":1613399280,"path_taken":["M","?","M","M","?","E","M","$","T","M","?","R","M","?","R","BOSS","M","?","?","?","M","E","R","E","T","R","M","M","M"],"items_purchased_type":["Relic","Card"],"build_version":"2020-12-22","purchased_purges":0,"victory":false,"max_hp_per_floor":[70,70,70,70,70,70,70,70,77,77,77,77,77,77,77,77,77,77,77,77,77,77,79,79,79,79,79,79,79,79,79],"card_choices":[{"not_picked":["DemoMod:FastSwitch","DemoMod:DirectionalPad"],"picked":"DemoMod:HungryBullets","floor":1},{"not_picked":["DemoMod:TableSutra","Bomb"],"picked":"DemoMod:Purify","floor":3},{"not_picked":["DemoMod:TeaPot","DemoMod:Unity"],"picked":"DemoMod:StickyCrossBow","floor":4},{"not_picked":["DemoMod:FeignSurrender","DemoMod:AbyssalTentacle"],"picked":"DemoMod:DirectionalPad","floor":6},{"not_picked":["DemoMod:GunstockTap","DemoMod:ConditionalReflex","DemoMod:JK47"],"picked":"SKIP","floor":7},{"not_picked":["DemoMod:HardPowerCard","DemoMod:Purify","DemoMod:FortunesFavor"],"picked":"SKIP","floor":10},{"not_picked":["DemoMod:GunstockTap","DemoMod:TableSutra+1"],"picked":"DemoMod:BoxingGlove","floor":11},{"not_picked":["DemoMod:Desperate","DemoMod:HardPowerCard"],"picked":"DemoMod:TableSutra+1","floor":13},{"not_picked":["DemoMod:SuppressiveFire","DemoMod:DoubleVision"],"picked":"DemoMod:GunslingerForm+1","floor":16},{"not_picked":["DemoMod:StickyCrossBow","DemoMod:Ejector+1"],"picked":"DemoMod:AbyssalTentacle","floor":18},{"not_picked":["DemoMod:JK47+1","DemoMod:Unmoved+1"],"picked":"DemoMod:HuntsMan","floor":20},{"not_picked":["DemoMod:Unmoved+1","DemoMod:JK47"],"picked":"DemoMod:HungryBullets+1","floor":22},{"not_picked":["DemoMod:JK47+1","DemoMod:ConditionalReflex","DemoMod:BattleInHaste+1"],"picked":"Singing Bowl","floor":23},{"not_picked":["DemoMod:HardPowerCard","DemoMod:ConditionalReflex"],"picked":"DemoMod:TableSutra+1","floor":25},{"not_picked":["DemoMod:BattleInHaste","DemoMod:DirectionalPad+1"],"picked":"DemoMod:ShadowBullets+1","floor":25},{"not_picked":["DemoMod:PotionOfGunFriendShip","DemoMod:JK47+1"],"picked":"DemoMod:Polaris+1","floor":28},{"not_picked":["DemoMod:GunslingerForm+1","DemoMod:HardPowerCard"],"picked":"DemoMod:ShadowBullets+1","floor":29}],"player_experience":394070,"relics_obtained":[{"floor":6,"key":"Frozen Egg 2"},{"floor":9,"key":"DemoMod:PinkGuonStone"},{"floor":14,"key":"Singing Bowl"},{"floor":16,"key":"DemoMod:Metronome"},{"floor":21,"key":"Ring of Panic"},{"floor":21,"key":"ReplayTheSpireMod:Ring of Exchange"},{"floor":23,"key":"Juzu Bracelet"},{"floor":25,"key":"SpikesRelics:DaevaFist"}],"event_choices":[{"damage_healed":0,"gold_gain":0,"player_choice":"Invest 1","damage_taken":0,"max_hp_gain":0,"max_hp_loss":0,"event_name":"conspire:Investor","floor":2,"gold_loss":0}],"is_beta":false,"boss_relics":[{"not_picked":["infinitespire:Cupcake","Snecko Heart"],"picked":"hubris:Backtick"},{"not_picked":[]}],"items_purged_floors":[],"is_endless":false,"potions_floor_spawned":[3,6,7,16,20,22,23,29],"killed_by":"DemoMod:Veteran_shot_gun_kin_and_red_shotgun_kin_with_gunsinger","ascension_level":0}}