{"host":"epc8efk9vrywpcsw","time":1613404056,"event":{"mods":["BaseMod","Minty Spire (QoL Compilation)","Relic Stats","StSLib"],"gold_per_floor":[109,124,143,154,154,184,184,184,184],"floor_reached":8,"language":"ENG","playtime":257,"items_purged":[],"score":116,"play_id":"c9331038-965f-4bbe-8447-a16f31250590","local_time":"20210215164736","is_ascension_mode":true,"campfire_choices":[{"data":"Terror","floor":7,"key":"SMITH"}],"circlet_count":0,"master_deck":["AscendersBane","Strike_G","Strike_G","Strike_G","Strike_G","Strike_G","Defend_G","Defend_G","Defend_G","Defend_G","Defend_G","Survivor","Neutralize","Adrenaline","Backstab","Terror+1","Endless Agony"],"relics":["Ring of the Snake","Nunchaku"],"acts_visited":["Exordium"],"potions_floor_usage":[6],"damage_taken":[{"damage":4,"enemies":"Jaw Worm","floor":1,"turns":6},{"damage":0,"enemies":"2 Louse","floor":2,"turns":2},{"damage":0,"enemies":"Small Slimes","floor":3,"turns":3},{"damage":2,"enemies":"Red Slaver","floor":4,"turns":2},{"damage":26,"enemies":"Lagavulin","floor":6,"turns":9},{"damage":9,"enemies":"Gremlin Nob","floor":8,"turns":3}],"seed_played":"-2553942637265341419","potions_obtained":[{"floor":1,"key":"GhostInAJar"},{"floor":2,"key":"SmokeBomb"}],"is_trial":false,"path_per_floor":["M","M","M","M","$","E","R","E"],"character_chosen":"THE_SILENT","items_purchased":[],"campfire_rested":0,"item_purchase_floors":[],"current_hp_per_floor":[40,40,40,38,38,12,12,3,3],"gold":184,"neow_bonus":"THREE_RARE_CARDS","is_daily":false,"chose_seed":false,"campfire_upgraded":1,"win_rate":0.0,"timestamp":1613404056,"path_taken":["M","M","M","M","$","E","R","E"],"items_purchased_type":[],"build_version":"2020-12-22","purchased_purges":0,"victory":false,"max_hp_per_floor":[66,66,66,66,66,66,66,66,66],"relic_stats":{"Nunchaku":[1],"counters":[6,25],"obtain_stats":[{"Nunchaku":6,"Ring of the Snake":0},{"Nunchaku":5,"Ring of the Snake":0},{"Nunchaku":22,"Ring of the Snake":0}],"Ring of the Snake":[12]},"card_choices":[{"not_picked":["Unload","Night Terror"],"picked":"Adrenaline","floor":0},{"not_picked":["Poisoned Stab","Outmaneuver"],"picked":"Backstab","floor":1},{"not_picked":["Underhanded Strike","Eviscerate","Acrobatics"],"picked":"SKIP","floor":2},{"not_picked":["PiercingWail","Crippling Poison"],"picked":"Terror","floor":3},{"not_picked":["Accuracy","Distraction","Outmaneuver"],"picked":"SKIP","floor":4},{"not_picked":["Outmaneuver","Prepared"],"picked":"Endless Agony","floor":6}],"player_experience":532707,"relics_obtained":[{"floor":6,"key":"Nunchaku"}],"event_choices":[],"is_beta":false,"boss_relics":[],"items_purged_floors":[],"is_endless":false,"potions_floor_spawned":[1,2],"killed_by":"Gremlin Nob","ascension_level":20}}