{"host":"lehbxtjrpalkmwwj","time":1613389889,"event":{"mods":["ATMod(°¢èªMod)","Aspiration","BaseMod","Challenge The Spire","Colored Map","Colored Powertips","Conspire","Dota2Spire","Energized Spire","Hunter ÁÔÈË","Minty Spire (QoL Compilation)","Quick Restart","Relic Stats","Reliquary","Replay The Spire","Spicy Shops","StSLib","TestMod","The Cursed","The IronCluck","The Poker Player","Waifu the Spire","Wide Potions","[IsaacMod]ÒÔÈö¼âËþ","¡¾ÒÅÎï¿¨ÅÆ¡¿REMEMod","É³µñ²ÄÖÊ°ümod","óô»ðÖ¸ÄÏ"],"gold_per_floor":[114,99,146,156,7,0,0,0],"floor_reached":6,"language":"ZHS","playtime":178,"items_purged":[],"score":40,"play_id":"cd08402c-2584-48d4-a666-4eecf4c6bc57","local_time":"20210215195129","is_ascension_mode":true,"metric_token":1750,"campfire_choices":[],"circlet_count":0,"master_deck":["PokerPlayerMod:Diamond1","PokerPlayerMod:Diamond2","PokerPlayerMod:Diamond3","PokerPlayerMod:Diamond4","PokerPlayerMod:Diamond5","PokerPlayerMod:Spade1","PokerPlayerMod:Spade2","PokerPlayerMod:Spade3","PokerPlayerMod:Spade4","PokerPlayerMod:Club1","PokerPlayerMod:Club2","PokerPlayerMod:Heart2","PokerPlayerMod:TrumpStrike","PokerPlayerMod:BadJoker","PokerPlayerMod:Mulligan","EpicFetus","REME_CRH","AT_FamilyPortrait","PokerPlayerMod:Diamond4","PokerPlayerMod:ClubDance","PokerPlayerMod:Diamond5"],"relics":["PokerPlayerMod:DeckCase","HushsDoor","AT_ATBox","testmod-TestBox","REME_ComplimentaryCards","testmod-GoldenSoul","TuHaoJin","NeowsBlessing","Dota2Spire:HandOfMidas","testmod-Charity"],"acts_visited":["Exordium"],"potions_floor_usage":[],"damage_taken":[{"damage":0,"enemies":"Jaw Worm","floor":1,"turns":1},{"damage":0,"enemies":"Cultist","floor":3,"turns":1},{"damage":0,"enemies":"2 Louse","floor":4,"turns":1},{"damage":19,"enemies":"Lagavulin","floor":6,"turns":3}],"seed_played":"8084335446675789178","potions_obtained":[{"floor":1,"key":"EssenceOfSteel"}],"is_trial":false,"path_per_floor":["M","?","M","M","$","E"],"character_chosen":"THE_POKER_PLAYER","items_purchased":["testmod-Charity"],"campfire_rested":0,"item_purchase_floors":[5],"current_hp_per_floor":[13,13,13,13,13,0,0,0],"gold":0,"neow_bonus":"THREE_ENEMY_KILL","is_daily":false,"chose_seed":false,"campfire_upgraded":0,"win_rate":0.0,"timestamp":1613389889,"path_taken":["M","?","M","?","?","E"],"items_purchased_type":["Relic"],"build_version":"2020-12-22","purchased_purges":0,"victory":false,"max_hp_per_floor":[13,13,13,13,13,13,13,13],"relic_stats":{"counters":[4,6],"obtain_stats":[{"KeepersGift":0,"Dota2Spire:HandOfMidas":2,"PokerPlayerMod:DeckCase":0,"AT_ATBox":0,"testmod-TestBox":0,"NeowsBlessing":0,"testmod-GoldenSoul":0,"TuHaoJin":0,"HushsDoor":0,"testmod-Charity":5,"REME_ComplimentaryCards":0},{"KeepersGift":0,"Dota2Spire:HandOfMidas":1,"PokerPlayerMod:DeckCase":0,"AT_ATBox":0,"testmod-TestBox":0,"NeowsBlessing":0,"testmod-GoldenSoul":0,"TuHaoJin":0,"HushsDoor":0,"testmod-Charity":3,"REME_ComplimentaryCards":0},{"KeepersGift":0,"Dota2Spire:HandOfMidas":1,"PokerPlayerMod:DeckCase":0,"AT_ATBox":0,"testmod-TestBox":0,"NeowsBlessing":0,"testmod-GoldenSoul":0,"TuHaoJin":0,"HushsDoor":0,"testmod-Charity":3,"REME_ComplimentaryCards":0}]},"card_choices":[{"not_picked":[],"picked":"EpicFetus","floor":0},{"not_picked":["PokerPlayerMod:Fold","PokerPlayerMod:ClubsClub"],"picked":"PokerPlayerMod:Diamond4","floor":1},{"not_picked":["PokerPlayerMod:Club4","PokerPlayerMod:FlyingCard"],"picked":"PokerPlayerMod:ClubDance","floor":3},{"not_picked":["PokerPlayerMod:Fold","PokerPlayerMod:Extraction"],"picked":"PokerPlayerMod:Diamond5","floor":4}],"player_experience":184673,"relics_obtained":[],"event_choices":[],"is_beta":false,"boss_relics":[],"items_purged_floors":[],"is_endless":false,"potions_floor_spawned":[1],"killed_by":"Lagavulin","ascension_level":2}}