{"host":"0k7350af1t8odskw","time":1613427921,"event":{"mods":["AchievementEnabler","BaseMod","Better Vampires","BetterRewards","Colored Map","Downfall","Highlight Path","Hubris","Jorbs\u0027s Wanderer Trilogy","Lobotomy","Marisa£®ÏF”Í°°ƒß¿Ì…≥£©","Minty Spire (QoL Compilation)","Quick Restart","Replay The Spire","Shop Mod","StSLib","The Administrix","The Cursed","The Death Knight","The Runesmith","Youmu£®ªÍ∆«—˝√Œ£©"],"gold_per_floor":[118,133,147,75,89,89,99,99,99,132,132,145,145,163,163,268,268,288,138,149,168,267,267,267,295,295,295,309,309,309],"floor_reached":29,"language":"ZHS","playtime":1377,"items_purged":[],"score":284,"play_id":"16e472f0-3479-4684-8791-cb1a38cc612a","local_time":"20210215142521","is_ascension_mode":true,"campfire_choices":[{"data":"Replay:Poison Smokescreen","floor":6,"key":"SMITH"},{"data":"Poisoned Stab","floor":8,"key":"SMITH"},{"data":"Night Terror","floor":11,"key":"SMITH"},{"data":"Deadly Poison","floor":15,"key":"SMITH"},{"floor":23,"key":"REST"},{"floor":27,"key":"REST"}],"circlet_count":0,"master_deck":["Strike_G","Strike_G","Strike_G","Strike_G","Defend_G","Defend_G","Defend_G","Defend_G+1","Defend_G+1","Survivor","Neutralize","Poisoned Stab+1","Quick Slash","Flying Knee","Replay:Poison Smokescreen+1","Bane","Flying Knee","Night Terror+1","Deadly Poison+1","Backflip","Bullet Time","Flechettes+1","Catalyst","Backflip","Bane","Sucker Punch+1"],"relics":["bronze:MakeshiftBattery","Frozen Egg 2","InkBottle","Runesmith:UraniumAnvil","War Paint","Shuriken","Smiling Mask","ReplayTheSpireMod:Ninjato"],"acts_visited":["Exordium","TheCity"],"potions_floor_usage":[10,16,16,21],"damage_taken":[{"damage":0,"enemies":"Cultist","floor":1,"turns":4},{"damage":0,"enemies":"Jaw Worm","floor":2,"turns":4},{"damage":3,"enemies":"Small Slimes","floor":3,"turns":3},{"damage":0,"enemies":"2 Fungi Beasts","floor":5,"turns":3},{"damage":14,"enemies":"Exordium Thugs","floor":7,"turns":5},{"damage":27,"enemies":"3 Sentries","floor":10,"turns":8},{"damage":0,"enemies":"3 Louse","floor":12,"turns":3},{"damage":0,"enemies":"Large Slime","floor":14,"turns":4},{"damage":11,"enemies":"Hexaghost","floor":16,"turns":6},{"damage":7,"enemies":"Shell Parasite","floor":18,"turns":4},{"damage":7,"enemies":"3 Byrds","floor":20,"turns":5},{"damage":30,"enemies":"Cultist and Chosen","floor":21,"turns":7},{"damage":40,"enemies":"Slavers","floor":25,"turns":8},{"damage":14,"enemies":"Chosen and Byrds","floor":28,"turns":6},{"damage":14,"enemies":"Snecko","floor":29,"turns":3}],"seed_played":"674097995447163357","potions_obtained":[{"floor":2,"key":"Regen Potion"},{"floor":3,"key":"Weak Potion"},{"floor":14,"key":"Dexterity Potion"},{"floor":18,"key":"Adrenaline Potion"}],"is_trial":false,"path_per_floor":["M","M","M","$","M","R","M","R","T","E","R","M","?","M","R","B",null,"M","$","M","M","?","R","?","E","T","R","M","M"],"character_chosen":"THE_SILENT","items_purchased":["Replay:Poison Smokescreen","War Paint"],"campfire_rested":2,"item_purchase_floors":[4,19],"current_hp_per_floor":[70,70,67,67,67,67,53,53,53,41,41,41,41,41,41,30,70,63,63,56,26,26,47,47,7,7,28,14,0,0],"gold":309,"neow_bonus":"BOSS_RELIC","is_daily":false,"chose_seed":false,"campfire_upgraded":4,"win_rate":0.0,"timestamp":1613427921,"path_taken":["M","?","M","$","M","R","M","R","T","E","R","M","?","M","R","BOSS","M","?","?","M","?","R","?","E","T","R","M","M"],"items_purchased_type":["Card","Relic"],"build_version":"2020-12-22","purchased_purges":0,"victory":false,"max_hp_per_floor":[70,70,70,70,70,70,70,70,70,70,70,70,70,70,70,70,70,70,70,70,70,70,70,70,70,70,70,70,70,70],"card_choices":[{"not_picked":["Dagger Spray","Setup"],"picked":"Poisoned Stab","floor":1},{"not_picked":["Bane","Dash"],"picked":"Quick Slash","floor":2},{"not_picked":["Caltrops","Blade Dance"],"picked":"Flying Knee","floor":3},{"not_picked":["Quick Slash","ReplayTheSpireMod:The Works"],"picked":"Bane","floor":5},{"not_picked":["Hidden Blade","Skewer"],"picked":"Flying Knee","floor":7},{"not_picked":["Sneak Up","Dodge and Roll"],"picked":"Night Terror","floor":10},{"not_picked":["Dodge and Roll","Slice"],"picked":"Deadly Poison","floor":12},{"not_picked":["Slice","ReplayTheSpireMod:Speed Training"],"picked":"Backflip","floor":14},{"not_picked":["Adrenaline","Venomology"],"picked":"Bullet Time","floor":16},{"not_picked":["hubris:SlightOfHand","Blade Dance"],"picked":"Flechettes+1","floor":18},{"not_picked":["Dagger Spray","hubris:SlightOfHand+1"],"picked":"Catalyst","floor":20},{"not_picked":["Dagger Throw","hubris:Counter"],"picked":"Backflip","floor":21},{"not_picked":["Unload","Hidden Blade"],"picked":"Bane","floor":25},{"not_picked":["Deflect","Blade Dance"],"picked":"Sucker Punch+1","floor":28}],"player_experience":158536,"relics_obtained":[{"floor":9,"key":"Frozen Egg 2"},{"floor":10,"key":"InkBottle"},{"floor":24,"key":"Shuriken"},{"floor":25,"key":"Smiling Mask"},{"floor":26,"key":"ReplayTheSpireMod:Ninjato"}],"event_choices":[{"cards_removed":["Strike_G"],"damage_healed":0,"gold_gain":0,"player_choice":"Purged","damage_taken":0,"max_hp_gain":0,"max_hp_loss":0,"event_name":"Purifier","floor":13,"gold_loss":0},{"damage_healed":0,"gold_gain":99,"player_choice":"Stole From Cult","damage_taken":0,"max_hp_gain":0,"max_hp_loss":0,"event_name":"Nest","floor":22,"gold_loss":0},{"damage_healed":0,"gold_gain":0,"player_choice":"Relic","damage_taken":0,"max_hp_gain":0,"max_hp_loss":0,"event_name":"Wheel of Change","floor":24,"gold_loss":0}],"is_beta":false,"boss_relics":[{"not_picked":["Abe\u0027s Treasure","Replay:Bronze Core"],"picked":"Runesmith:UraniumAnvil"}],"items_purged_floors":[],"is_endless":false,"potions_floor_spawned":[2,3,14,18],"killed_by":"Snecko","ascension_level":3}}