{"host":"epc8efk9vrywpcsw","time":1613397906,"event":{"mods":["BaseMod","Minty Spire (QoL Compilation)","Relic Stats","StSLib"],"gold_per_floor":[111,111,125,125,125,159,159,186,186,200,200,212,133,147,147,219,219,238,250,525,228,248,248,248,248,248,82,102,128,28,46,46,120,120,136,136,136,154,168,168,168,0,0,0,24,24,49,84,84,84,84,84],"floor_reached":51,"language":"ENG","playtime":1639,"items_purged":["Regret","Strike_G"],"score":1427,"play_id":"96d245c3-3065-4bcd-afe2-cb8753da958b","local_time":"20210215150506","is_ascension_mode":true,"campfire_choices":[{"data":"Neutralize","floor":7,"key":"SMITH"},{"data":"Infinite Blades","floor":11,"key":"SMITH"},{"data":"Blade Dance","floor":15,"key":"SMITH"},{"floor":23,"key":"REST"},{"data":"Venomology","floor":25,"key":"SMITH"},{"floor":32,"key":"REST"},{"data":"Accuracy","floor":40,"key":"SMITH"},{"data":"Accuracy","floor":44,"key":"SMITH"},{"data":"Backstab","floor":49,"key":"SMITH"}],"circlet_count":0,"master_deck":["AscendersBane","Strike_G","Strike_G","Defend_G","Defend_G","Defend_G","Defend_G","Defend_G","Survivor","Neutralize+1","Bouncing Flask+1","Poisoned Stab","Blade Dance+1","Infinite Blades+1","Deflect","Accuracy+1","Bane","Venomology+1","Blade Dance","Slice","Blade Dance","Accuracy+1","Blade Dance","Backstab+1","Cloak And Dagger","Accuracy","After Image","Bandage Up","Cloak And Dagger+1"],"relics":["Ring of the Snake","NeowsBlessing","Kunai","Bottled Lightning","Toy Ornithopter","WristBlade","Vajra","TungstenRod","Orrery","Singing Bowl","Coffee Dripper","Red Mask","Gremlin Horn","Potion Belt","Lizard Tail","Pear"],"acts_visited":["Exordium","TheCity","TheBeyond"],"potions_floor_usage":[14,16,18,22,28,29,29,35,38,39,48,50,50,50,51,51,51],"damage_taken":[{"damage":0,"enemies":"Cultist","floor":1,"turns":1},{"damage":0,"enemies":"Small Slimes","floor":3,"turns":1},{"damage":0,"enemies":"Gremlin Nob","floor":6,"turns":1},{"damage":13,"enemies":"Lagavulin","floor":8,"turns":7},{"damage":6,"enemies":"2 Louse","floor":10,"turns":3},{"damage":25,"enemies":"Exordium Thugs","floor":12,"turns":5},{"damage":0,"enemies":"Exordium Wildlife","floor":14,"turns":5},{"damage":24,"enemies":"Slime Boss","floor":16,"turns":11},{"damage":18,"enemies":"Chosen","floor":18,"turns":4},{"damage":21,"enemies":"Shell Parasite","floor":19,"turns":4},{"damage":9,"enemies":"Cultist and Chosen","floor":22,"turns":4},{"damage":2,"enemies":"Centurion and Healer","floor":28,"turns":2},{"damage":9,"enemies":"Book of Stabbing","floor":29,"turns":4},{"damage":0,"enemies":"Snecko","floor":31,"turns":2},{"damage":40,"enemies":"Collector","floor":33,"turns":6},{"damage":15,"enemies":"Orb Walker","floor":35,"turns":3},{"damage":0,"enemies":"3 Shapes","floor":38,"turns":4},{"damage":1,"enemies":"Transient","floor":39,"turns":6},{"damage":14,"enemies":"Mind Bloom Boss Battle","floor":47,"turns":6},{"damage":44,"enemies":"Nemesis","floor":48,"turns":7},{"damage":73,"enemies":"Awakened One","floor":50,"turns":13},{"damage":55,"enemies":"Time Eater","floor":51,"turns":7}],"seed_played":"7058478973278217449","potions_obtained":[{"floor":3,"key":"EssenceOfSteel"},{"floor":12,"key":"Explosive Potion"},{"floor":16,"key":"BlessingOfTheForge"},{"floor":22,"key":"Energy Potion"},{"floor":28,"key":"Strength Potion"},{"floor":33,"key":"Regen Potion"},{"floor":48,"key":"FearPotion"}],"is_trial":false,"path_per_floor":["M","$","M","$","?","E","R","E","T","M","R","M","$","M","R","B",null,"M","M","?","$","M","R","?","R","T","$","M","E","$","M","R","B",null,"M","?","?","M","M","R","?","?","T","R","T","$","?","E","R","B","B"],"character_chosen":"THE_SILENT","items_purchased":["Accuracy","Vajra","Blade Dance","Orrery"],"campfire_rested":2,"item_purchase_floors":[13,21,21,27],"current_hp_per_floor":[59,59,59,59,59,59,59,46,46,40,40,15,15,20,20,1,50,37,16,16,16,12,31,31,31,31,31,34,37,37,37,57,17,55,47,47,47,64,71,71,71,71,71,71,71,71,61,38,38,32,0,0],"gold":84,"neow_bonus":"THREE_ENEMY_KILL","is_daily":false,"chose_seed":false,"campfire_upgraded":7,"win_rate":0.0,"timestamp":1613397906,"path_taken":["M","?","M","$","?","E","R","E","T","?","R","M","$","M","R","BOSS","M","M","?","$","?","R","?","R","T","?","M","E","$","M","R","BOSS","M","?","?","M","?","R","?","?","T","R","?","?","?","E","R","BOSS","BOSS"],"items_purchased_type":["Card","Relic","Card","Relic"],"build_version":"2020-12-22","purchased_purges":2,"victory":false,"max_hp_per_floor":[66,66,66,66,66,66,66,66,66,66,66,66,66,66,66,66,66,66,66,66,66,66,66,66,66,66,66,66,68,68,68,68,68,68,70,70,70,70,72,72,72,72,72,72,72,72,74,86,86,86,86,86],"relic_stats":{"Lizard Tail":43,"Singing Bowl":10,"Gremlin Horn":[3,3],"counters":[22,106],"Kunai":[84],"obtain_stats":[{"Potion Belt":45,"Pear":48,"NeowsBlessing":0,"Singing Bowl":29,"Gremlin Horn":43,"Vajra":21,"Lizard Tail":47,"WristBlade":17,"Orrery":27,"Coffee Dripper":34,"Red Mask":42,"Kunai":6,"Bottled Lightning":8,"Toy Ornithopter":9,"TungstenRod":26,"Ring of the Snake":0},{"Potion Belt":18,"Pear":20,"NeowsBlessing":0,"Singing Bowl":13,"Gremlin Horn":18,"Vajra":10,"Lizard Tail":19,"WristBlade":8,"Orrery":11,"Coffee Dripper":15,"Red Mask":18,"Kunai":3,"Bottled Lightning":4,"Toy Ornithopter":4,"TungstenRod":11,"Ring of the Snake":0},{"Potion Belt":73,"Pear":86,"NeowsBlessing":0,"Singing Bowl":52,"Gremlin Horn":73,"Vajra":42,"Lizard Tail":79,"WristBlade":34,"Orrery":46,"Coffee Dripper":60,"Red Mask":73,"Kunai":3,"Bottled Lightning":10,"Toy Ornithopter":10,"TungstenRod":46,"Ring of the Snake":0}],"Toy Ornithopter":82,"TungstenRod":31,"Ring of the Snake":[44]},"card_choices":[{"not_picked":["Flying Knee","Bane"],"picked":"Bouncing Flask","floor":1},{"not_picked":["Underhanded Strike","Blade Dance"],"picked":"Poisoned Stab","floor":3},{"not_picked":["Outmaneuver","Die Die Die"],"picked":"Blade Dance","floor":6},{"not_picked":["Flying Knee","Dodge and Roll"],"picked":"Infinite Blades","floor":8},{"not_picked":["Caltrops","Catalyst","Acrobatics"],"picked":"SKIP","floor":10},{"not_picked":["Acrobatics","Prepared"],"picked":"Deflect","floor":12},{"not_picked":["Underhanded Strike","Quick Slash"],"picked":"Bane","floor":14},{"not_picked":["Malaise","Corpse Explosion"],"picked":"Venomology","floor":16},{"not_picked":["Expertise","Underhanded Strike"],"picked":"Blade Dance","floor":18},{"not_picked":["Noxious Fumes","All Out Attack"],"picked":"Slice","floor":19},{"not_picked":["Flying Knee","Prepared","Skewer"],"picked":"SKIP","floor":22},{"not_picked":["Bane","Deflect"],"picked":"Blade Dance","floor":27},{"not_picked":["Bane","Blade Dance"],"picked":"Backstab","floor":27},{"not_picked":["Acrobatics","Riddle With Holes"],"picked":"Cloak And Dagger","floor":28},{"not_picked":["Dagger Throw","Poisoned Stab","Bane"],"picked":"Singing Bowl","floor":29},{"not_picked":["Dagger Throw+1","Backflip"],"picked":"Accuracy","floor":31},{"not_picked":["Corpse Explosion","Glass Knife"],"picked":"After Image","floor":33},{"not_picked":["Underhanded Strike","Acrobatics","Backflip"],"picked":"Singing Bowl","floor":35},{"not_picked":["PanicButton","Impatience"],"picked":"Bandage Up","floor":36},{"not_picked":["Poisoned Stab","Sucker Punch"],"picked":"Cloak And Dagger+1","floor":38},{"not_picked":["Quick Slash","Deflect","Prepared+1"],"picked":"Singing Bowl","floor":39},{"not_picked":["A Thousand Cuts","Concentrate","Predator"],"picked":"Singing Bowl","floor":47},{"not_picked":["Expertise","Escape Plan","Finisher+1"],"picked":"Singing Bowl","floor":48}],"player_experience":531069,"relics_obtained":[{"floor":6,"key":"Kunai"},{"floor":8,"key":"Bottled Lightning"},{"floor":9,"key":"Toy Ornithopter"},{"floor":26,"key":"TungstenRod"},{"floor":29,"key":"Singing Bowl"},{"floor":43,"key":"Gremlin Horn"},{"floor":45,"key":"Potion Belt"},{"floor":47,"key":"Lizard Tail"},{"floor":48,"key":"Pear"}],"event_choices":[{"damage_healed":0,"gold_gain":0,"player_choice":"Forge","damage_taken":0,"max_hp_gain":0,"max_hp_loss":0,"event_name":"Accursed Blacksmith","floor":5,"gold_loss":0,"cards_upgraded":["Bouncing Flask"]},{"damage_healed":0,"gold_gain":275,"player_choice":"Desecrate","damage_taken":0,"max_hp_gain":0,"max_hp_loss":0,"event_name":"Golden Shrine","floor":20,"gold_loss":0,"cards_obtained":["Regret"]},{"damage_healed":0,"gold_gain":0,"cards_transformed":["Strike_G"],"player_choice":"Transformed","damage_taken":0,"max_hp_gain":0,"max_hp_loss":0,"event_name":"Transmorgrifier","floor":24,"gold_loss":0,"cards_obtained":["Accuracy"]},{"damage_healed":0,"gold_gain":0,"player_choice":"Memory 1","damage_taken":0,"max_hp_gain":0,"max_hp_loss":0,"event_name":"SensoryStone","floor":36,"gold_loss":0},{"damage_healed":0,"gold_gain":0,"player_choice":"Got Potions","damage_taken":0,"max_hp_gain":0,"max_hp_loss":0,"event_name":"Lab","floor":37,"gold_loss":0},{"cards_removed":["Strike_G"],"damage_healed":0,"gold_gain":0,"player_choice":"Removed Attack","damage_taken":0,"max_hp_gain":0,"max_hp_loss":0,"event_name":"Falling","floor":41,"gold_loss":0},{"damage_healed":0,"gold_gain":0,"player_choice":"Paid","damage_taken":0,"relics_obtained":["Red Mask"],"max_hp_gain":0,"max_hp_loss":0,"event_name":"Tomb of Lord Red Mask","floor":42,"gold_loss":168},{"damage_healed":0,"gold_gain":0,"player_choice":"Fight","damage_taken":0,"max_hp_gain":0,"max_hp_loss":0,"event_name":"MindBloom","floor":47,"gold_loss":0}],"is_beta":false,"boss_relics":[{"not_picked":["Fusion Hammer","Black Star"],"picked":"WristBlade"},{"not_picked":["Empty Cage","HoveringKite"],"picked":"Coffee Dripper"}],"items_purged_floors":[21,30],"is_endless":false,"potions_floor_spawned":[3,12,16,22,28,33,38,48],"killed_by":"Time Eater","ascension_level":20}}