{"host":"92mno2xmlx851umg","time":1613352169,"event":{"mods":["BaseMod","Colored Map","Minty Spire (QoL Compilation)","Relic Stats","everything is the same but u backflip on backflip"],"gold_per_floor":[215,27,59,59,113,201,201,252,252,252,291,291,353,421,421,546,546,558,550,465,510,208,208,299,299,299,362,422,449,449,519,519,621,921,934,977,977,977,992,634,661,702,702,577,577,622,622,504,504,504],"floor_reached":51,"language":"ENG","playtime":2617,"items_purged":["Zap","Parasite"],"score":959,"play_id":"2f1c8dd6-0759-4661-8b85-5fe6b010f2c9","local_time":"20210214172249","is_ascension_mode":true,"campfire_choices":[{"data":"HandOfGreed","floor":7,"key":"SMITH"},{"data":"Rebound","floor":10,"key":"SMITH"},{"floor":12,"key":"REST"},{"data":"Defragment","floor":15,"key":"SMITH"},{"data":"Fission","floor":23,"key":"SMITH"},{"data":"Capacitor","floor":30,"key":"SMITH"},{"data":"Loop","floor":32,"key":"SMITH"},{"data":"Creative AI","floor":47,"key":"SMITH"},{"data":"Chill","floor":49,"key":"SMITH"}],"circlet_count":0,"master_deck":["Defend_B","Defend_B","Defend_B","Defend_B","Dualcast","HandOfGreed+1","Leap","Cold Snap+1","Coolheaded","Rebound+1","Streamline","Defragment+1","Fission+1","Loop+1","Chill","Beam Cell","Bite","Bite","Bite","Bite","Bite+1","Capacitor+1","Echo Form","Force Field","Storm","Creative AI+1","CurseOfTheBell","Chaos+1","Defragment+1","Bandage Up","Cold Snap+1","Barrage+1","FTL+1","Chill+1"],"relics":["Cracked Core","Centennial Puzzle","Eternal Feather","Smiling Mask","Coffee Dripper","White Beast Statue","Mango","InkBottle","Symbiotic Virus","Calling Bell","Bag of Marbles","Pear","Old Coin","Membership Card","Vajra","Whetstone","Bottled Tornado","Unceasing Top","Blood Vial","DataDisk"],"acts_visited":["Exordium","TheCity","TheBeyond"],"potions_floor_usage":[21,21,29,33,41,50,50],"damage_taken":[{"damage":2.0,"enemies":"Jaw Worm","floor":1.0,"turns":3.0},{"damage":0,"enemies":"Cultist","floor":3,"turns":4},{"damage":3,"enemies":"Small Slimes","floor":5,"turns":4},{"damage":28,"enemies":"3 Sentries","floor":6,"turns":17},{"damage":19,"enemies":"Lagavulin","floor":8,"turns":6},{"damage":4,"enemies":"Blue Slaver","floor":11,"turns":5},{"damage":6,"enemies":"Exordium Wildlife","floor":13,"turns":2},{"damage":10,"enemies":"Large Slime","floor":14,"turns":7},{"damage":23,"enemies":"Hexaghost","floor":16,"turns":11},{"damage":18,"enemies":"Chosen","floor":18,"turns":5},{"damage":28,"enemies":"2 Thieves","floor":19,"turns":5},{"damage":0,"enemies":"Snake Plant","floor":21,"turns":1},{"damage":3,"enemies":"3 Cultists","floor":24,"turns":5},{"damage":29,"enemies":"Shelled Parasite and Fungi","floor":27,"turns":10},{"damage":14,"enemies":"Centurion and Healer","floor":28,"turns":7},{"damage":63,"enemies":"Slavers","floor":29,"turns":4},{"damage":0,"enemies":"3 Cultists","floor":31,"turns":5},{"damage":47,"enemies":"Collector","floor":33,"turns":9},{"damage":25,"enemies":"Orb Walker","floor":35,"turns":4},{"damage":11,"enemies":"3 Shapes","floor":36,"turns":4},{"damage":38,"enemies":"Writhing Mass","floor":39,"turns":9},{"damage":26,"enemies":"Nemesis","floor":41,"turns":21},{"damage":24,"enemies":"4 Shapes","floor":42,"turns":13},{"damage":44,"enemies":"Spire Growth","floor":46,"turns":6},{"damage":41,"enemies":"Awakened One","floor":50,"turns":13}],"seed_played":"6485004821475432024","potions_obtained":[{"floor":6,"key":"GamblersBrew"},{"floor":13,"key":"SteroidPotion"},{"floor":14,"key":"DuplicationPotion"},{"floor":19,"key":"LiquidMemories"},{"floor":21,"key":"FairyPotion"},{"floor":24,"key":"PowerPotion"},{"floor":29,"key":"Explosive Potion"},{"floor":31,"key":"SkillPotion"},{"floor":33,"key":"Strength Potion"},{"floor":36,"key":"FocusPotion"},{"floor":41,"key":"AttackPotion"},{"floor":46,"key":"DuplicationPotion"}],"is_trial":false,"path_per_floor":["M","$","M","?","M","E","R","E","T","R","M","R","M","M","R","B",null,"M","M","?","M","$","R","M","?","T","M","M","E","R","M","R","B",null,"M","M","?","?","M","$","E","M","T","$","?","M","R","$","R","B",null],"character_chosen":"DEFECT","items_purchased":["HandOfGreed","Mango","Membership Card","Vajra","Whetstone","Blood Vial","DataDisk","Chill"],"campfire_rested":1,"item_purchase_floors":[2,22,40,40,40,44,48,48],"current_hp_per_floor":[66,66,66,66,63,35,35,16,16,22,18,49,43,33,42,19,61,43,15,15,15,29,41,38,38,38,37,43,10,25,39,54,33,65,44,39,39,34,22,22,63,61,61,61,61,30,48,48,66,69],"gold":504,"neow_bonus":"HUNDRED_GOLD","is_daily":false,"chose_seed":false,"campfire_upgraded":8,"win_rate":0.0,"timestamp":1613352169,"path_taken":["M","$","M","?","?","E","R","E","T","R","M","R","M","M","R","BOSS","M","M","?","M","$","R","M","?","T","M","M","E","R","M","R","BOSS","M","M","?","?","M","$","E","M","T","$","?","M","R","?","R","BOSS"],"items_purchased_type":["Card","Relic","Relic","Relic","Relic","Relic","Relic","Card"],"build_version":"2020-12-22","purchased_purges":2,"victory":true,"max_hp_per_floor":[75,75,75,75,75,75,75,75,75,75,75,75,75,75,75,75,75,75,75,75,75,89,89,89,62,62,62,62,62,62,62,62,62,72,72,72,72,72,72,72,72,72,72,69,69,69,69,69,69,69],"relic_stats":{"Blood Vial":4,"Centennial Puzzle":[57],"counters":[25,180],"Eternal Feather":102,"Whetstone":["Bite","Cold Snap"],"Smiling Mask":-12,"obtain_stats":[{"Pear":34,"Vajra":40,"Eternal Feather":8,"Mango":22,"Whetstone":40,"Bottled Tornado":41,"Smiling Mask":9,"White Beast Statue":20,"Old Coin":34,"Calling Bell":34,"Blood Vial":44,"Centennial Puzzle":6,"DataDisk":48,"Coffee Dripper":17,"Bag of Marbles":34,"Membership Card":40,"Cracked Core":0,"Symbiotic Virus":29,"InkBottle":26,"Unceasing Top":43},{"Pear":18,"Vajra":21,"Eternal Feather":5,"Mango":12,"Whetstone":21,"Bottled Tornado":22,"Smiling Mask":5,"White Beast Statue":11,"Old Coin":18,"Calling Bell":18,"Blood Vial":23,"Centennial Puzzle":4,"DataDisk":24,"Coffee Dripper":9,"Bag of Marbles":18,"Membership Card":21,"Cracked Core":0,"Symbiotic Virus":16,"InkBottle":13,"Unceasing Top":23},{"Pear":110,"Vajra":127,"Eternal Feather":34,"Mango":70,"Whetstone":127,"Bottled Tornado":148,"Smiling Mask":34,"White Beast Statue":69,"Old Coin":110,"Calling Bell":110,"Blood Vial":161,"Centennial Puzzle":28,"DataDisk":167,"Coffee Dripper":59,"Bag of Marbles":110,"Membership Card":127,"Cracked Core":0,"Symbiotic Virus":96,"InkBottle":75,"Unceasing Top":161}],"InkBottle":[44],"Unceasing Top":[0]},"card_choices":[{"not_picked":["Hologram","Stack","Force Field"],"picked":"SKIP","floor":1.0},{"not_picked":["Defragment","Coolheaded"],"picked":"Leap","floor":3},{"not_picked":["Doom and Gloom","Sunder"],"picked":"Cold Snap","floor":5},{"not_picked":["Gash","Capacitor"],"picked":"Coolheaded","floor":6},{"not_picked":["Buffer","Lockon"],"picked":"Rebound","floor":8},{"not_picked":["Stack","Steam"],"picked":"Streamline","floor":11},{"not_picked":["BootSequence","Go for the Eyes"],"picked":"Defragment","floor":13},{"not_picked":["Darkness","Storm","Cold Snap"],"picked":"SKIP","floor":14},{"not_picked":["Reboot","All For One"],"picked":"Fission","floor":16},{"not_picked":["Recycle","Cold Snap"],"picked":"Loop","floor":18},{"not_picked":["Sweeping Beam","Steam"],"picked":"Chill","floor":19},{"not_picked":["White Noise","Barrage"],"picked":"Beam Cell","floor":21},{"not_picked":["Barrage","Gash","Leap"],"picked":"SKIP","floor":24},{"not_picked":["Beam Cell+1","Auto Shields"],"picked":"Capacitor","floor":27},{"not_picked":["Stack+1","Beam Cell"],"picked":"Echo Form","floor":28},{"not_picked":["BootSequence","Consume"],"picked":"Force Field","floor":29},{"not_picked":["Turbo","Leap"],"picked":"Storm","floor":31},{"not_picked":["Buffer","Amplify"],"picked":"Creative AI","floor":33},{"not_picked":["BootSequence+1","Skim"],"picked":"Chaos+1","floor":35},{"not_picked":["Compile Driver","Aggregate+1"],"picked":"Defragment+1","floor":36},{"not_picked":["Discovery","Secret Technique"],"picked":"Bandage Up","floor":38},{"not_picked":["Auto Shields","Sweeping Beam","Ball Lightning"],"picked":"SKIP","floor":39},{"not_picked":["Tempest+1","Sweeping Beam"],"picked":"Cold Snap+1","floor":41},{"not_picked":["Melter+1","Leap"],"picked":"Barrage+1","floor":42},{"not_picked":["Hologram","Gash+1"],"picked":"FTL+1","floor":46}],"player_experience":530100,"relics_obtained":[{"floor":6,"key":"Centennial Puzzle"},{"floor":8,"key":"Eternal Feather"},{"floor":9,"key":"Smiling Mask"},{"floor":26,"key":"InkBottle"},{"floor":29,"key":"Symbiotic Virus"},{"floor":34,"key":"Bag of Marbles"},{"floor":34,"key":"Pear"},{"floor":34,"key":"Old Coin"},{"floor":41,"key":"Bottled Tornado"},{"floor":43,"key":"Unceasing Top"}],"event_choices":[{"cards_removed":["Strike_B"],"damage_healed":0,"gold_gain":0,"player_choice":"Offered Basic","damage_taken":0,"max_hp_gain":0,"max_hp_loss":0,"event_name":"Bonfire Elementals","floor":4,"gold_loss":0},{"damage_healed":0,"gold_gain":0,"player_choice":"Obtained Relic","damage_taken":0,"relics_obtained":["White Beast Statue"],"max_hp_gain":0,"max_hp_loss":0,"event_name":"Addict","floor":20,"gold_loss":85},{"damage_healed":0,"gold_gain":0,"player_choice":"Became a vampire","damage_taken":0,"max_hp_gain":0,"max_hp_loss":27,"event_name":"Vampires","floor":25,"gold_loss":0,"cards_obtained":["Bite","Bite","Bite","Bite","Bite"]},{"damage_healed":0,"gold_gain":0,"player_choice":"Ignored","damage_taken":0,"max_hp_gain":0,"max_hp_loss":0,"event_name":"Tomb of Lord Red Mask","floor":37,"gold_loss":0},{"damage_healed":0,"gold_gain":0,"player_choice":"Memory 2","damage_taken":5,"max_hp_gain":0,"max_hp_loss":0,"event_name":"SensoryStone","floor":38,"gold_loss":0},{"damage_healed":0,"gold_gain":0,"player_choice":"Ignored","damage_taken":0,"max_hp_gain":0,"max_hp_loss":0,"event_name":"Mysterious Sphere","floor":45,"gold_loss":0}],"is_beta":false,"boss_relics":[{"not_picked":["Ectoplasm","SacredBark"],"picked":"Coffee Dripper"},{"not_picked":["Runic Dome","Inserter"],"picked":"Calling Bell"}],"items_purged_floors":[40,44],"is_endless":false,"potions_floor_spawned":[6,13,14,16,19,21,24,27,28,29,31,33,35,36,39,41,42,46],"ascension_level":6}}