{"host":"rwzz6mk6bpmb57ql","time":1613433489,"event":{"mods":["AchievementEnabler","BaseMod","Better Third Choice","BetterRewards","Colored Map","Highlight Path","Hubris","Infinite Spire","Minty Spire (QoL Compilation)","Replay The Spire","StSLib","Wandering Minibosses"],"gold_per_floor":[5520,5520,5520,5532,5532,5532,5566,5566,5566,5576,5576,4760,4777,4794,4794,4899,4999,5012,5023,5023,5037,4582,4666,4676,4709,4709,4709,4709,4721,4721,4771,4771,4869,4869,4880,4880,4880,4880,4896,4931,4618,4635,4659,4674,4674,4690,4706,4144,4144,4144,4144,4144,3590,3625,3625],"floor_reached":56,"language":"ENG","playtime":2305,"items_purged":["Strike_B","Strike_B","Defend_B","Defend_B","Core Surge","Zap"],"score":1511,"play_id":"32dcf0af-e42a-4a73-96dc-9f475c309edc","local_time":"20210215175809","is_ascension_mode":true,"campfire_choices":[{"floor":6,"key":"RECALL"},{"data":"Conserve Battery","floor":8,"key":"SMITH"},{"data":"Dualcast","floor":11,"key":"SMITH"},{"data":"Biased Cognition","floor":15,"key":"SMITH"},{"data":"Buffer","floor":28,"key":"SMITH"},{"data":"Capacitor","floor":30,"key":"SMITH"},{"data":"hubris:Rewind","floor":32,"key":"SMITH"},{"data":"Double Energy","floor":45,"key":"SMITH"},{"data":"Conserve Battery","floor":49,"key":"SMITH"},{"data":"Rainbow","floor":52,"key":"SMITH"}],"circlet_count":0,"master_deck":["Strike_B+1","Defend_B+1","Dualcast+1","Core Surge","ReplayTheSpireMod:Repulse+1","Leap","Conserve Battery+1","Core Surge","Biased Cognition+1","Capacitor","Echo Form","Buffer+1","Loop","Loop","Capacitor+1","Tempest","hubris:Rewind+1","Machine Learning","Rainbow+1","Force Field+1","Double Energy+1","Defragment+1","Barrage+1","Conserve Battery+1"],"relics":["Cracked Core","hubris:Towel","Iron Hammer","hubris:MobiusCoin","Matryoshka","Runic Capacitor","wanderingMiniBosses:CarrionFlame","Sozu","hubris:Icosahedron","Ancient Tea Set","MealTicket","infinitespire:Broken Mirror","Juzu Bracelet","Happy Flower","Oddly Smooth Stone","Runic Pyramid","hubris:Zylophone","Bag of Preparation","Replay:Rubber Ducky","Anchor","Regal Pillow","Bottled Lightning","hubris:SlimyHat","Oddly Smooth Stone","infinitespire:FocusingShard","Cables"],"acts_visited":["Exordium","TheCity","TheBeyond","TheEnding"],"potions_floor_usage":[],"damage_taken":[{"damage":2,"enemies":"2 Louse","floor":1,"turns":2},{"damage":12,"enemies":"Small Slimes","floor":4,"turns":3},{"damage":27,"enemies":"3 Sentries","floor":7,"turns":8},{"damage":0,"enemies":"Jaw Worm","floor":10,"turns":2},{"damage":0,"enemies":"Looter","floor":13,"turns":2},{"damage":0,"enemies":"Exordium Thugs","floor":14,"turns":2},{"damage":47,"enemies":"Fading Forest","floor":16,"turns":11},{"damage":6,"enemies":"2 Thieves","floor":18,"turns":2},{"damage":12,"enemies":"Chosen","floor":19,"turns":4},{"damage":6,"enemies":"3 Cultists","floor":21,"turns":3},{"damage":73,"enemies":"Slavers","floor":23,"turns":4},{"damage":18,"enemies":"Snake Plant","floor":24,"turns":3},{"damage":8,"enemies":"Gremlin Leader","floor":25,"turns":5},{"damage":6,"enemies":"Chosen and Byrds","floor":29,"turns":5},{"damage":61,"enemies":"Automaton","floor":33,"turns":8},{"damage":33,"enemies":"3 Shapes","floor":35,"turns":3},{"damage":48,"enemies":"3 Darklings","floor":39,"turns":4},{"damage":10,"enemies":"R_Hoarder","floor":40,"turns":6},{"damage":31,"enemies":"Writhing Mass","floor":42,"turns":4},{"damage":10,"enemies":"4 Shapes","floor":44,"turns":2},{"damage":0,"enemies":"Jaw Worm Horde","floor":46,"turns":2},{"damage":0,"enemies":"3 Darklings","floor":47,"turns":3},{"damage":4,"enemies":"Time Eater","floor":50,"turns":7},{"damage":10,"enemies":"Shield and Spear","floor":54,"turns":4},{"damage":29,"enemies":"The Heart","floor":55,"turns":7}],"seed_played":"-12990956509651844","potions_obtained":[{"floor":7,"key":"GamblersBrew"}],"is_trial":false,"path_per_floor":["M","?","?","M","?","R","E","R","T","M","R","$","M","M","R","B",null,"M","M","?","M","$","E","M","E","T","?","R","M","R","AVR","R","B",null,"M","?","?","AVR","M","E","$","M","T","M","R","M","M","$","R","B",null,"R","$","E","B",null],"character_chosen":"DEFECT","items_purchased":["hubris:MobiusCoin","Matryoshka","Runic Capacitor","Core Surge","Loop","Ancient Tea Set","MealTicket","Bag of Preparation","Replay:Rubber Ducky","Bottled Lightning","hubris:SlimyHat","Conserve Battery","Oddly Smooth Stone","infinitespire:FocusingShard"],"campfire_rested":0,"item_purchase_floors":[12,12,12,12,22,22,22,41,41,48,48,48,53,53],"current_hp_per_floor":[143,143,143,131,102,102,75,75,75,75,75,75,75,75,75,38,145,139,127,127,121,121,106,88,80,80,80,80,74,74,74,74,113,145,112,112,112,112,64,61,76,45,45,135,135,135,135,145,145,141,145,145,145,135,106],"gold":3625,"neow_bonus":"THREE_RARE_CARDS","is_daily":false,"chose_seed":false,"campfire_upgraded":9,"win_rate":0.0,"timestamp":1613433489,"path_taken":["M","?","?","M","?","R","E","R","T","M","R","$","M","M","R","BOSS","M","M","?","M","$","E","M","E","T","?","R","M","R","AVR","R","BOSS","M","?","?","AVR","M","E","$","M","T","M","R","M","M","$","R","BOSS","R","$","E","BOSS"],"items_purchased_type":["Relic","Relic","Relic","Card","Card","Relic","Relic","Relic","Relic","Relic","Relic","Card","Relic","Relic"],"build_version":"2020-12-22","purchased_purges":6,"victory":true,"max_hp_per_floor":[145,145,145,145,145,145,145,145,145,145,145,145,145,145,145,145,145,145,145,145,145,145,145,145,145,145,145,145,145,145,145,145,145,145,145,145,145,145,145,145,145,145,145,145,145,145,145,145,145,145,145,145,145,145,145],"card_choices":[{"not_picked":["Multi-Cast","hubris:Prefetch"],"picked":"Core Surge","floor":0},{"not_picked":["Steam","Ball Lightning","Compile Driver"],"picked":"SKIP","floor":1},{"not_picked":["Sweeping Beam","Cold Snap"],"picked":"Leap","floor":4},{"not_picked":["FTL","Storm"],"picked":"Conserve Battery","floor":7},{"not_picked":["Time Bomb","Coolheaded","Ball Lightning"],"picked":"SKIP","floor":10},{"not_picked":["Hologram","Cold Snap"],"picked":"Biased Cognition","floor":13},{"not_picked":["Leap","Conserve Battery"],"picked":"Capacitor","floor":14},{"not_picked":["Electrodynamics","Core Surge"],"picked":"Echo Form","floor":16},{"not_picked":["Conserve Battery","Gash","Redo"],"picked":"SKIP","floor":18},{"not_picked":["hubris:Ukulele","Stack+1"],"picked":"Buffer","floor":19},{"not_picked":["ReplayTheSpireMod:Calculation Training+1","Consume","Tempest"],"picked":"SKIP","floor":21},{"not_picked":["Go for the Eyes","Time Bomb"],"picked":"Capacitor","floor":23},{"not_picked":["Scrape+1","Rip and Tear","Streamline"],"picked":"SKIP","floor":24},{"not_picked":["Rebound","Blizzard+1","Stack"],"picked":"SKIP","floor":25},{"not_picked":["Core Surge","Ball Lightning+1"],"picked":"Tempest","floor":29},{"not_picked":["hubris:SpecializedCircuitry","Creative AI"],"picked":"Machine Learning","floor":33},{"not_picked":["Leap","Cold Snap","Ball Lightning+1"],"picked":"SKIP","floor":35},{"not_picked":["Redo","Gash"],"picked":"Force Field+1","floor":39},{"not_picked":["hubris:PowerSurge+1","Reinforced Body+1","Storm"],"picked":"SKIP","floor":40},{"not_picked":["Hologram+1","Ball Lightning+1"],"picked":"Double Energy","floor":42},{"not_picked":["Panic Button+1","Gash+1"],"picked":"Defragment+1","floor":44},{"not_picked":["BasicCrystalCard","Leap"],"picked":"Barrage+1","floor":46},{"not_picked":["Leap+1","hubris:Ukulele+1","Cold Snap"],"picked":"SKIP","floor":47},{"not_picked":["Panic Button+1","Reinforced Body+1","BasicCrystalCard"],"picked":"SKIP","floor":54}],"player_experience":210870,"relics_obtained":[{"floor":7,"key":"Iron Hammer"},{"floor":13,"key":"wanderingMiniBosses:CarrionFlame"},{"floor":23,"key":"infinitespire:Broken Mirror"},{"floor":25,"key":"Juzu Bracelet"},{"floor":26,"key":"Happy Flower"},{"floor":40,"key":"hubris:Zylophone"},{"floor":43,"key":"Anchor"},{"floor":43,"key":"Regal Pillow"},{"floor":54,"key":"Cables"}],"event_choices":[{"damage_healed":131,"gold_gain":0,"player_choice":"Upgrade","damage_taken":29,"max_hp_gain":0,"max_hp_loss":145,"event_name":"betterThird:BetterShining","floor":5,"gold_loss":0,"cards_upgraded":["Strike_B","Defend_B"]},{"cards_removed":["Strike_B"],"damage_healed":0,"gold_gain":0,"player_choice":"Purged","damage_taken":0,"max_hp_gain":0,"max_hp_loss":0,"event_name":"Purifier","floor":27,"gold_loss":0},{"damage_healed":0,"gold_gain":0,"player_choice":"1 cards matched","damage_taken":0,"max_hp_gain":0,"max_hp_loss":0,"event_name":"Match and Keep!","floor":37,"gold_loss":0,"cards_obtained":["Rainbow"]}],"is_beta":false,"boss_relics":[{"not_picked":["Runic Dome","Calling Bell"],"picked":"Sozu"},{"not_picked":["Kintsugi","Honey Jar"],"picked":"Runic Pyramid"}],"items_purged_floors":[12,22,31,38,48,53],"is_endless":false,"potions_floor_spawned":[7,19,25,29,39,40,47],"ascension_level":2}}