{"host":"fl6c84p0pqwjbhud","time":1613403723,"event":{"mods":["AchievementEnabler","BaseMod","Better Altar","Better Match","Better Note","Better Sensory Stone","Better Skull","Better Third Choice","Better Vampires","Better-Laid Plans","BetterRewards","Colored Map","Defuse TimeMaze Blight","Displayed Cursed Tome","Energized Spire","Highlight Path","Minty Spire (QoL Compilation)","Permanent Neow","Quick Restart","Relic Sorter","StSLib","Synergy Search","Transform Curses"],"gold_per_floor":[117,117,134,134,134,165,186,41,41,41,57,57,70,93,93,224,224,249,267,267,267,291,291,30,30,30,30,30,48,62,62,62,190,190,208,233,233,256,281,281,281],"floor_reached":40,"language":"ENG","playtime":1520,"items_purged":[],"score":465,"play_id":"6adaed19-d634-4027-9f33-9cf3d58b16a5","local_time":"20210215164203","is_ascension_mode":false,"campfire_choices":[{"data":"Ball Lightning","floor":10,"key":"SMITH"},{"data":"Loop","floor":15,"key":"SMITH"},{"data":"Magnetism","floor":23,"key":"SMITH"},{"data":"Magnetism","floor":25,"key":"SMITH"},{"floor":32,"key":"REST"}],"circlet_count":0,"master_deck":["Strike_B","Strike_B","Strike_B","Strike_B","Defend_B","Defend_B","Defend_B+1","Defend_B","Zap+1","Dualcast+1","Ball Lightning+1","Bandage Up+1","Gash","Regret","Go for the Eyes","Steam+1","Loop+1","Chaos+1","Buffer","Capacitor","Static Discharge+1","Magnetism+1","Magnetism+1","Sweeping Beam","Storm","Chaos+1","Storm","Gash","Ball Lightning+1","Buffer","Beam Cell+1","Chill+1"],"relics":["Cracked Core","Toxic Egg 2","Golden Idol","Mercury Hourglass","Lee\u0027s Waffle","War Paint","energizedSpire:UnstableMolecules","Pen Nib","WingedGreaves","energizedSpire:MagnifyingGlass"],"acts_visited":["Exordium","TheCity","TheBeyond"],"potions_floor_usage":[16,22,22,29,33,36,36,38],"damage_taken":[{"damage":6,"enemies":"2 Louse","floor":1,"turns":2},{"damage":10,"enemies":"Cultist","floor":3,"turns":4},{"damage":28,"enemies":"Gremlin Nob","floor":6,"turns":4},{"damage":1,"enemies":"Jaw Worm","floor":7,"turns":2},{"damage":7,"enemies":"3 Louse","floor":11,"turns":3},{"damage":7,"enemies":"Blue Slaver","floor":13,"turns":2},{"damage":14,"enemies":"Red Slaver","floor":14,"turns":2},{"damage":2,"enemies":"Slime Boss","floor":16,"turns":6},{"damage":14,"enemies":"3 Byrds","floor":18,"turns":4},{"damage":18,"enemies":"Shell Parasite","floor":19,"turns":5},{"damage":16,"enemies":"Cultist and Chosen","floor":22,"turns":5},{"damage":5,"enemies":"Snake Plant","floor":29,"turns":3},{"damage":13,"enemies":"Centurion and Healer","floor":30,"turns":6},{"damage":15,"enemies":"Champ","floor":33,"turns":8},{"damage":14,"enemies":"Orb Walker","floor":35,"turns":3},{"damage":26,"enemies":"3 Shapes","floor":36,"turns":3},{"damage":9,"enemies":"Transient","floor":38,"turns":5},{"damage":11,"enemies":"4 Shapes","floor":39,"turns":5},{"damage":61,"enemies":"Jaw Worm Horde","floor":40,"turns":4}],"seed_played":"-5102498576209533737","potions_obtained":[{"floor":3,"key":"Regen Potion"},{"floor":6,"key":"Energy Potion"},{"floor":11,"key":"FairyPotion"},{"floor":19,"key":"DuplicationPotion"},{"floor":30,"key":"Dexterity Potion"},{"floor":33,"key":"Fire Potion"},{"floor":35,"key":"PowerPotion"},{"floor":36,"key":"SkillPotion"}],"is_trial":false,"path_per_floor":["M","?","M","?","?","E","M","$","T","R","M","$","M","M","R","B",null,"M","M","?","?","M","R","$","R","T","?","?","M","M","?","R","B",null,"M","M","?","M","M","M"],"character_chosen":"DEFECT","items_purchased":["Lee\u0027s Waffle","Storm","Pen Nib","AttackPotion"],"campfire_rested":1,"item_purchase_floors":[8,24,24,24],"current_hp_per_floor":[69,69,65,65,65,41,46,76,76,76,69,69,68,60,60,76,76,68,56,56,76,61,61,61,61,61,61,61,56,49,49,71,62,76,67,41,41,38,27,0,0],"gold":281,"neow_bonus":"UPGRADE_CARD","is_daily":false,"chose_seed":false,"campfire_upgraded":4,"win_rate":0.0,"timestamp":1613403723,"path_taken":["M","?","?","?","?","E","M","?","T","R","M","?","M","?","R","BOSS","M","M","?","?","?","R","$","R","T","?","?","M","?","?","R","BOSS","M","M","?","M","M","M"],"items_purchased_type":["Relic","Card","Relic","Potion"],"build_version":"2020-12-22","purchased_purges":0,"victory":false,"max_hp_per_floor":[75,75,75,75,69,69,69,76,76,76,76,76,76,76,76,76,76,76,76,76,76,76,76,76,76,76,76,76,76,76,76,76,76,76,76,76,72,72,72,72,72],"card_choices":[{"not_picked":["Beam Cell","Genetic Algorithm"],"picked":"Ball Lightning","floor":1},{"not_picked":["Force Field","Beam Cell"],"picked":"Gash","floor":3},{"not_picked":["Undo+1","Force Field+1"],"picked":"Genetic Algorithm+1","floor":6},{"not_picked":["Scrape","Beam Cell"],"picked":"Go for the Eyes","floor":7},{"not_picked":["Cold Snap","Genetic Algorithm+1"],"picked":"Steam+1","floor":11},{"not_picked":["Gash","Coolheaded+1"],"picked":"Loop","floor":13},{"not_picked":["Sweeping Beam","Reboot+1"],"picked":"Chaos+1","floor":14},{"not_picked":["Meteor Strike","Fission+1"],"picked":"Buffer","floor":16},{"not_picked":["Sunder","Hologram+1"],"picked":"Capacitor","floor":18},{"not_picked":["Sweeping Beam+1","Beam Cell"],"picked":"Static Discharge+1","floor":19},{"not_picked":["Master of Strategy+1","Trip+1"],"picked":"Magnetism","floor":20},{"not_picked":["Finesse+1","Impatience+1"],"picked":"Magnetism","floor":20},{"not_picked":["Conserve Battery+1","Melter"],"picked":"Sweeping Beam","floor":22},{"not_picked":["Steam Power+1","Beam Cell"],"picked":"Gash","floor":29},{"not_picked":["Beam Cell+1","Compile Driver"],"picked":"Ball Lightning+1","floor":30},{"not_picked":["Reboot+1","Multi-Cast+1"],"picked":"Buffer","floor":33},{"not_picked":["BootSequence+1","Steam+1"],"picked":"Beam Cell+1","floor":35},{"not_picked":["Force Field+1","Consume+1"],"picked":"Chill+1","floor":36},{"not_picked":["Barrage","Stack+1","Turbo+1"],"picked":"SKIP","floor":38},{"not_picked":["Sunder","Recycle+1","Streamline+1"],"picked":"SKIP","floor":39}],"player_experience":507510,"relics_obtained":[{"floor":6,"key":"Mercury Hourglass"},{"floor":9,"key":"War Paint"},{"floor":26,"key":"WingedGreaves"}],"event_choices":[{"cards_removed":["Zap"],"damage_healed":0,"gold_gain":0,"player_choice":"Take \u0026 Give","damage_taken":0,"max_hp_gain":0,"max_hp_loss":0,"event_name":"betterNote:BetterNote","floor":2,"gold_loss":0,"cards_obtained":["Bandage Up"]},{"damage_healed":0,"gold_gain":0,"player_choice":"Box","damage_taken":0,"relics_obtained":["Toxic Egg 2"],"max_hp_gain":0,"max_hp_loss":0,"event_name":"Big Fish","floor":4,"gold_loss":0,"cards_obtained":["Regret"]},{"damage_healed":0,"gold_gain":0,"player_choice":"Lose Max HP","damage_taken":0,"relics_obtained":["Golden Idol"],"max_hp_gain":0,"max_hp_loss":6,"event_name":"Golden Idol","floor":5,"gold_loss":0},{"damage_healed":0,"gold_gain":2,"player_choice":"1","damage_taken":0,"max_hp_gain":0,"max_hp_loss":0,"event_name":"betterStone:BetterStone","floor":20,"gold_loss":0},{"cards_removed":["Genetic Algorithm"],"damage_healed":20,"gold_gain":0,"player_choice":"Offered Uncommon","damage_taken":0,"max_hp_gain":0,"max_hp_loss":0,"event_name":"Bonfire Elementals","floor":21,"gold_loss":0},{"damage_healed":0,"gold_gain":0,"player_choice":"Read","damage_taken":0,"max_hp_gain":0,"max_hp_loss":0,"event_name":"The Library","floor":27,"gold_loss":0,"cards_obtained":["Chaos"]},{"damage_healed":0,"gold_gain":0,"player_choice":"Copied","damage_taken":0,"max_hp_gain":0,"max_hp_loss":0,"event_name":"Duplicator","floor":28,"gold_loss":0,"cards_obtained":["Storm"]},{"damage_healed":0,"gold_gain":0,"player_choice":"Adaptability","damage_taken":0,"max_hp_gain":0,"max_hp_loss":0,"event_name":"betterThird:BetterWriting","floor":31,"gold_loss":0},{"damage_healed":0,"gold_gain":0,"player_choice":"Max HP","damage_taken":0,"max_hp_gain":0,"max_hp_loss":4,"event_name":"Winding Halls","floor":37,"gold_loss":0}],"is_beta":false,"boss_relics":[{"not_picked":["Black Star","Sozu"],"picked":"energizedSpire:UnstableMolecules"},{"not_picked":["energizedSpire:StickyHand","Cursed Key"],"picked":"energizedSpire:MagnifyingGlass"}],"items_purged_floors":[],"is_endless":false,"potions_floor_spawned":[3,6,11,14,19,30,33,35,36],"killed_by":"Jaw Worm Horde","ascension_level":0}}