{"host":"af4pzp5tm7cfibaw","time":1613372331,"event":{"mods":["AchievementEnabler","BaseMod","BetterRewards","Highlight Path","Minty Spire (QoL Compilation)","StSLib","SuperFastMode"],"gold_per_floor":[116,132,132,132,147,147,162,195,220,220,247,247,274,288,288,393,393,405,419,264,281,300,300,317,317,389,408,421,172,189,189,189,189,189],"floor_reached":33,"language":"ENG","playtime":1399,"items_purged":["Metallicize","Rage"],"score":415,"play_id":"2dc67295-ad6a-4477-bcd0-55406a92bfb3","local_time":"20210215195851","is_ascension_mode":true,"campfire_choices":[{"data":"Hemokinesis","floor":6.0,"key":"SMITH"},{"floor":10.0,"key":"REST"},{"floor":15.0,"key":"REST"},{"floor":23.0,"key":"REST"},{"floor":25.0,"key":"REST"},{"data":"Rupture","floor":32.0,"key":"SMITH"}],"circlet_count":0,"master_deck":["Bash","Shrug It Off+1","Shrug It Off","Hemokinesis+1","Sentinel","Feed","Twin Strike","Twin Strike","Battle Trance","Double Tap","Bludgeon","Spot Weakness","Havoc","Combust","Rupture+1","Spot Weakness","Uppercut","Warcry","Perfected Strike+1","Shrug It Off","Double Tap","Whirlwind","Heavy Blade"],"relics":["Burning Blood","Anchor","Strawberry","Odd Mushroom","War Paint","Pandora\u0027s Box","Matryoshka","Lee\u0027s Waffle"],"acts_visited":["Exordium","TheCity"],"potions_floor_usage":[33,33],"damage_taken":[{"damage":4.0,"enemies":"Small Slimes","floor":1.0,"turns":5.0},{"damage":1.0,"enemies":"Cultist","floor":2.0,"turns":3.0},{"damage":0.0,"enemies":"2 Louse","floor":5.0,"turns":3.0},{"damage":12.0,"enemies":"2 Fungi Beasts","floor":7.0,"turns":4.0},{"damage":30.0,"enemies":"Lagavulin","floor":8.0,"turns":4.0},{"damage":10.0,"enemies":"The Mushroom Lair","floor":11.0,"turns":5.0},{"damage":44.0,"enemies":"Gremlin Nob","floor":13.0,"turns":5.0},{"damage":7.0,"enemies":"Gremlin Gang","floor":14.0,"turns":5.0},{"damage":65.0,"enemies":"Slime Boss","floor":16.0,"turns":15.0},{"damage":20.0,"enemies":"3 Byrds","floor":18.0,"turns":4.0},{"damage":37.0,"enemies":"2 Thieves","floor":19.0,"turns":4.0},{"damage":40.0,"enemies":"Shelled Parasite and Fungi","floor":21.0,"turns":5.0},{"damage":22.0,"enemies":"Cultist and Chosen","floor":22.0,"turns":6.0},{"damage":27.0,"enemies":"Snecko","floor":24.0,"turns":4.0},{"damage":32.0,"enemies":"Snake Plant","floor":27.0,"turns":3.0},{"damage":10.0,"enemies":"Chosen and Byrds","floor":28.0,"turns":5.0},{"damage":60.0,"enemies":"Centurion and Healer","floor":30.0,"turns":6.0},{"damage":75,"enemies":"Automaton","floor":33,"turns":6}],"seed_played":"1712862642847350536","potions_obtained":[{"floor":2.0,"key":"SteroidPotion"},{"floor":3.0,"key":"FairyPotion"},{"floor":3.0,"key":"ColorlessPotion"},{"floor":3.0,"key":"AttackPotion"},{"floor":8.0,"key":"Swift Potion"},{"floor":16.0,"key":"AttackPotion"},{"floor":18.0,"key":"GamblersBrew"},{"floor":19.0,"key":"Fire Potion"},{"floor":27.0,"key":"DuplicationPotion"},{"floor":30.0,"key":"FearPotion"}],"is_trial":false,"path_per_floor":["M","M","?","$","M","R","M","E","T","R","?","?","E","M","R","B",null,"M","M","$","M","M","R","M","R","T","M","M","$","M","?","R","B"],"character_chosen":"IRONCLAD","items_purchased":["Uppercut","Lee\u0027s Waffle"],"campfire_rested":4,"item_purchase_floors":[20,29],"current_hp_per_floor":[82,87,87,87,88,88,82,58,65,93,92,85,47,49,79,23,84,73,45,45,14,42,76,58,93,93,67,63,126,75,75,75,0,0],"gold":189,"neow_bonus":"TEN_PERCENT_HP_BONUS","is_daily":false,"chose_seed":false,"campfire_upgraded":2,"win_rate":0.0,"timestamp":1613372331,"path_taken":["M","M","?","$","M","R","?","E","T","R","?","?","E","M","R","BOSS","M","M","$","M","M","R","M","R","T","M","M","$","M","?","R","BOSS"],"items_purchased_type":["Card","Relic"],"build_version":"2020-12-22","purchased_purges":2,"victory":false,"max_hp_per_floor":[88,88,88,88,88,88,88,88,95,95,98,98,98,101,101,104,104,107,110,110,113,116,116,119,119,119,119,119,126,129,129,129,129,129],"card_choices":[{"not_picked":["Inflame","Iron Wave"],"picked":"Shrug It Off","floor":1.0},{"not_picked":["Flex","Twin Strike"],"picked":"Shrug It Off","floor":2.0},{"not_picked":["Sever Soul","Shrug It Off"],"picked":"Hemokinesis","floor":5.0},{"not_picked":["Clothesline","Disarm"],"picked":"Sentinel","floor":7.0},{"not_picked":["Body Slam","Wild Strike"],"picked":"Feed","floor":8.0},{"not_picked":["Rupture","Reckless Charge"],"picked":"Twin Strike","floor":11.0},{"not_picked":["Disarm","Feel No Pain"],"picked":"Twin Strike","floor":13.0},{"not_picked":["Body Slam","Power Through"],"picked":"Battle Trance","floor":14.0},{"not_picked":["Barricade","Limit Break"],"picked":"Double Tap","floor":16.0},{"not_picked":["Sever Soul","Infernal Blade"],"picked":"Spot Weakness","floor":18.0},{"not_picked":["Rage","Inflame","Metallicize"],"picked":"SKIP","floor":19.0},{"not_picked":["Carnage","Anger"],"picked":"Warcry","floor":21.0},{"not_picked":["Carnage","Wild Strike","Anger"],"picked":"SKIP","floor":22.0},{"not_picked":["Twin Strike","Infernal Blade"],"picked":"Perfected Strike+1","floor":24.0},{"not_picked":["Reckless Charge+1","Rampage"],"picked":"Shrug It Off","floor":27.0},{"not_picked":["Iron Wave","Metallicize"],"picked":"Double Tap","floor":28.0},{"not_picked":["Clash","Flex"],"picked":"Whirlwind","floor":30.0}],"player_experience":324013,"relics_obtained":[{"floor":8.0,"key":"Anchor"},{"floor":9.0,"key":"Strawberry"},{"floor":11.0,"key":"Odd Mushroom"},{"floor":13.0,"key":"War Paint"},{"floor":26.0,"key":"Matryoshka"}],"event_choices":[{"damage_healed":0.0,"max_hp_gain":0.0,"max_hp_loss":0.0,"gold_gain":0.0,"event_name":"Lab","player_choice":"Got Potions","floor":3.0,"gold_loss":0.0,"damage_taken":0.0},{"damage_healed":0.0,"max_hp_gain":0.0,"max_hp_loss":0.0,"gold_gain":0.0,"event_name":"Mushrooms","player_choice":"Fought Mushrooms","floor":11.0,"gold_loss":0.0,"damage_taken":0.0},{"cards_removed":["Strike_R"],"damage_healed":0.0,"max_hp_gain":0.0,"max_hp_loss":0.0,"gold_gain":0.0,"event_name":"Golden Wing","player_choice":"Card Removal","floor":12.0,"gold_loss":0.0,"damage_taken":7.0},{"damage_healed":0.0,"max_hp_gain":0.0,"max_hp_loss":0.0,"gold_gain":0.0,"cards_transformed":["Inflame"],"event_name":"Transmorgrifier","player_choice":"Transformed","floor":31.0,"gold_loss":0.0,"damage_taken":0.0,"cards_obtained":["Heavy Blade"]}],"is_beta":false,"boss_relics":[{"not_picked":["Black Blood","SacredBark"],"picked":"Pandora\u0027s Box"}],"items_purged_floors":[20,29],"is_endless":false,"potions_floor_spawned":[2,5,8,16,18,19,27,30],"killed_by":"Automaton","ascension_level":8}}