{"host":"hrtq1r2z0jdgxy6l","time":1613368858,"event":{"mods":["AchievementEnabler","BaseMod","Bestiary","Colored Map","Colored Powertips","Downfall","Highlight Path","Minty Spire (QoL Compilation)","Permanent Neow","StSLib"],"gold_per_floor":[349,361,373,373,373,77,103,158,158,158,214,214,284,284,378,378,378,378],"floor_reached":16,"language":"ENG","playtime":3061,"items_purged":["bronze:Strike"],"score":125,"play_id":"3283618f-56dd-4d58-8550-a53dd9a5aaa8","local_time":"20210215140058","is_ascension_mode":false,"campfire_choices":[{"data":"bronze:Goto","floor":1,"key":"SMITH"},{"data":"HandOfGreed","floor":12,"key":"SMITH"}],"circlet_count":0,"master_deck":["bronze:Strike","bronze:Strike","bronze:Strike","bronze:Defend","bronze:Defend","bronze:Defend","bronze:Replicate","bronze:Goto+1","bronze:Safeguard","bronze:Shell","bronze:ClassDefault","HandOfGreed+1","bronze:FindAndReplace+1"],"relics":["bronze:BronzeCore","Membership Card","Eternal Feather","bronze:SilverBullet","Toxic Egg 2"],"acts_visited":["Exordium"],"potions_floor_usage":[16,16],"damage_taken":[{"damage":5,"enemies":"Cultist","floor":2,"turns":4},{"damage":5,"enemies":"Small Slimes","floor":3,"turns":4},{"damage":0,"enemies":"downfall:FleeingMerchant","floor":6,"turns":4},{"damage":0,"enemies":"Lagavulin","floor":8,"turns":8},{"damage":5,"enemies":"2 Louse","floor":11,"turns":3},{"damage":4,"enemies":"Exordium Wildlife","floor":13,"turns":5},{"damage":4,"enemies":"3 Louse","floor":15,"turns":6},{"damage":64,"enemies":"DF_ARCHETYPE_STREAMLINE","floor":16,"turns":11}],"seed_played":"8920521388701648371","potions_obtained":[{"floor":13,"key":"PowerPotion"},{"floor":15,"key":"Weak Potion"}],"is_trial":false,"path_per_floor":["R","M","M","?","?","$","T","E","?","T","M","R","M","?","M","B"],"character_chosen":"THE_AUTOMATON","items_purchased":["Membership Card","HandOfGreed"],"campfire_rested":0,"item_purchase_floors":[6,6],"current_hp_per_floor":[63,58,53,53,58,58,58,58,55,55,50,56,52,68,64,0,0,0],"gold":378,"neow_bonus":"TWO_FIFTY_GOLD","is_daily":false,"chose_seed":false,"campfire_upgraded":2,"win_rate":0.0,"timestamp":1613368858,"path_taken":["R","M","?","?","?","?","T","E","?","?","M","R","M","?","M","BOSS"],"items_purchased_type":["Relic","Card"],"build_version":"2020-12-22","purchased_purges":1,"victory":false,"max_hp_per_floor":[63,63,63,63,68,68,68,68,68,68,68,68,68,68,68,68,68,68],"card_choices":[{"not_picked":["bronze:Turbo","bronze:WhirlingStrike"],"picked":"bronze:Safeguard","floor":2},{"not_picked":["bronze:ItsAFeature","bronze:Iterate"],"picked":"bronze:Shell","floor":3},{"not_picked":["bronze:Overheat","bronze:Overload"],"picked":"bronze:ClassDefault","floor":6},{"not_picked":["bronze:ShipIt","bronze:BitShift","bronze:OilSpill"],"picked":"SKIP","floor":8},{"not_picked":["bronze:Frontload+1","bronze:OilSpill","bronze:WildBeam"],"picked":"SKIP","floor":11},{"not_picked":["bronze:WildBeam","bronze:BuggyMess+1","bronze:OilSpill"],"picked":"SKIP","floor":13},{"not_picked":["bronze:ItsAFeature","bronze:Frontload+1"],"picked":"bronze:FindAndReplace+1","floor":15}],"player_experience":40214,"relics_obtained":[{"floor":8,"key":"Eternal Feather"},{"floor":10,"key":"Toxic Egg 2"}],"event_choices":[{"cards_removed":["bronze:Defend"],"damage_healed":0,"gold_gain":0,"player_choice":"Card Removal","damage_taken":0,"max_hp_gain":0,"max_hp_loss":0,"event_name":"The Cleric","floor":4,"gold_loss":0},{"damage_healed":0,"gold_gain":0,"player_choice":"Donut","damage_taken":0,"max_hp_gain":5,"max_hp_loss":0,"event_name":"Big Fish","floor":5,"gold_loss":0},{"damage_healed":0,"gold_gain":0,"player_choice":"Success","damage_taken":3,"relics_obtained":["bronze:SilverBullet"],"max_hp_gain":0,"max_hp_loss":0,"event_name":"Scrap Ooze","floor":9,"gold_loss":0},{"damage_healed":16,"gold_gain":0,"player_choice":"Full Heal","damage_taken":0,"max_hp_gain":0,"max_hp_loss":0,"event_name":"Wheel of Change","floor":14,"gold_loss":0}],"is_beta":false,"boss_relics":[],"items_purged_floors":[6],"is_endless":false,"potions_floor_spawned":[13,15],"killed_by":"DF_ARCHETYPE_STREAMLINE","ascension_level":0}}