{"host":"8is2j71l4wmybkoi","time":1613392821,"event":{"mods":["AchievementEnabler","BaseMod","Colored Map","DeckTracker","Minty Spire (QoL Compilation)","Rare Cards Sparkle","Relic Stats","StSLib","SuperFastMode"],"gold_per_floor":[113,113,113,113,129,164,164,178,178,190,205,205,218,248,248,319,319,332,24,24,24,42,69,69,69,69],"floor_reached":25,"language":"KOR","playtime":956,"items_purged":["Strike_R"],"score":492,"play_id":"d4525e72-639f-48f6-b5ff-a34e125ea7a5","local_time":"20210215214021","is_ascension_mode":true,"campfire_choices":[{"floor":7.0,"key":"REST"},{"floor":12.0,"key":"REST"},{"data":"Armaments","floor":15.0,"key":"SMITH"},{"data":"Barricade","floor":24,"key":"SMITH"}],"circlet_count":0,"master_deck":["AscendersBane","Strike_R","Strike_R+1","Strike_R","Defend_R","Defend_R","Defend_R","Defend_R+1","Bash","Anger","Dropkick","Dual Wield","Barricade+1","Armaments+1","Shrug It Off","Seeing Red","Double Tap","Rage"],"relics":["Burning Blood","Incense Burner","Kunai","Toy Ornithopter","Shuriken","Coffee Dripper","TheAbacus","Anchor"],"acts_visited":["Exordium","TheCity"],"potions_floor_usage":[18,22],"damage_taken":[{"damage":6.0,"enemies":"Small Slimes","floor":1.0,"turns":3.0},{"damage":12.0,"enemies":"Jaw Worm","floor":5.0,"turns":2.0},{"damage":43.0,"enemies":"Lagavulin","floor":6.0,"turns":7.0},{"damage":7.0,"enemies":"2 Louse","floor":8.0,"turns":2.0},{"damage":14.0,"enemies":"Large Slime","floor":10.0,"turns":6.0},{"damage":9.0,"enemies":"2 Fungi Beasts","floor":11.0,"turns":5.0},{"damage":6.0,"enemies":"Looter","floor":13.0,"turns":3.0},{"damage":32.0,"enemies":"3 Sentries","floor":14.0,"turns":12.0},{"damage":0.0,"enemies":"Hexaghost","floor":16.0,"turns":11.0},{"damage":27,"enemies":"3 Byrds","floor":18,"turns":7},{"damage":6,"enemies":"Shell Parasite","floor":22,"turns":6},{"damage":45,"enemies":"Slavers","floor":23,"turns":8},{"damage":21,"enemies":"Book of Stabbing","floor":25,"turns":3}],"seed_played":"2638731426797379871","potions_obtained":[{"floor":5.0,"key":"HeartOfIron"},{"floor":6.0,"key":"Energy Potion"},{"floor":10.0,"key":"SpeedPotion"},{"floor":13.0,"key":"LiquidMemories"},{"floor":14.0,"key":"AttackPotion"},{"floor":16.0,"key":"Dexterity Potion"},{"floor":18,"key":"SkillPotion"}],"is_trial":false,"path_per_floor":["M","?","?","?","M","E","R","M","T","M","M","R","M","E","R","B",null,"M","$","?","?","M","E","R","E"],"character_chosen":"IRONCLAD","items_purchased":["Rage","TheAbacus"],"campfire_rested":2,"item_purchase_floors":[19,19],"current_hp_per_floor":[68,68,73,51,45,8,29,28,28,25,22,43,43,22,22,38,64,48,48,48,48,53,14,14,0,0],"gold":69,"neow_bonus":"ONE_RARE_RELIC","is_daily":false,"chose_seed":false,"campfire_upgraded":2,"win_rate":0.0,"timestamp":1613392821,"path_taken":["M","?","?","?","M","E","R","M","T","M","M","R","M","E","R","BOSS","M","$","?","?","M","E","R","E"],"items_purchased_type":["Card","Relic"],"build_version":"2020-12-22","purchased_purges":1,"victory":false,"max_hp_per_floor":[68,68,73,73,73,73,73,73,73,73,73,73,73,73,73,73,73,73,73,73,73,73,73,73,73,73],"relic_stats":{"TheAbacus":[18],"counters":[13,75],"Shuriken":[18],"Kunai":[25],"obtain_stats":[{"Anchor":23,"TheAbacus":19,"Shuriken":14,"Incense Burner":0,"Coffee Dripper":17,"Kunai":6,"Burning Blood":0,"Toy Ornithopter":9},{"Anchor":12,"TheAbacus":10,"Shuriken":8,"Incense Burner":0,"Coffee Dripper":9,"Kunai":3,"Burning Blood":0,"Toy Ornithopter":4},{"Anchor":72,"TheAbacus":58,"Shuriken":40,"Incense Burner":0,"Coffee Dripper":51,"Kunai":12,"Burning Blood":0,"Toy Ornithopter":14}],"Burning Blood":72,"Toy Ornithopter":30},"card_choices":[{"not_picked":["Cleave","Iron Wave"],"picked":"Anger","floor":1.0},{"not_picked":["Havoc","Clothesline"],"picked":"Dual Wield","floor":5.0},{"not_picked":["Warcry","Feel No Pain"],"picked":"Barricade","floor":6.0},{"not_picked":["Flex","Cleave"],"picked":"Armaments","floor":8.0},{"not_picked":["Cleave","Dark Embrace"],"picked":"Shrug It Off","floor":10.0},{"not_picked":["Sentinel","Blood for Blood"],"picked":"Seeing Red","floor":11.0},{"not_picked":["Sword Boomerang","Iron Wave","Clash"],"picked":"SKIP","floor":13.0},{"not_picked":["Spot Weakness","Ghostly Armor","Combust"],"picked":"SKIP","floor":14.0},{"not_picked":["Bludgeon","Feed"],"picked":"Double Tap","floor":16.0},{"not_picked":["Warcry","Rampage","Reckless Charge"],"picked":"SKIP","floor":18},{"not_picked":["Seeing Red","Twin Strike","Thunderclap"],"picked":"SKIP","floor":22},{"not_picked":["Warcry","Clothesline","Combust"],"picked":"SKIP","floor":23}],"player_experience":1222569,"relics_obtained":[{"floor":6.0,"key":"Kunai"},{"floor":9.0,"key":"Toy Ornithopter"},{"floor":14.0,"key":"Shuriken"},{"floor":23,"key":"Anchor"}],"event_choices":[{"damage_healed":0.0,"max_hp_gain":0.0,"max_hp_loss":0.0,"gold_gain":0.0,"cards_transformed":["Strike_R"],"event_name":"Living Wall","player_choice":"Change","floor":2.0,"gold_loss":0.0,"damage_taken":0.0,"cards_obtained":["Dropkick"]},{"damage_healed":0.0,"max_hp_gain":5.0,"max_hp_loss":0.0,"gold_gain":0.0,"event_name":"Big Fish","player_choice":"Donut","floor":3.0,"gold_loss":0.0,"damage_taken":0.0},{"damage_healed":0.0,"max_hp_gain":0.0,"max_hp_loss":0.0,"gold_gain":0.0,"event_name":"Shining Light","player_choice":"Entered Light","floor":4.0,"gold_loss":0.0,"damage_taken":22.0,"cards_upgraded":["Defend_R","Strike_R"]},{"damage_healed":0,"gold_gain":0,"player_choice":"Ignored","damage_taken":0,"max_hp_gain":0,"max_hp_loss":0,"event_name":"Cursed Tome","floor":20,"gold_loss":0},{"damage_healed":0,"gold_gain":0,"player_choice":"Ignored","damage_taken":0,"max_hp_gain":0,"max_hp_loss":0,"event_name":"The Mausoleum","floor":21,"gold_loss":0}],"is_beta":false,"boss_relics":[{"not_picked":["Fusion Hammer","Black Star"],"picked":"Coffee Dripper"}],"items_purged_floors":[19],"is_endless":false,"potions_floor_spawned":[5,6,10,13,14,16,18],"killed_by":"Book of Stabbing","ascension_level":15}}