{"host":"z7iqwv4hfwwvhc2n","time":1613385326,"event":{"mods":["2.2 Compatiblity","BaseMod","Better Third Choice","BetterRewards","Bossed Relics","Colored Powertips","Minty Spire (QoL Compilation)","Permanent Neow","Quick Restart","Relic Filter","StSLib","The Cursed"],"gold_per_floor":[109,127,138,153,153,178,178,31,54,71,71,86,86,101,101,203,203,220,247,257,271,289,289,303,330,330,330,342,18,18,117,117,221,221,240,290,300,347,110,110,130,130,130],"floor_reached":42,"language":"JPN","playtime":2862,"items_purged":[],"score":647,"play_id":"59d0a17b-087c-4b8d-a284-7462da54f65f","local_time":"20210215193526","is_ascension_mode":false,"campfire_choices":[{"data":"Darkness","floor":7,"key":"SMITH"},{"data":"Loop","floor":15,"key":"SMITH"},{"floor":23,"key":"REST"},{"data":"Rainbow","floor":27,"key":"SMITH"},{"data":"Lockon","floor":32,"key":"SMITH"},{"data":"Rainbow","floor":40,"key":"SMITH"}],"circlet_count":1,"master_deck":["Strike_B+1","Strike_B+1","Strike_B+1","Strike_B+1","Defend_B+1","Defend_B+1","Defend_B+1","Defend_B+1","Zap","Dualcast","Darkness+1","Lockon+1","White Noise","Redo+1","Go for the Eyes","Barrage","Rainbow+1","Redo","Skim","Loop+1","Chill","Conserve Battery","Cold Snap","Electrodynamics","Barrage","Conserve Battery","Compile Driver+1","Barrage","Sweeping Beam+1","Coolheaded+1","White Noise","Self Repair+1","Chill","Redo+1","Ball Lightning+1","Blizzard","Reinforced Body","Machine Learning","Genetic Algorithm+1","Static Discharge+1","Cold Snap+1","Cold Snap","Skim","Streamline+1","Rainbow+1","Panache","Chill"],"relics":["Cracked Core","Bird Faced Urn","Nloth\u0027s Gift","HandDrill","Letter Opener","Prayer Wheel","TheAbacus","Bronze Scales","Ornamental Fan","Black Star","Red Mask","Ice Cream","Circlet","Happy Flower"],"acts_visited":["Exordium","TheCity","TheBeyond"],"potions_floor_usage":[16,22,33,33,36,37,42,42],"damage_taken":[{"damage":1,"enemies":"Cultist","floor":1,"turns":3},{"damage":0,"enemies":"2 Louse","floor":2,"turns":1},{"damage":0,"enemies":"Small Slimes","floor":3,"turns":3},{"damage":2,"enemies":"Looter","floor":4,"turns":3},{"damage":26,"enemies":"Lagavulin","floor":6,"turns":6},{"damage":5,"enemies":"Blue Slaver","floor":10,"turns":2},{"damage":4,"enemies":"Red Slaver","floor":12,"turns":3},{"damage":1,"enemies":"Gremlin Gang","floor":14,"turns":3},{"damage":0,"enemies":"Slime Boss","floor":16,"turns":5},{"damage":20,"enemies":"2 Thieves","floor":18,"turns":4},{"damage":2,"enemies":"3 Byrds","floor":20,"turns":2},{"damage":8,"enemies":"Snecko","floor":21,"turns":5},{"damage":12,"enemies":"Sentry and Sphere","floor":22,"turns":3},{"damage":13,"enemies":"Snake Plant","floor":24,"turns":3},{"damage":8,"enemies":"Gremlin Leader","floor":25,"turns":6},{"damage":6,"enemies":"Shelled Parasite and Fungi","floor":28,"turns":6},{"damage":17,"enemies":"Collector","floor":33,"turns":9},{"damage":9,"enemies":"Orb Walker","floor":35,"turns":5},{"damage":20,"enemies":"Mind Bloom Boss Battle","floor":36,"turns":7},{"damage":4,"enemies":"3 Darklings","floor":37,"turns":3},{"damage":52,"enemies":"2 Orb Walkers","floor":38,"turns":4},{"damage":40,"enemies":"Jaw Worm Horde","floor":41,"turns":4},{"damage":23,"enemies":"Maw","floor":42,"turns":8}],"seed_played":"-6842117385509634482","potions_obtained":[{"floor":1,"key":"Explosive Potion"},{"floor":2,"key":"ColorlessPotion"},{"floor":10,"key":"GamblersBrew"},{"floor":18,"key":"GamblersBrew"},{"floor":21,"key":"Ancient Potion"},{"floor":25,"key":"Swift Potion"},{"floor":28,"key":"SkillPotion"},{"floor":33,"key":"Weak Potion"},{"floor":36,"key":"Fire Potion"},{"floor":41,"key":"Block Potion"}],"is_trial":false,"path_per_floor":["M","M","M","M","?","E","R","$","T","M","?","M","?","M","R","B",null,"M","T","M","M","M","R","M","E","T","R","M","$","?","?","R","B",null,"M","?","M","?","$","R","M","M"],"character_chosen":"DEFECT","items_purchased":["Nloth\u0027s Gift","HandDrill","Letter Opener","Darkness","Lockon","TheAbacus","Happy Flower","Reinforced Body","Rainbow","Panache"],"campfire_rested":1,"item_purchase_floors":[0,0,0,0,0,8,29,29,39,39],"current_hp_per_floor":[74,75,75,73,73,49,49,49,49,44,69,67,67,66,66,70,75,57,57,55,47,39,61,52,64,64,64,75,75,75,75,75,74,75,70,74,75,37,37,37,3,0,0],"gold":130,"neow_bonus":"","is_daily":false,"chose_seed":false,"campfire_upgraded":5,"win_rate":0.0,"timestamp":1613385326,"path_taken":["M","?","M","M","?","E","R","?","T","M","?","M","?","?","R","BOSS","M","?","?","M","M","R","M","E","T","R","M","$","?","?","R","BOSS","M","?","M","?","$","R","M","M"],"items_purchased_type":["Relic","Relic","Relic","Card","Card","Relic","Relic","Card","Card","Card"],"build_version":"2020-12-22","purchased_purges":0,"victory":false,"max_hp_per_floor":[75,75,75,75,75,75,75,75,75,75,75,75,75,75,75,75,75,75,75,75,75,75,75,75,75,75,75,75,75,75,75,75,75,75,75,75,75,75,75,75,75,75,75],"card_choices":[{"not_picked":["Reprogram","Beam Cell"],"picked":"White Noise","floor":1},{"not_picked":["Gash","Cold Snap"],"picked":"Redo","floor":2},{"not_picked":["Aggregate","Genetic Algorithm"],"picked":"Go for the Eyes","floor":3},{"not_picked":["Beam Cell","Hello World"],"picked":"Barrage","floor":4},{"not_picked":["White Noise","All For One"],"picked":"Rainbow","floor":6},{"not_picked":["Compile Driver","Beam Cell"],"picked":"Redo","floor":10},{"not_picked":["Ball Lightning","Compile Driver"],"picked":"Skim","floor":10},{"not_picked":["FTL","Redo"],"picked":"Loop","floor":12},{"not_picked":["Heatsinks","Amplify"],"picked":"Chill","floor":12},{"not_picked":["Reinforced Body","Heatsinks"],"picked":"Conserve Battery","floor":14},{"not_picked":["Conserve Battery","Steam"],"picked":"Cold Snap","floor":14},{"not_picked":["All For One","Creative AI"],"picked":"Electrodynamics","floor":16},{"not_picked":["Conserve Battery","White Noise+1"],"picked":"Barrage","floor":18},{"not_picked":["FTL","Leap"],"picked":"Conserve Battery","floor":18},{"not_picked":["Leap","Hologram"],"picked":"Compile Driver+1","floor":20},{"not_picked":["Consume","Cold Snap"],"picked":"Barrage","floor":20},{"not_picked":["Fission","Hologram"],"picked":"Sweeping Beam+1","floor":21},{"not_picked":["Fission","Stack"],"picked":"Coolheaded+1","floor":21},{"not_picked":["Gash+1","Leap+1"],"picked":"White Noise","floor":22},{"not_picked":["Ball Lightning","Glacier"],"picked":"Self Repair+1","floor":22},{"not_picked":["Rip and Tear+1","Go for the Eyes"],"picked":"Chill","floor":24},{"not_picked":["Gash+1","Force Field"],"picked":"Redo+1","floor":24},{"not_picked":["Chaos","Redo"],"picked":"Ball Lightning+1","floor":25},{"not_picked":["Thunder Strike","Go for the Eyes"],"picked":"Blizzard","floor":28},{"not_picked":["Sweeping Beam","Compile Driver","Loop"],"picked":"SKIP","floor":28},{"not_picked":["Biased Cognition","Multi-Cast"],"picked":"Machine Learning","floor":33},{"not_picked":["Reinforced Body","Steam+1"],"picked":"Genetic Algorithm+1","floor":35},{"not_picked":["Coolheaded+1","Leap+1"],"picked":"Static Discharge+1","floor":35},{"not_picked":["Electrodynamics","Compile Driver+1"],"picked":"Cold Snap+1","floor":36},{"not_picked":["Redo","Darkness"],"picked":"Cold Snap","floor":37},{"not_picked":["Hologram","Compile Driver+1"],"picked":"Skim","floor":37},{"not_picked":["Compile Driver","Chaos"],"picked":"Streamline+1","floor":38},{"not_picked":["Genetic Algorithm","Double Energy"],"picked":"Chill","floor":41},{"not_picked":["Doom and Gloom","Rip and Tear+1","Heatsinks"],"picked":"SKIP","floor":41}],"player_experience":56911,"relics_obtained":[{"floor":6,"key":"Prayer Wheel"},{"floor":9,"key":"Bronze Scales"},{"floor":19,"key":"Black Star"},{"floor":25,"key":"Red Mask"},{"floor":25,"key":"Ice Cream"},{"floor":26,"key":"Circlet"}],"event_choices":[{"damage_healed":0,"gold_gain":0,"player_choice":"Upgraded","damage_taken":0,"max_hp_gain":0,"max_hp_loss":0,"event_name":"Upgrade Shrine","floor":5,"gold_loss":0,"cards_upgraded":["Redo"]},{"damage_healed":25,"gold_gain":0,"player_choice":"Banana","damage_taken":0,"max_hp_gain":0,"max_hp_loss":0,"event_name":"Big Fish","floor":11,"gold_loss":0},{"damage_healed":0,"gold_gain":0,"player_choice":"Ignored","damage_taken":0,"max_hp_gain":0,"max_hp_loss":0,"event_name":"Golden Idol","floor":13,"gold_loss":0},{"damage_healed":0,"gold_gain":0,"player_choice":"Simplicity","damage_taken":0,"max_hp_gain":0,"max_hp_loss":8,"event_name":"betterThird:BetterWriting","floor":30,"gold_loss":0},{"damage_healed":0,"gold_gain":99,"player_choice":"Steal","damage_taken":0,"max_hp_gain":0,"max_hp_loss":0,"event_name":"betterThird:BetterNest","floor":31,"gold_loss":0},{"damage_healed":0,"gold_gain":0,"player_choice":"Fight","damage_taken":0,"max_hp_gain":0,"max_hp_loss":0,"event_name":"MindBloom","floor":36,"gold_loss":0},{"damage_healed":0,"gold_gain":0,"player_choice":"Fight","damage_taken":0,"max_hp_gain":0,"max_hp_loss":0,"event_name":"Mysterious Sphere","floor":38,"gold_loss":0}],"is_beta":false,"boss_relics":[{"not_picked":["Sundial","Shuriken"],"picked":"Ornamental Fan"},{"not_picked":["Circlet","Circlet","Circlet"]}],"items_purged_floors":[],"is_endless":false,"potions_floor_spawned":[1,2,10,18,21,25,28,33,36,41],"killed_by":"Maw","ascension_level":0}}