{"host":"ef2yae0c2dejfw9q","time":1613373878,"event":{"mods":["BaseMod","Card Forge","Colored Powertips","Highlight Path","Minty Spire (QoL Compilation)","StSLib"],"gold_per_floor":[116,9077,9028,9028,9028,9060,9060,8145,8145,8180,8196,8196,8222,8240,8240,8343,8343,8358,8369,8369,8380,7917,7917,7945,7945,7972,7984,8028,8067,8107,8143,8155,8280,8351,8388,8759,8771,7974,7990,8027,8027,8045,8045,8080,8108,8108,8137,8171,8171,8171],"floor_reached":51,"language":"ENG","playtime":4346,"items_purged":["Strike_P","Regret","BattleHymn+1"],"score":1284,"play_id":"df9fb3c9-22e9-47c9-9d0e-735de5671df9","local_time":"20210214232438","is_ascension_mode":true,"campfire_choices":[{"data":"Strike_P","floor":7,"key":"SMITH"},{"data":"PathToVictory","floor":12,"key":"SMITH"},{"data":"Halt","floor":15,"key":"SMITH"},{"data":"DevaForm","floor":23,"key":"SMITH"},{"data":"Adaptation","floor":27,"key":"SMITH"},{"data":"PathToVictory","floor":32,"key":"SMITH"},{"data":"Prostrate","floor":41,"key":"SMITH"},{"floor":46,"key":"REST"},{"floor":49,"key":"REST"}],"circlet_count":0,"master_deck":["Strike_P+1","Strike_P+1","Defend_P+1","Defend_P+1","Defend_P+1","Eruption+1","Vigilance+1","FlurryOfBlows+1","FlyingSleeves+1","Enlightenment+1","SpiritShield+1","BattleHymn+1","Study+1","Crescendo+1","PathToVictory+1","MasterReality+1","Halt+1","DevaForm+1","FollowUp+1","EmptyBody+1","Adaptation+1","SashWhip+1","PathToVictory+1","Prostrate+1","Devotion+1","CrushJoints+1","Worship+1","Prostrate+1","FlurryOfBlows+1","Dramatic Entrance+1","Panache+1","PathToVictory+1","Alpha+1"],"relics":["PureWater","Hammer of Thor","Seething Fire","Anvil of the Gods","WingedGreaves","Lantern","Sling","Mercury Hourglass","MealTicket","Happy Flower","Meat on the Bone","DollysMirror","White Beast Statue","Question Card","Orichalcum","Dead Branch","Black Star","Sundial","Oddly Smooth Stone","Pen Nib","Cauldron","Whetstone","Ice Cream","Enchiridion","MawBank","Centennial Puzzle","CeramicFish","Bag of Marbles","Strawberry","Tiny House","Old Coin","TheAbacus","Singing Bowl","Prayer Wheel","Nunchaku","The Courier","CloakClasp","Damaru","Dream Catcher","Blood Vial","Juzu Bracelet","Akabeko","Toy Ornithopter"],"acts_visited":["TheCity","TheBeyond"],"potions_floor_usage":[10,10,10,13,13,16,16,21,21,22,24,29,29,30,30,31,33,35,40,40,47,47,48,50],"damage_taken":[{"damage":0.0,"enemies":"Small Slimes","floor":1.0,"turns":3.0},{"damage":0.0,"enemies":"3 Sentries","floor":6.0,"turns":2.0},{"damage":4,"enemies":"Gremlin Nob","floor":10,"turns":4},{"damage":0,"enemies":"2 Louse","floor":11,"turns":1},{"damage":2,"enemies":"3 Sentries","floor":13,"turns":3},{"damage":6,"enemies":"Jaw Worm","floor":14,"turns":2},{"damage":5,"enemies":"Hexaghost","floor":16,"turns":5},{"damage":18,"enemies":"2 Thieves","floor":18,"turns":3},{"damage":16,"enemies":"Spheric Guardian","floor":19,"turns":3},{"damage":6,"enemies":"Chosen and Byrds","floor":21,"turns":3},{"damage":8,"enemies":"Book of Stabbing","floor":24,"turns":4},{"damage":52,"enemies":"Slavers","floor":28,"turns":4},{"damage":0,"enemies":"Sentry and Sphere","floor":29,"turns":2},{"damage":27,"enemies":"Gremlin Leader","floor":30,"turns":4},{"damage":5,"enemies":"Snake Plant","floor":31,"turns":4},{"damage":0,"enemies":"Automaton","floor":33,"turns":5},{"damage":14,"enemies":"Orb Walker","floor":35,"turns":2},{"damage":15,"enemies":"Mind Bloom Boss Battle","floor":36,"turns":4},{"damage":6,"enemies":"3 Shapes","floor":39,"turns":3},{"damage":15,"enemies":"Nemesis","floor":40,"turns":3},{"damage":22,"enemies":"Giant Head","floor":44,"turns":5},{"damage":10,"enemies":"Jaw Worm Horde","floor":45,"turns":2},{"damage":30,"enemies":"Reptomancer","floor":47,"turns":4},{"damage":21,"enemies":"Nemesis","floor":48,"turns":3},{"damage":71,"enemies":"Donu and Deca","floor":50,"turns":6}],"seed_played":"-3101329455039547801","potions_obtained":[{"floor":10,"key":"Explosive Potion"},{"floor":11,"key":"PowerPotion"},{"floor":13,"key":"Swift Potion"},{"floor":14,"key":"StancePotion"},{"floor":16,"key":"SteroidPotion"},{"floor":18,"key":"SteroidPotion"},{"floor":19,"key":"SkillPotion"},{"floor":21,"key":"Regen Potion"},{"floor":22,"key":"Fruit Juice"},{"floor":22,"key":"Dexterity Potion"},{"floor":22,"key":"GamblersBrew"},{"floor":24,"key":"GamblersBrew"},{"floor":28,"key":"EssenceOfSteel"},{"floor":29,"key":"AttackPotion"},{"floor":30,"key":"Ancient Potion"},{"floor":31,"key":"BottledMiracle"},{"floor":33,"key":"Strength Potion"},{"floor":34,"key":"Regen Potion"},{"floor":35,"key":"FairyPotion"},{"floor":36,"key":"DistilledChaos"},{"floor":39,"key":"StancePotion"},{"floor":40,"key":"SpeedPotion"},{"floor":44,"key":"EssenceOfSteel"},{"floor":47,"key":"Fruit Juice"},{"floor":48,"key":"SkillPotion"}],"is_trial":false,"path_per_floor":["M","$","?","?","T","E","R","$","T","E","M","R","E","M","R","B",null,"M","M","?","M","$","R","E","?","T","R","E","M","E","M","R","B",null,"M","?","?","$","M","E","R","?","T","E","M","R","E","E","R","B",null],"character_chosen":"WATCHER","items_purchased":["FlyingSleeves","WingedGreaves","Lantern","Sling","BattleHymn","SteroidPotion","Weak Potion","Dexterity Potion","Enlightenment","Meat on the Bone","DollysMirror","White Beast Statue","Study","Fire Potion","Block Potion","Oddly Smooth Stone","Pen Nib","Cauldron","TheAbacus","Singing Bowl","Prayer Wheel"],"campfire_rested":2,"item_purchase_floors":[2,2,2,2,2,2,2,2,2,8,8,8,8,8,8,22,22,22,38,38,38],"current_hp_per_floor":[51,51,51,51,51,51,51,66,66,62,62,62,60,54,54,49,66,48,44,44,38,58,58,62,46,46,46,35,47,39,46,46,46,80,71,56,56,71,69,54,54,46,46,38,42,73,57,55,89,37],"gold":8171,"neow_bonus":"REMOVE_TWO","is_daily":false,"chose_seed":false,"campfire_upgraded":7,"win_rate":0.0,"timestamp":1613373878,"path_taken":["M","$","?","?","?","E","R","$","T","E","M","R","E","M","R","BOSS","M","M","?","?","$","R","E","?","T","R","E","M","E","M","R","BOSS","M","?","?","$","?","E","R","?","T","E","M","R","E","E","R","BOSS"],"items_purchased_type":["Card","Relic","Relic","Relic","Card","Potion","Potion","Potion","Card","Relic","Relic","Relic","Card","Potion","Potion","Relic","Relic","Relic","Relic","Relic","Relic"],"build_version":"2020-12-22","purchased_purges":3,"victory":true,"max_hp_per_floor":[72,72,72,72,72,72,72,72,72,72,72,72,72,72,72,72,72,72,72,72,72,77,77,77,77,77,77,77,77,84,84,84,84,89,89,89,89,89,93,93,93,95,95,97,99,101,103,108,110,110],"card_choices":[{"not_picked":["Protect","SashWhip"],"picked":"FlurryOfBlows","floor":1.0},{"not_picked":["WaveOfTheHand","Halt"],"picked":"SpiritShield","floor":6.0},{"not_picked":["Establishment","EmptyBody","Protect"],"picked":"Crescendo","floor":10},{"not_picked":["EmptyFist","FlyingSleeves","FollowUp"],"picked":"PathToVictory","floor":11},{"not_picked":["PathToVictory","EmptyMind","CutThroughFate"],"picked":"MasterReality","floor":13},{"not_picked":["EmptyBody","ClearTheMind","ThirdEye"],"picked":"Halt","floor":14},{"not_picked":["Omniscience","LessonLearned","Establishment"],"picked":"DevaForm","floor":16},{"not_picked":["BowlingBash","Consecrate","Protect"],"picked":"FollowUp","floor":18},{"not_picked":["Evaluate","FollowUp","CutThroughFate"],"picked":"EmptyBody","floor":19},{"not_picked":["CrushJoints","Study","Perseverance"],"picked":"Adaptation","floor":21},{"not_picked":["ClearTheMind","Crescendo+1","FollowUp+1"],"picked":"SashWhip+1","floor":24},{"not_picked":["Establishment","Collect","ForeignInfluence","Evaluate+1"],"picked":"SKIP","floor":28},{"not_picked":["Wireheading","LikeWater","ReachHeaven"],"picked":"PathToVictory","floor":29},{"not_picked":["BowlingBash","ClearTheMind","EmptyFist","Conclude"],"picked":"SKIP","floor":30},{"not_picked":["JustLucky","WaveOfTheHand","ThirdEye"],"picked":"Prostrate","floor":31},{"not_picked":["Blasphemy","SpiritShield","ConjureBlade"],"picked":"Devotion","floor":33},{"not_picked":["Collect+1","Adaptation+1","Crescendo"],"picked":"CrushJoints","floor":34},{"not_picked":["Evaluate","Halt+1","Tantrum"],"picked":"Worship+1","floor":35},{"not_picked":["FollowUp+1","Protect","WreathOfFlame"],"picked":"Prostrate","floor":36},{"not_picked":["Wish","JustLucky","BowlingBash+1","Consecrate+1"],"picked":"Singing Bowl","floor":39},{"not_picked":["Nirvana+1","Indignation+1","WaveOfTheHand","ThirdEye+1"],"picked":"Singing Bowl","floor":39},{"not_picked":["Weave+1","WindmillStrike","JustLucky+1"],"picked":"FlurryOfBlows+1","floor":40},{"not_picked":["Panache","Madness","Bandage Up"],"picked":"Dramatic Entrance","floor":42},{"not_picked":["Impatience","Secret Technique","Sadistic Nature"],"picked":"Panache","floor":42},{"not_picked":["Mayhem","Enlightenment","HandOfGreed","Transmutation"],"picked":"Singing Bowl","floor":42},{"not_picked":["MentalFortress+1","ClearTheMind","DeusExMachina","CutThroughFate+1"],"picked":"Singing Bowl","floor":44},{"not_picked":["SandsOfTime+1","SashWhip+1","EmptyBody+1","Nirvana+1"],"picked":"Singing Bowl","floor":45},{"not_picked":["SignatureMove","Consecrate+1","ClearTheMind"],"picked":"PathToVictory","floor":45},{"not_picked":["Nirvana","CutThroughFate","JustLucky+1","Crescendo+1"],"picked":"Singing Bowl","floor":46},{"not_picked":["Sanctity","ThirdEye","Scrawl","Evaluate+1"],"picked":"Singing Bowl","floor":47},{"not_picked":["Wireheading+1","ForeignInfluence","FlyingSleeves+1"],"picked":"Alpha","floor":48},{"not_picked":["LikeWater","Crescendo","Prostrate","Collect"],"picked":"Singing Bowl","floor":49}],"player_experience":127391,"relics_obtained":[{"floor":5.0,"key":"MealTicket"},{"floor":6.0,"key":"Happy Flower"},{"floor":9,"key":"Question Card"},{"floor":10,"key":"Orichalcum"},{"floor":13,"key":"Dead Branch"},{"floor":24,"key":"Whetstone"},{"floor":24,"key":"Ice Cream"},{"floor":25,"key":"Enchiridion"},{"floor":26,"key":"MawBank"},{"floor":28,"key":"Centennial Puzzle"},{"floor":28,"key":"CeramicFish"},{"floor":30,"key":"Bag of Marbles"},{"floor":30,"key":"Strawberry"},{"floor":36,"key":"Old Coin"},{"floor":40,"key":"Nunchaku"},{"floor":40,"key":"The Courier"},{"floor":43,"key":"CloakClasp"},{"floor":44,"key":"Damaru"},{"floor":44,"key":"Dream Catcher"},{"floor":47,"key":"Blood Vial"},{"floor":47,"key":"Juzu Bracelet"},{"floor":48,"key":"Akabeko"},{"floor":48,"key":"Toy Ornithopter"}],"event_choices":[{"damage_healed":0.0,"max_hp_gain":0.0,"max_hp_loss":0.0,"gold_gain":0.0,"event_name":"World of Goop","player_choice":"Left Gold","floor":3.0,"gold_loss":49.0,"damage_taken":0.0},{"damage_healed":0.0,"max_hp_gain":0.0,"max_hp_loss":0.0,"gold_gain":0.0,"event_name":"Big Fish","player_choice":"Box","floor":4.0,"gold_loss":0.0,"damage_taken":0.0,"relics_obtained":["Mercury Hourglass"],"cards_obtained":["Regret"]},{"damage_healed":0,"gold_gain":0,"player_choice":"Gave Potion","damage_taken":0,"relics_obtained":["Sundial"],"max_hp_gain":0,"max_hp_loss":0,"event_name":"WeMeetAgain","floor":20,"gold_loss":0},{"damage_healed":0,"gold_gain":0,"player_choice":"Obtained Book","damage_taken":16,"max_hp_gain":0,"max_hp_loss":0,"event_name":"Cursed Tome","floor":25,"gold_loss":0},{"damage_healed":0,"gold_gain":0,"player_choice":"Fight","damage_taken":0,"max_hp_gain":0,"max_hp_loss":0,"event_name":"MindBloom","floor":36,"gold_loss":0},{"damage_healed":0,"gold_gain":0,"player_choice":"Bought 0 Potions","damage_taken":0,"max_hp_gain":0,"max_hp_loss":0,"event_name":"The Woman in Blue","floor":37,"gold_loss":0},{"damage_healed":0,"gold_gain":0,"player_choice":"Memory 3","damage_taken":10,"max_hp_gain":0,"max_hp_loss":0,"event_name":"SensoryStone","floor":42,"gold_loss":0}],"is_beta":false,"boss_relics":[{"not_picked":["Runic Dome","Velvet Choker"],"picked":"Black Star"},{"not_picked":["Snecko Eye","Fusion Hammer"],"picked":"Tiny House"}],"items_purged_floors":[2,8,38],"is_endless":false,"potions_floor_spawned":[10,11,13,14,16,18,19,21,24,28,29,30,31,33,35,36,39,40,44,45,47,48],"ascension_level":5}}