{"host":"eeb412nj2w7f9cz8","time":1613366700,"event":{"mods":["ATMod(°¢èªMod)","Act Like it!","BaseMod","Minty Spire (QoL Compilation)","StSLib"],"gold_per_floor":[109,121,121,140,155,155,105,105,173,173,191,204,204,217,217,313,313,326,341,341,353,373,373,391,424,424,355,370,388,388,401,401,505,505,518,618,629,629,123,149,165,197,220,233,251,251,269,288,288,288,288,288,1,26,26],"floor_reached":56,"language":"ZHS","playtime":4250,"items_purged":["Bane+1","Defend_G"],"score":1504,"play_id":"be46f997-593c-468b-b822-94f77e3b083e","local_time":"20210215132500","is_ascension_mode":false,"campfire_choices":[{"data":"AT_KneejerkReflex","floor":6.0,"key":"SMITH"},{"data":"Calculated Gamble","floor":8.0,"key":"SMITH"},{"data":"AT_ChampionStep","floor":10.0,"key":"SMITH"},{"data":"Neutralize","floor":15.0,"key":"SMITH"},{"data":"After Image","floor":23.0,"key":"SMITH"},{"data":"Tools of the Trade","floor":30.0,"key":"SMITH"},{"data":"Prepared","floor":32.0,"key":"SMITH"},{"floor":46,"key":"RECALL"},{"data":"Acrobatics","floor":49,"key":"SMITH"},{"data":"AT_EmpoweredMortalDraw","floor":52,"key":"SMITH"}],"circlet_count":0,"master_deck":["Strike_G+1","Strike_G","Strike_G","Defend_G","Survivor","Neutralize+1","AT_ChampionStep+1","Cloak And Dagger","AT_KneejerkReflex+1","Calculated Gamble+1","Underhanded Strike","Blade Dance","Acrobatics+1","After Image+1","Concentrate+1","Night Terror+1","Dagger Throw+1","AT_WindFlip+1","Tools of the Trade+1","Accuracy","Infinite Blades+1","Storm of Steel","Reflex","Prepared+1","After Image+1","AT_EmpoweredMortalDraw+1","Cloak And Dagger","AT_BreakingExtremeWeapon","After Image+1","Backflip+1","Prepared","AT_FocusSwordFire+1","Reflex","AT_ArcaneSupremacy+1"],"relics":["Ring of the Snake","AT_ATBox","AT_ImmortalShieldbow","Astrolabe","Smiling Mask","AT_SilvercatRing","AT_MortalBlade","Whetstone","DollysMirror","Snake Skull","AT_RedNoBalance","AT_ChloranthyRing","Vajra","AT_ArchangelStaff"],"acts_visited":["Exordium","TheCity","TheBeyond","TheEnding"],"potions_floor_usage":[50,54,55],"damage_taken":[{"damage":0.0,"enemies":"2 Louse","floor":1.0,"turns":3.0},{"damage":0.0,"enemies":"Jaw Worm","floor":2.0,"turns":5.0},{"damage":0.0,"enemies":"Small Slimes","floor":4.0,"turns":6.0},{"damage":3.0,"enemies":"Exordium Thugs","floor":5.0,"turns":6.0},{"damage":0.0,"enemies":"Large Slime","floor":11.0,"turns":4.0},{"damage":0.0,"enemies":"Gremlin Gang","floor":12.0,"turns":3.0},{"damage":7.0,"enemies":"2 Fungi Beasts","floor":14.0,"turns":3.0},{"damage":0.0,"enemies":"Hexaghost","floor":16.0,"turns":4.0},{"damage":7.0,"enemies":"2 Thieves","floor":18.0,"turns":3.0},{"damage":9.0,"enemies":"Shell Parasite","floor":19.0,"turns":5.0},{"damage":0.0,"enemies":"3 Cultists","floor":21.0,"turns":1.0},{"damage":4.0,"enemies":"Snake Plant","floor":22.0,"turns":3.0},{"damage":0.0,"enemies":"Centurion and Healer","floor":24.0,"turns":3.0},{"damage":17.0,"enemies":"Gremlin Leader","floor":25.0,"turns":6.0},{"damage":10.0,"enemies":"Shelled Parasite and Fungi","floor":28.0,"turns":4.0},{"damage":6.0,"enemies":"3 Cultists","floor":29.0,"turns":3.0},{"damage":15.0,"enemies":"Snake Plant","floor":31.0,"turns":4.0},{"damage":6.0,"enemies":"Collector","floor":33.0,"turns":3.0},{"damage":1.0,"enemies":"Orb Walker","floor":35.0,"turns":3.0},{"damage":0.0,"enemies":"3 Shapes","floor":37.0,"turns":3.0},{"damage":3.0,"enemies":"Giant Head","floor":40.0,"turns":5.0},{"damage":12,"enemies":"Sphere and 2 Shapes","floor":41,"turns":3},{"damage":5,"enemies":"Reptomancer","floor":42,"turns":3},{"damage":1,"enemies":"Writhing Mass","floor":44,"turns":3},{"damage":10,"enemies":"Spire Growth","floor":45,"turns":5},{"damage":24,"enemies":"Transient","floor":47,"turns":5},{"damage":21,"enemies":"3 Darklings","floor":48,"turns":5},{"damage":0,"enemies":"Time Eater","floor":50,"turns":6},{"damage":16,"enemies":"Shield and Spear","floor":54,"turns":2},{"damage":44,"enemies":"The Heart","floor":55,"turns":5}],"seed_played":"-4691222774155139734","potions_obtained":[{"floor":2.0,"key":"GhostInAJar"},{"floor":4.0,"key":"Block Potion"},{"floor":14.0,"key":"FearPotion"},{"floor":19.0,"key":"Block Potion"},{"floor":21.0,"key":"GamblersBrew"},{"floor":24.0,"key":"DuplicationPotion"},{"floor":29.0,"key":"BlessingOfTheForge"},{"floor":31.0,"key":"EssenceOfSteel"},{"floor":33.0,"key":"Fire Potion"},{"floor":37.0,"key":"Weak Potion"},{"floor":38.0,"key":"FairyPotion"},{"floor":41,"key":"DistilledChaos"},{"floor":48,"key":"DistilledChaos"},{"floor":54,"key":"GhostInAJar"}],"is_trial":false,"path_per_floor":["M","M","?","M","M","R","?","R","T","R","M","M","?","M","R","B",null,"M","M","?","M","M","R","M","E","T","?","M","M","R","M","R","B",null,"M","?","M","?","$","E","M","E","T","M","M","R","M","M","R","B",null,"R","$","E","B",null],"character_chosen":"THE_SILENT","items_purchased":["Whetstone","AT_BreakingExtremeWeapon","DollysMirror","Vajra","AT_ArcaneSupremacy","Energy Potion"],"campfire_rested":0,"item_purchase_floors":[39,39,39,53,53,53],"current_hp_per_floor":[77,77,70,70,67,67,67,67,67,67,67,67,77,70,70,70,77,70,61,61,61,57,57,57,40,40,40,30,24,24,14,14,77,77,76,76,76,76,76,73,61,56,56,37,28,28,65,68,68,38,77,77,77,61,77],"gold":26,"neow_bonus":"TEN_PERCENT_HP_BONUS","is_daily":false,"chose_seed":false,"campfire_upgraded":9,"win_rate":0.0,"timestamp":1613366700,"path_taken":["M","M","?","M","M","R","?","R","T","R","M","M","?","?","R","BOSS","M","M","?","M","M","R","M","E","T","?","?","M","R","M","R","BOSS","M","?","?","?","$","E","M","E","T","?","M","R","M","M","R","BOSS","R","$","E","BOSS"],"items_purchased_type":["Relic","Card","Relic","Relic","Card","Potion"],"build_version":"2020-12-22","purchased_purges":2,"victory":true,"max_hp_per_floor":[77,77,77,77,77,77,77,77,77,77,77,77,77,77,77,77,77,77,77,77,77,77,77,77,77,77,77,77,77,77,77,77,77,77,77,77,77,77,77,77,77,77,77,77,77,77,77,77,77,77,77,77,77,77,77],"card_choices":[{"not_picked":["Bane","Dagger Spray"],"picked":"Cloak And Dagger","floor":1.0},{"not_picked":["AT_TinkerSharpsword","Deflect"],"picked":"AT_KneejerkReflex","floor":2.0},{"not_picked":["PiercingWail","Finisher","Crippling Poison"],"picked":"SKIP","floor":4.0},{"not_picked":["Bane","Distraction"],"picked":"Calculated Gamble","floor":5.0},{"not_picked":["Deflect","Bouncing Flask"],"picked":"Underhanded Strike","floor":11.0},{"not_picked":["Distraction","Phantasmal Killer"],"picked":"Blade Dance","floor":12.0},{"not_picked":["Dodge and Roll","Outmaneuver"],"picked":"Acrobatics","floor":14.0},{"not_picked":["Malaise","Doppelganger"],"picked":"After Image","floor":16.0},{"not_picked":["Flechettes","Deadly Poison"],"picked":"Dagger Throw","floor":18.0},{"not_picked":["Choke","Underhanded Strike+1"],"picked":"AT_WindFlip+1","floor":19.0},{"not_picked":["AT_WindFlip+1","PiercingWail+1"],"picked":"Tools of the Trade","floor":21.0},{"not_picked":["PiercingWail","Outmaneuver","Catalyst"],"picked":"SKIP","floor":22.0},{"not_picked":["Catalyst","Dagger Spray"],"picked":"Accuracy","floor":24.0},{"not_picked":["Bane","Outmaneuver"],"picked":"Infinite Blades+1","floor":25.0},{"not_picked":["Dagger Spray+1","Flying Knee"],"picked":"Storm of Steel","floor":28.0},{"not_picked":["Prepared","Acrobatics"],"picked":"Reflex","floor":29.0},{"not_picked":["Slice","Outmaneuver+1"],"picked":"Prepared","floor":31.0},{"not_picked":["Venomology","Glass Knife"],"picked":"After Image","floor":33.0},{"not_picked":["Backstab+1","All Out Attack+1"],"picked":"Cloak And Dagger","floor":35.0},{"not_picked":["Dodge and Roll+1","Finisher+1","Deadly Poison+1"],"picked":"SKIP","floor":37.0},{"not_picked":["Sucker Punch+1","Accuracy"],"picked":"Backflip+1","floor":40.0},{"not_picked":["Deflect","Backflip+1"],"picked":"Prepared","floor":41},{"not_picked":["PiercingWail","AT_KneejerkReflex"],"picked":"AT_FocusSwordFire+1","floor":42},{"not_picked":["Poisoned Stab+1","Masterful Stab","Sucker Punch+1"],"picked":"SKIP","floor":44},{"not_picked":["AT_ShadowStep","Malaise"],"picked":"Reflex","floor":45},{"not_picked":["AT_KneejerkReflex","Deflect","AT_WomanClash"],"picked":"SKIP","floor":47},{"not_picked":["Eviscerate","Poisoned Stab","Bane+1"],"picked":"SKIP","floor":48},{"not_picked":["Deadly Poison","Caltrops+1","AT_FocusSwordFire"],"picked":"SKIP","floor":54}],"player_experience":103561,"relics_obtained":[{"floor":9.0,"key":"AT_ImmortalShieldbow"},{"floor":25.0,"key":"Smiling Mask"},{"floor":40.0,"key":"Snake Skull"},{"floor":42,"key":"AT_SilverBalance"},{"floor":43,"key":"AT_ChloranthyRing"},{"floor":54,"key":"AT_ArchangelStaff"}],"event_choices":[{"cards_removed":["Defend_G"],"damage_healed":0.0,"max_hp_gain":0.0,"max_hp_loss":0.0,"gold_gain":0.0,"event_name":"Golden Wing","player_choice":"Card Removal","floor":3.0,"gold_loss":0.0,"damage_taken":7.0},{"cards_removed":["Strike_G"],"damage_healed":0.0,"max_hp_gain":0.0,"max_hp_loss":0.0,"gold_gain":0.0,"event_name":"The Cleric","player_choice":"Card Removal","floor":7.0,"gold_loss":50.0,"damage_taken":0.0},{"damage_healed":10.0,"max_hp_gain":0.0,"max_hp_loss":0.0,"gold_gain":0.0,"event_name":"Wheel of Change","player_choice":"Full Heal","floor":13.0,"gold_loss":0.0,"damage_taken":0.0},{"damage_healed":0.0,"max_hp_gain":0.0,"max_hp_loss":0.0,"gold_gain":0.0,"event_name":"Beggar","player_choice":"Ignored","floor":20.0,"gold_loss":0.0,"damage_taken":0.0},{"damage_healed":0.0,"max_hp_gain":0.0,"max_hp_loss":0.0,"gold_gain":0.0,"event_name":"WeMeetAgain","player_choice":"Paid Gold","floor":27.0,"gold_loss":69.0,"damage_taken":0.0,"relics_obtained":["AT_SilvercatRing"]},{"damage_healed":0.0,"max_hp_gain":0.0,"max_hp_loss":0.0,"gold_gain":100.0,"event_name":"Golden Shrine","player_choice":"Pray","floor":36.0,"gold_loss":0.0,"damage_taken":0.0},{"damage_healed":0.0,"max_hp_gain":0.0,"max_hp_loss":0.0,"gold_gain":0.0,"event_name":"Lab","player_choice":"Got Potions","floor":38.0,"gold_loss":0.0,"damage_taken":0.0}],"is_beta":false,"boss_relics":[{"not_picked":["Runic Dome","Busted Crown"],"picked":"Astrolabe"},{"not_picked":["Philosopher\u0027s Stone","Empty Cage"],"picked":"AT_MortalBlade"}],"items_purged_floors":[39,53],"is_endless":false,"potions_floor_spawned":[2,4,14,19,21,24,29,31,33,37,40,41,48,54],"ascension_level":0}}