{"host":"xw7092rw7wabncmm","time":1613354354,"event":{"mods":["AchievementEnabler","BaseMod","Bestiary","Block Reminder","Minty Spire (QoL Compilation)","Quick Restart","Relic Stats","Slay-I","Weighted Paths"],"gold_per_floor":[116,116,132,152,152,180,193,221,221,239,414,29,57,33,33,132,132,118,217,235,44,44,44,78,94,174,204,304,317,74,89,89,193,193,210,226,226,226,5,37,37,72,72,72,72,106,117,117,117,117,117,117,69,69,69],"floor_reached":54,"language":"ENG","playtime":12425,"items_purged":["Doubt","Zap"],"score":1274,"play_id":"a7718e05-e4fb-4989-acc9-05b1d0de3447","local_time":"20210214205914","is_ascension_mode":true,"campfire_choices":[{"floor":15,"key":"REST"},{"data":"Apotheosis","floor":23,"key":"SMITH"},{"data":"Capacitor","floor":32,"key":"SMITH"},{"data":"Seek","floor":41,"key":"SMITH"},{"floor":49,"key":"RECALL"},{"data":"Seek","floor":52,"key":"SMITH"}],"circlet_count":0,"master_deck":["AscendersBane","Strike_B","Strike_B","Strike_B","Strike_B+1","Defend_B","Defend_B","Defend_B","Defend_B","Streamline","Reinforced Body","Hologram","Self Repair+1","Go for the Eyes","Glacier","Steam","Sweeping Beam+1","Seek+1","Cold Snap+1","Lockon+1","Apotheosis+1","Cold Snap+1","Self Repair","Cold Snap+1","Coolheaded","Steam","Doom and Gloom+1","Glacier","Capacitor+1","Seek+1","Doom and Gloom+1","Steam","Lockon+1","Recycle+1"],"relics":["SacredBark","Bag of Preparation","Cables","Question Card","Dead Branch","Molten Egg 2","Nuclear Battery","Matryoshka","Strawberry","Kunai","TungstenRod","Emotion Chip","Eternal Feather","Busted Crown","ClockworkSouvenir","Calipers","Boot","Regal Pillow","Gambling Chip"],"acts_visited":["Exordium","TheCity","TheBeyond","TheEnding"],"potions_floor_usage":[6,10,13,16,24,24,28,33,40,40,46,50,54],"damage_taken":[{"damage":13,"enemies":"Jaw Worm","floor":1,"turns":4},{"damage":1,"enemies":"Cultist","floor":3,"turns":4},{"damage":3,"enemies":"2 Louse","floor":4,"turns":3},{"damage":46,"enemies":"Lagavulin","floor":6,"turns":7},{"damage":7,"enemies":"Exordium Wildlife","floor":7,"turns":4},{"damage":35,"enemies":"3 Sentries","floor":8,"turns":7},{"damage":7,"enemies":"3 Louse","floor":10,"turns":3},{"damage":0,"enemies":"Lagavulin","floor":13,"turns":7},{"damage":29,"enemies":"Slime Boss","floor":16,"turns":15},{"damage":0,"enemies":"2 Thieves","floor":18,"turns":4},{"damage":3,"enemies":"Shell Parasite","floor":20,"turns":9},{"damage":22,"enemies":"Book of Stabbing","floor":24,"turns":5},{"damage":11,"enemies":"Snecko","floor":25,"turns":7},{"damage":13,"enemies":"Slavers","floor":27,"turns":9},{"damage":0,"enemies":"Colosseum Slavers","floor":28,"turns":4},{"damage":9,"enemies":"Colosseum Nobs","floor":28,"turns":6},{"damage":0,"enemies":"Cultist and Chosen","floor":29,"turns":8},{"damage":1,"enemies":"Centurion and Healer","floor":31,"turns":6},{"damage":80,"enemies":"Collector","floor":33,"turns":19},{"damage":0,"enemies":"3 Shapes","floor":35,"turns":6},{"damage":4,"enemies":"3 Darklings","floor":36,"turns":5},{"damage":14,"enemies":"Nemesis","floor":40,"turns":9},{"damage":77,"enemies":"Giant Head","floor":42,"turns":15},{"damage":17,"enemies":"Nemesis","floor":46,"turns":7},{"damage":0,"enemies":"Maw","floor":47,"turns":7},{"damage":12,"enemies":"Awakened One","floor":50,"turns":23},{"damage":73,"enemies":"Shield and Spear","floor":54,"turns":14}],"seed_played":"-4449785298721452164","potions_obtained":[{"floor":3,"key":"Regen Potion"},{"floor":8,"key":"GamblersBrew"},{"floor":10,"key":"Block Potion"},{"floor":13,"key":"PotionOfCapacity"},{"floor":16,"key":"SpeedPotion"},{"floor":18,"key":"LiquidBronze"},{"floor":27,"key":"PowerPotion"},{"floor":29,"key":"BlessingOfTheForge"},{"floor":33,"key":"SteroidPotion"},{"floor":36,"key":"Dexterity Potion"},{"floor":40,"key":"Explosive Potion"},{"floor":42,"key":"SkillPotion"}],"is_trial":false,"path_per_floor":["M","?","M","M","?","E","M","E","T","M","?","$","E","$","R","B",null,"M","?","M","$","?","R","E","M","T","E","?","M","$","M","R","B",null,"M","M","?","?","$","E","R","E","T","?","$","E","M","?","R","B",null,"R","$","E"],"character_chosen":"DEFECT","items_purchased":["Dead Branch","Sweeping Beam+1","Apotheosis","Doom and Gloom+1","Glacier","ClockworkSouvenir","Lockon+1","FearPotion"],"campfire_rested":1,"item_purchase_floors":[12,14,21,30,30,39,39,53],"current_hp_per_floor":[55,55,54,51,36,45,48,23,23,16,16,16,26,26,48,29,64,64,64,71,71,71,71,59,58,65,62,82,82,82,82,82,19,66,82,82,78,78,78,78,78,21,21,68,68,68,68,68,68,68,68,68,68,0,0],"gold":69,"neow_bonus":"BOSS_RELIC","is_daily":false,"chose_seed":false,"campfire_upgraded":4,"win_rate":0.0,"timestamp":1613354354,"path_taken":["M","?","M","?","?","E","M","E","T","M","?","$","E","?","R","BOSS","M","?","M","$","?","R","E","M","T","E","?","M","?","M","R","BOSS","M","M","?","?","$","E","R","E","T","?","$","E","M","?","R","BOSS","R","$","E"],"items_purchased_type":["Relic","Card","Card","Card","Card","Relic","Card","Potion"],"build_version":"2020-12-22","purchased_purges":2,"victory":false,"max_hp_per_floor":[75,75,75,75,75,75,75,75,75,75,75,75,75,75,75,75,75,75,75,75,75,75,75,75,75,82,82,82,82,82,82,82,82,82,82,82,78,78,78,78,78,78,78,68,68,68,68,68,68,68,68,68,68,68,68],"relic_stats":{"Regal Pillow":0,"counters":[27,217],"Dead Branch":[100],"Eternal Feather":0,"Bag of Preparation":[46],"Question Card":19,"Boot":[43],"Cables":[208,25,117,22,44],"Emotion Chip":[117,6,88,22,1],"Busted Crown":14,"Gambling Chip":[10],"Kunai":[50],"obtain_stats":[{"Regal Pillow":43,"Calipers":40,"SacredBark":0,"Dead Branch":12,"Eternal Feather":28,"Bag of Preparation":6,"Question Card":9,"Boot":42,"Cables":8,"Nuclear Battery":17,"ClockworkSouvenir":39,"Emotion Chip":28,"Matryoshka":24,"Busted Crown":34,"Strawberry":26,"Gambling Chip":46,"Molten Egg 2":13,"Kunai":26,"Cracked Core":0,"TungstenRod":27},{"Regal Pillow":23,"Calipers":22,"SacredBark":0,"Dead Branch":7,"Eternal Feather":16,"Bag of Preparation":4,"Question Card":6,"Boot":23,"Cables":6,"Nuclear Battery":9,"ClockworkSouvenir":21,"Emotion Chip":16,"Matryoshka":12,"Busted Crown":19,"Strawberry":13,"Gambling Chip":24,"Molten Egg 2":8,"Kunai":13,"Cracked Core":0,"TungstenRod":14},{"Regal Pillow":166,"Calipers":151,"SacredBark":0,"Dead Branch":32,"Eternal Feather":98,"Bag of Preparation":18,"Question Card":29,"Boot":166,"Cables":29,"Nuclear Battery":54,"ClockworkSouvenir":142,"Emotion Chip":98,"Matryoshka":72,"Busted Crown":131,"Strawberry":79,"Gambling Chip":173,"Molten Egg 2":39,"Kunai":79,"Cracked Core":0,"TungstenRod":88}],"TungstenRod":36},"card_choices":[{"not_picked":["Redo","Go for the Eyes"],"picked":"Streamline","floor":1},{"not_picked":["Conserve Battery","Compile Driver"],"picked":"Hologram","floor":3},{"not_picked":["Leap","Conserve Battery"],"picked":"Self Repair","floor":4},{"not_picked":["Barrage","Redo"],"picked":"Ball Lightning","floor":6},{"not_picked":["Hologram","Conserve Battery"],"picked":"Go for the Eyes","floor":7},{"not_picked":["Aggregate","Turbo","Force Field"],"picked":"SKIP","floor":8},{"not_picked":["Chill","Lockon","Genetic Algorithm"],"picked":"Glacier","floor":10},{"not_picked":["Rainbow","Go for the Eyes+1","Sweeping Beam+1"],"picked":"Steam","floor":13},{"not_picked":["Creative AI","Fission","Amplify"],"picked":"Seek","floor":16},{"not_picked":["Hologram+1","Conserve Battery+1","Capacitor"],"picked":"Cold Snap+1","floor":18},{"not_picked":["Compile Driver+1","Steam+1","Turbo"],"picked":"Lockon+1","floor":20},{"not_picked":["Rebound+1","Gash+1","Amplify"],"picked":"Cold Snap+1","floor":24},{"not_picked":["Hello World+1","Hologram","Reinforced Body"],"picked":"Self Repair","floor":25},{"not_picked":["Tempest+1","Rebound+1","Hologram"],"picked":"Cold Snap+1","floor":27},{"not_picked":["Skim","Leap+1","Recycle"],"picked":"Coolheaded","floor":28},{"not_picked":["Heatsinks","Chill","Conserve Battery"],"picked":"Steam","floor":29},{"not_picked":["Thunder Strike+1","Coolheaded+1","Streamline+1"],"picked":"Capacitor","floor":31},{"not_picked":["Fission","Echo Form","Meteor Strike+1"],"picked":"Seek","floor":33},{"not_picked":["Turbo"],"picked":"Doom and Gloom+1","floor":35},{"not_picked":["Hello World"],"picked":"Steam","floor":36},{"not_picked":["Cold Snap+1","Hologram"],"picked":"SKIP","floor":40},{"not_picked":["Hologram+1","Sweeping Beam+1"],"picked":"SKIP","floor":42},{"not_picked":["Compile Driver+1","Reprogram"],"picked":"SKIP","floor":46},{"not_picked":["Static Discharge"],"picked":"Recycle+1","floor":47}],"player_experience":1647611,"relics_obtained":[{"floor":6,"key":"Bag of Preparation"},{"floor":8,"key":"Cables"},{"floor":9,"key":"Question Card"},{"floor":13,"key":"Molten Egg 2"},{"floor":24,"key":"Matryoshka"},{"floor":26,"key":"Strawberry"},{"floor":26,"key":"Kunai"},{"floor":27,"key":"TungstenRod"},{"floor":28,"key":"Emotion Chip"},{"floor":28,"key":"Eternal Feather"},{"floor":40,"key":"Calipers"},{"floor":42,"key":"Boot"},{"floor":43,"key":"Regal Pillow"},{"floor":46,"key":"Gambling Chip"}],"event_choices":[{"damage_healed":0,"gold_gain":0,"cards_transformed":["Dualcast"],"player_choice":"Transformed","damage_taken":0,"max_hp_gain":0,"max_hp_loss":0,"event_name":"Transmorgrifier","floor":2,"gold_loss":0,"cards_obtained":["Reinforced Body"]},{"damage_healed":0,"gold_gain":0,"player_choice":"Entered Light","damage_taken":15,"max_hp_gain":0,"max_hp_loss":0,"event_name":"Shining Light","floor":5,"gold_loss":0,"cards_upgraded":["Strike_B","Self Repair"]},{"damage_healed":0,"gold_gain":175,"player_choice":"AGREE","damage_taken":0,"max_hp_gain":0,"max_hp_loss":0,"event_name":"Liars Game","floor":11,"gold_loss":0,"cards_obtained":["Doubt"]},{"damage_healed":0,"gold_gain":99,"player_choice":"Stole From Cult","damage_taken":0,"max_hp_gain":0,"max_hp_loss":0,"event_name":"Nest","floor":19,"gold_loss":0},{"damage_healed":0,"gold_gain":0,"player_choice":"Ignored","damage_taken":0,"max_hp_gain":0,"max_hp_loss":0,"event_name":"Vampires","floor":22,"gold_loss":0},{"damage_healed":0,"gold_gain":0,"player_choice":"Fight","damage_taken":0,"max_hp_gain":0,"max_hp_loss":0,"event_name":"Colosseum","floor":28,"gold_loss":0},{"damage_healed":0,"gold_gain":0,"player_choice":"Fought Nobs","damage_taken":0,"max_hp_gain":0,"max_hp_loss":0,"event_name":"Colosseum","floor":28,"gold_loss":0},{"damage_healed":0,"gold_gain":0,"player_choice":"Max HP","damage_taken":0,"max_hp_gain":0,"max_hp_loss":4,"event_name":"Winding Halls","floor":37,"gold_loss":0},{"cards_removed":["Ball Lightning"],"damage_healed":0,"gold_gain":0,"player_choice":"Removed Attack","damage_taken":0,"max_hp_gain":0,"max_hp_loss":0,"event_name":"Falling","floor":38,"gold_loss":0},{"damage_healed":68,"gold_gain":0,"player_choice":"Heal","damage_taken":0,"max_hp_gain":0,"max_hp_loss":10,"event_name":"The Moai Head","floor":44,"gold_loss":0},{"damage_healed":0,"gold_gain":0,"player_choice":"Memory 1","damage_taken":0,"max_hp_gain":0,"max_hp_loss":0,"event_name":"SensoryStone","floor":48,"gold_loss":0}],"is_beta":false,"boss_relics":[{"not_picked":["Philosopher\u0027s Stone","Black Star"],"picked":"Nuclear Battery"},{"not_picked":["Cursed Key","Empty Cage"],"picked":"Busted Crown"}],"items_purged_floors":[12,30],"is_endless":false,"potions_floor_spawned":[3,8,10,13,16,18,27,29,33,36,40,42],"killed_by":"Shield and Spear","ascension_level":11}}