{"host":"nk96hmshg916l1i9","time":1613427464,"event":{"mods":["Act Like it!","Aspiration","BaseMod","Bestiary","Better Third Choice","BetterRewards","Colored Map","Colored Powertips","Downfall","Gensokyo","Hallownest","Hermit","Hubris","Koishi","Lobotomy","Marisa（霧雨　魔理沙）","Minty Spire (QoL Compilation)","Prisma Mod","Remilia（蕾米莉?）","Shop Mod","StSLib","Td1madao Mod","The Administrix","The Animator","The Bug Knight","The Cursed","The Disciple","The Hierophant","The Jungle"],"gold_per_floor":[109,109,129,79,31,13,13],"floor_reached":6,"language":"ENG","playtime":577,"items_purged":[],"score":34,"play_id":"19c63eba-3de4-4801-b08f-e071b2a052df","local_time":"20210216061744","is_ascension_mode":false,"campfire_choices":[],"circlet_count":0,"master_deck":["hierophant:Strike_Hierophant","hierophant:Strike_Hierophant","hierophant:Strike_Hierophant","hierophant:Punish","hierophant:Defend_Hierophant","hierophant:Defend_Hierophant","hierophant:Defend_Hierophant","hierophant:Defend_Hierophant","hierophant:ChurchCoffers","hierophant:RepressedViolence","hierophant:Doubloon","hierophant:Dazzle","hierophant:RustyCrate","hierophant:Doubloon","hierophant:Doubloon"],"relics":["hierophant:PropheticMaskRelic","aspiration:Nostalgia","hexamod:SpiritBrand"],"acts_visited":["Exordium"],"potions_floor_usage":[],"damage_taken":[{"damage":0,"enemies":"Small Slimes","floor":1,"turns":4},{"damage":4,"enemies":"Cultist","floor":3,"turns":4},{"damage":56,"enemies":"3 Sentries","floor":6,"turns":12}],"seed_played":"8161196373431864984","potions_obtained":[],"is_trial":false,"path_per_floor":["M","?","M","?","$","E"],"character_chosen":"HIEROPHANT","items_purchased":["hierophant:RustyCrate"],"campfire_rested":0,"item_purchase_floors":[5],"current_hp_per_floor":[75,75,71,71,71,15,15],"gold":13,"neow_bonus":"NOSTALGIA","is_daily":false,"chose_seed":false,"campfire_upgraded":0,"win_rate":0.0,"timestamp":1613427464,"path_taken":["M","?","?","?","$","E"],"items_purchased_type":["Card"],"build_version":"2020-12-22","purchased_purges":0,"victory":false,"max_hp_per_floor":[75,75,75,75,75,75,75],"card_choices":[{"not_picked":["hierophant:RustyCrate","hierophant:Smite"],"picked":"hierophant:RepressedViolence","floor":1},{"not_picked":["hierophant:Prophecy","hierophant:Sermon"],"picked":"hierophant:Dazzle","floor":3}],"player_experience":826623,"relics_obtained":[],"event_choices":[{"damage_healed":0,"gold_gain":0,"player_choice":"Full Heal","damage_taken":0,"max_hp_gain":0,"max_hp_loss":0,"event_name":"Wheel of Change","floor":2,"gold_loss":0},{"cards_removed":["hierophant:Strike_Hierophant"],"damage_healed":0,"gold_gain":0,"player_choice":"Card Removal","damage_taken":0,"max_hp_gain":0,"max_hp_loss":0,"event_name":"The Cleric","floor":4,"gold_loss":50}],"is_beta":false,"boss_relics":[],"items_purged_floors":[],"is_endless":false,"potions_floor_spawned":[],"killed_by":"3 Sentries","ascension_level":0}}