{"host":"tod","time":1613382288,"event":{"mods":["Act Like it!","BaseMod","CapriCore","Highlight Path","Lobotomy","Luminous","Marisa£®ÏF”Í°°ƒß¿Ì…≥£©","Minty Spire (QoL Compilation)","Quick Restart","Reimu£®≤©¿ˆ¡È√Œ£©","Relic Stats","Remilia£®¿Ÿ√◊¿Ú—«£©","Shop Mod","StSLib","The Cursed","The Immortal","Yakumo Yukari mod","Youmu£®ªÍ∆«—˝√Œ£©"],"gold_per_floor":[117,117,127,177,42,74,91,91,91,104,0,32,49,9,9,81,81,93,111,121,121,121,121,121,121],"floor_reached":24,"language":"ZHS","playtime":1002,"items_purged":["Defend_R"],"score":439,"play_id":"50a22acd-dc3a-4ed7-87d3-a7c131fc7560","local_time":"20210215174448","is_ascension_mode":true,"campfire_choices":[{"data":"Sword Boomerang","floor":8,"key":"SMITH"},{"data":"Heavy Blade","floor":15,"key":"SMITH"},{"data":"Sword Boomerang","floor":23,"key":"SMITH"}],"circlet_count":0,"master_deck":["AscendersBane","Strike_R","Strike_R","Strike_R","Strike_R","Strike_R","Defend_R","Defend_R","Defend_R","Bash","Scarecrow","Twin Strike","CrumblingArmor","Inflame","Sword Boomerang+1","BigBird","FairyFestival","Twin Strike","Sword Boomerang+1","Fiend Fire","Heavy Blade+1","Sword Boomerang+1","Heavy Blade+1","Fiend Fire","Lust_TH"],"relics":["Burning Blood","CogitoBucket","The Courier","CrazyTorch:ReiMu","Art of War","Theresia","Velvet Choker"],"acts_visited":["Exordium","TheCity"],"potions_floor_usage":[],"damage_taken":[{"damage":10,"enemies":"Small Slimes","floor":1,"turns":4},{"damage":2,"enemies":"2 Louse","floor":3,"turns":3},{"damage":0,"enemies":"Lagavulin","floor":6,"turns":4},{"damage":6,"enemies":"Cultist","floor":7,"turns":3},{"damage":1,"enemies":"Looter","floor":10,"turns":2},{"damage":24,"enemies":"3 Sentries","floor":12,"turns":5},{"damage":26,"enemies":"Exordium Wildlife","floor":13,"turns":3},{"damage":42,"enemies":"Hexaghost","floor":16,"turns":5},{"damage":11,"enemies":"Spheric Guardian","floor":18,"turns":3},{"damage":25,"enemies":"Shell Parasite","floor":19,"turns":3},{"damage":11,"enemies":"Sentry and Sphere","floor":20,"turns":3},{"damage":45,"enemies":"Slavers","floor":24,"turns":3}],"seed_played":"-4831312241129739043","potions_obtained":[{"floor":7,"key":"Explosive Potion"},{"floor":10,"key":"AttackPotion"},{"floor":13,"key":"SteroidPotion"}],"is_trial":false,"path_per_floor":["M","?","M","?","$","E","M","R","T","M","$","E","M","$","R","B",null,"M","M","M","?","?","R","E"],"character_chosen":"IRONCLAD","items_purchased":["Inflame","Sword Boomerang","Sword Boomerang","Sword Boomerang"],"campfire_rested":0,"item_purchase_floors":[5,5,11,14],"current_hp_per_floor":[64,64,68,68,68,75,75,75,75,75,75,59,39,39,39,8,58,57,38,39,54,54,54,12,12],"gold":121,"neow_bonus":"","is_daily":false,"chose_seed":false,"campfire_upgraded":3,"win_rate":0.0,"timestamp":1613382288,"path_taken":["M","?","M","?","$","E","M","R","T","M","$","E","M","$","R","BOSS","M","M","M","?","?","R","E"],"items_purchased_type":["Card","Card","Card","Card"],"build_version":"2020-12-18","purchased_purges":1,"victory":false,"max_hp_per_floor":[75,75,75,75,75,75,75,75,75,75,75,75,75,75,75,75,75,75,75,75,75,75,75,75,75],"relic_stats":{"counters":[13,42],"Art of War":[0],"obtain_stats":[{"CogitoBucket":0,"CrazyTorch:ReiMu":9,"Velvet Choker":17,"The Courier":6,"Art of War":12,"Theresia":13,"Burning Blood":0},{"CogitoBucket":0,"CrazyTorch:ReiMu":4,"Velvet Choker":9,"The Courier":3,"Art of War":6,"Theresia":8,"Burning Blood":0},{"CogitoBucket":0,"CrazyTorch:ReiMu":14,"Velvet Choker":30,"The Courier":11,"Art of War":21,"Theresia":25,"Burning Blood":0}],"Burning Blood":57},"card_choices":[{"not_picked":["ShyLook","OSAHOGD","UniverseFragment"],"picked":"Singing Bowl","floor":1},{"not_picked":["ShyLook","Mercenary"],"picked":"Scarecrow","floor":1},{"not_picked":["Flex","Rupture"],"picked":"Twin Strike","floor":1},{"not_picked":["BigBadWolf","Bloodbath"],"picked":"CrumblingArmor","floor":3},{"not_picked":["True Grit","Clothesline","Disarm"],"picked":"SKIP","floor":3},{"not_picked":["WallGazer","VoidDream","Bloodbath"],"picked":"Singing Bowl","floor":6},{"not_picked":["ShyLook","BeautyBeast"],"picked":"BigBird","floor":6},{"not_picked":["Disarm","Armaments","Blood for Blood"],"picked":"SKIP","floor":6},{"not_picked":["MHz","Freischutz"],"picked":"FairyFestival","floor":7},{"not_picked":["True Grit","Shrug It Off","Clash"],"picked":"SKIP","floor":7},{"not_picked":["Freischutz","PunishingBird","GalaxyChild"],"picked":"Singing Bowl","floor":10},{"not_picked":["Inflame","Cleave"],"picked":"Twin Strike","floor":10},{"not_picked":["Bloodbath","MHz","Murderer"],"picked":"Singing Bowl","floor":12},{"not_picked":["Havoc","Intimidate"],"picked":"Fiend Fire","floor":12},{"not_picked":["Yin","BlackSwan","WallGazer"],"picked":"Singing Bowl","floor":13},{"not_picked":["Havoc","Combust"],"picked":"Heavy Blade","floor":13},{"not_picked":["SilentOrchestra","Wellcheers","Porccubus"],"picked":"Singing Bowl","floor":16},{"not_picked":["OldLady","UniverseFragment","LongBird"],"picked":"Singing Bowl","floor":18},{"not_picked":["Flame Barrier","Disarm","Headbutt"],"picked":"SKIP","floor":18},{"not_picked":["Scorched","Alriune","Wellcheers"],"picked":"Singing Bowl","floor":19},{"not_picked":["Headbutt","Cleave"],"picked":"Heavy Blade","floor":19},{"not_picked":["WhitesApple","OldLady","Freischutz"],"picked":"Singing Bowl","floor":20},{"not_picked":["Pommel Strike","Wild Strike"],"picked":"Fiend Fire","floor":20}],"player_experience":381434,"relics_obtained":[{"floor":6,"key":"The Courier"},{"floor":9,"key":"CrazyTorch:ReiMu"},{"floor":12,"key":"Art of War"}],"event_choices":[{"damage_healed":0,"gold_gain":0,"player_choice":"Ignored","damage_taken":0,"max_hp_gain":0,"max_hp_loss":0,"event_name":"Liars Game","floor":2,"gold_loss":0},{"damage_healed":0,"gold_gain":50,"player_choice":"Pray","damage_taken":0,"max_hp_gain":0,"max_hp_loss":0,"event_name":"Golden Shrine","floor":4,"gold_loss":0},{"damage_healed":15,"gold_gain":0,"player_choice":"Heal","damage_taken":0,"max_hp_gain":0,"max_hp_loss":0,"event_name":"The Library","floor":21,"gold_loss":0}],"is_beta":true,"boss_relics":[{"not_picked":["SlaversCollar","Snecko Eye"],"picked":"Velvet Choker"}],"items_purged_floors":[11],"is_endless":false,"potions_floor_spawned":[7,10,13,19],"killed_by":"Slavers","ascension_level":18}}