{"host":"uzp1tn8qxn9571p9","time":1613373594,"event":{"mods":["Aspiration","BaseMod","Bossed Relics","Colored Map","Colored Powertips","Curses Come First","Hermit","Marisa£®ÏF”Í°°ƒß¿Ì…≥£©","Mimic Mod","Minty Spire (QoL Compilation)","StSLib","The Hierophant","The Jungle","The Marked","The Runesmith"],"gold_per_floor":[119,131,143,143,143,143,57,57,107,107,151,176,196,66,66,164,164,189,189,104,104,122,122,166,166,166,179,215,46,46,46,46,141,141,160,66,79,0,0,0,0],"floor_reached":40,"language":"ZHS","playtime":1786,"items_purged":[],"score":890,"play_id":"ba950aec-8c36-4e77-a58b-0832d4c092dc","local_time":"20210215151954","daily_mods":["SealedDeck","Vintage"],"is_ascension_mode":true,"campfire_choices":[{"data":"hermit:PistolWhip","floor":6.0,"key":"SMITH"},{"data":"hermit:GoldenBullet","floor":8.0,"key":"SMITH"},{"data":"hermit:Roulette","floor":15.0,"key":"SMITH"},{"data":"hermit:HeroicBravado","floor":23.0,"key":"SMITH"},{"floor":25.0,"key":"REST"},{"floor":30.0,"key":"REST"},{"data":"hermit:WideOpen","floor":32.0,"key":"SMITH"}],"circlet_count":0,"master_deck":["AscendersBane","hermit:Dive","hermit:Dive","hermit:Headshot","hermit:NoHoldsBarred","hermit:PistolWhip","hermit:PistolWhip+1","hermit:Roulette+1","hermit:WideOpen+1","hermit:Desperado","hermit:Determination","hermit:GoldenBullet+1","hermit:TrackingShot","hermit:SprayPray","hermit:HeroicBravado+1","hermit:Feint","hermit:Vantage","hermit:Glare","hermit:CalledShot+1","hermit:Magnum","hermit:Manifest","hermit:Malice"],"relics":["Unceasing Top","Prayer Wheel","Bag of Marbles","StrikeDummy","Golden Idol","Juzu Bracelet","Bottled Flame","Toy Ornithopter","Mummified Hand","aspiration:FutureDiary","aspiration:FetidBarrel","Turnip","aspiration:RitualStick","Akabeko","aspiration:SeaSaltIceCream","aspiration:Nostalgia","Ring of the Snake","Bronze Scales","Question Card","Dream Catcher","hermit:DentedPlate","aspiration:DSix","aspiration:AnachronicSnailShell","Red Mask"],"acts_visited":["Exordium","TheCity","TheBeyond"],"potions_floor_usage":[],"damage_taken":[{"damage":0.0,"enemies":"2 Louse","floor":1.0,"turns":1.0},{"damage":0.0,"enemies":"Small Slimes","floor":2.0,"turns":2.0},{"damage":12.0,"enemies":"Jaw Worm","floor":3.0,"turns":2.0},{"damage":3.0,"enemies":"Gremlin Nob","floor":11.0,"turns":3.0},{"damage":3.0,"enemies":"Looter","floor":12.0,"turns":2.0},{"damage":8.0,"enemies":"3 Louse","floor":13.0,"turns":3.0},{"damage":43.0,"enemies":"Hexaghost","floor":16.0,"turns":8.0},{"damage":10.0,"enemies":"2 Thieves","floor":18.0,"turns":3.0},{"damage":6.0,"enemies":"3 Byrds","floor":22.0,"turns":4.0},{"damage":23.0,"enemies":"Slavers","floor":24.0,"turns":3.0},{"damage":0.0,"enemies":"Snake Plant","floor":27.0,"turns":1.0},{"damage":22.0,"enemies":"Book of Stabbing","floor":28.0,"turns":3.0},{"damage":22,"enemies":"Champ","floor":33,"turns":8},{"damage":0,"enemies":"Orb Walker","floor":35,"turns":1},{"damage":10,"enemies":"3 Darklings","floor":37,"turns":3},{"damage":77,"enemies":"Awakened One","floor":40,"turns":7}],"seed_played":"-508726268972198013","potions_obtained":[{"floor":1.0,"key":"EntropicBrew"},{"floor":11.0,"key":"Block Potion"},{"floor":22.0,"key":"SkillPotion"},{"floor":27.0,"key":"SpeedPotion"},{"floor":28.0,"key":"Swift Potion"},{"floor":35,"key":"FairyPotion"}],"is_trial":true,"path_per_floor":["M","M","M","?","?","R","$","R","T","?","E","M","M","$","R","B",null,"M","?","?","?","M","R","E","R","T","M","E","$","R","$","R","B",null,"M","$","M","?","?","B"],"character_chosen":"HERMIT","items_purchased":["hermit:GoldenBullet","hermit:NoHoldsBarred","hermit:SprayPray","Fruit Juice","hermit:Glare","hermit:Manifest","hermit:Malice"],"campfire_rested":2,"item_purchase_floors":[7,14,14,29,29,36,36],"current_hp_per_floor":[64,64,52,52,52,52,52,52,52,52,49,46,38,38,38,10,56,46,46,46,28,22,22,4,25,25,25,3,13,35,35,35,13,45,45,45,35,35,35,0,0],"gold":0,"neow_bonus":"","is_daily":false,"chose_seed":false,"campfire_upgraded":5,"win_rate":0.0,"timestamp":1613373594,"path_taken":["M","M","M","?","?","R","$","R","T","?","E","M","M","$","R","BOSS","M","?","?","?","M","R","E","R","T","M","E","?","R","$","R","BOSS","M","$","M","?","?","BOSS"],"items_purchased_type":["Card","Card","Card","Potion","Card","Card","Card"],"build_version":"2020-12-22","purchased_purges":0,"victory":false,"max_hp_per_floor":[71,71,71,71,71,71,71,71,71,71,71,71,71,71,71,71,71,71,71,71,71,71,71,71,71,71,71,71,76,76,76,76,76,108,108,108,108,108,108,108,108],"card_choices":[{"not_picked":["hermit:ItchyTrigger","hermit:Virtue"],"picked":"hermit:TrackingShot","floor":11.0},{"not_picked":["hermit:DeadOrAlive","hermit:OverwhelmingPower"],"picked":"hermit:HeroicBravado","floor":16.0},{"not_picked":["hermit:NoHoldsBarred","hermit:CalledShot"],"picked":"hermit:Feint","floor":24.0},{"not_picked":["hermit:TrackingShot","hermit:Misfire","hermit:Snipe"],"picked":"hermit:Vantage","floor":28.0},{"not_picked":["hermit:Vantage","hermit:DeadMansHand","hermit:Snipe"],"picked":"hermit:CalledShot+1","floor":30.0},{"not_picked":["hermit:Reprieve","hermit:Adapt","hermit:FinalCanter"],"picked":"hermit:Magnum","floor":33}],"player_experience":424863,"relics_obtained":[{"floor":1.0,"key":"Prayer Wheel"},{"floor":2.0,"key":"Bag of Marbles"},{"floor":3.0,"key":"StrikeDummy"},{"floor":9.0,"key":"Juzu Bracelet"},{"floor":11.0,"key":"Bottled Flame"},{"floor":12.0,"key":"Toy Ornithopter"},{"floor":13.0,"key":"Mummified Hand"},{"floor":18.0,"key":"aspiration:FetidBarrel"},{"floor":22.0,"key":"Akabeko"},{"floor":24.0,"key":"aspiration:SeaSaltIceCream"},{"floor":26.0,"key":"Bronze Scales"},{"floor":27.0,"key":"Question Card"},{"floor":28.0,"key":"Dream Catcher"},{"floor":35,"key":"aspiration:DSix"},{"floor":37,"key":"aspiration:AnachronicSnailShell"}],"event_choices":[{"damage_healed":0.0,"max_hp_gain":0.0,"max_hp_loss":0.0,"gold_gain":0.0,"event_name":"Golden Idol","player_choice":"Take Wound","floor":4.0,"gold_loss":0.0,"damage_taken":0.0,"relics_obtained":["Golden Idol"],"cards_obtained":["Injury"]},{"damage_healed":0.0,"max_hp_gain":0.0,"max_hp_loss":0.0,"gold_gain":0.0,"event_name":"Scrap Ooze","player_choice":"Fled","floor":5.0,"gold_loss":0.0,"damage_taken":0.0},{"cards_removed":["Injury"],"damage_healed":0.0,"max_hp_gain":0.0,"max_hp_loss":0.0,"gold_gain":0.0,"event_name":"Living Wall","player_choice":"Forget","floor":10.0,"gold_loss":0.0,"damage_taken":0.0},{"cards_removed":["hermit:NoHoldsBarred"],"damage_healed":0.0,"max_hp_gain":0.0,"max_hp_loss":0.0,"gold_gain":0.0,"event_name":"Back to Basics","player_choice":"Elegance","floor":19.0,"gold_loss":0.0,"damage_taken":0.0},{"damage_healed":0.0,"max_hp_gain":0.0,"max_hp_loss":0.0,"gold_gain":0.0,"event_name":"Addict","player_choice":"Obtained Relic","floor":20.0,"gold_loss":85.0,"damage_taken":0.0,"relics_obtained":["Turnip"]},{"damage_healed":0,"gold_gain":0,"player_choice":"Paid","damage_taken":0,"relics_obtained":["Red Mask"],"max_hp_gain":0,"max_hp_loss":0,"event_name":"Tomb of Lord Red Mask","floor":38,"gold_loss":79},{"damage_healed":0,"gold_gain":0,"player_choice":"Took Portal","damage_taken":0,"max_hp_gain":0,"max_hp_loss":0,"event_name":"SecretPortal","floor":39,"gold_loss":0}],"is_beta":false,"boss_relics":[{"not_picked":["aspiration:RitualDagger","Snecko Eye"],"picked":"aspiration:FutureDiary"},{"not_picked":["aspiration:WatcherSkillbook","Calling Bell"],"picked":"hermit:DentedPlate"}],"items_purged_floors":[],"is_endless":true,"potions_floor_spawned":[1,11,13,22,27,28,35],"killed_by":"Awakened One","ascension_level":20}}