{"host":"vyjryxuuuxkt43k4","time":1613399102,"event":{"mods":["AchievementEnabler","BaseMod","Colored Map","DeckTracker","Keyboard Shortcuts","Minty Spire (QoL Compilation)","Permanent Neow","Quick Restart","StSLib","SuperFastMode","everything is the same but u backflip on backflip"],"gold_per_floor":[109,159,174,324,33,62,78,78,78,95,130,130,130,143,143,143,143],"floor_reached":16,"language":"KOR","playtime":653,"items_purged":["Doubt"],"score":270,"play_id":"aaaa3eed-5d97-4050-a290-5ac347e882cc","local_time":"20210215232502","is_ascension_mode":true,"campfire_choices":[{"data":"Acrobatics","floor":8,"key":"SMITH"},{"floor":12,"key":"REST"},{"data":"Wraith Form v2","floor":15,"key":"SMITH"}],"circlet_count":0,"master_deck":["AscendersBane","Strike_G","Strike_G","Strike_G","Strike_G","Defend_G","Defend_G","Defend_G","Defend_G","Defend_G","Survivor","Neutralize","Quick Slash","Tactician","Noxious Fumes","Reflex","Cloak And Dagger","Acrobatics+1","Prepared","Wraith Form v2+1","Dagger Spray","Dash","Flechettes"],"relics":["Ring of the Snake","NeowsBlessing","Membership Card","Calipers","Peace Pipe","Strawberry"],"acts_visited":["Exordium"],"potions_floor_usage":[10,10,11,16],"damage_taken":[{"damage":0.0,"enemies":"Jaw Worm","floor":1.0,"turns":1.0},{"damage":0.0,"enemies":"Cultist","floor":3.0,"turns":1.0},{"damage":0.0,"enemies":"Lagavulin","floor":6.0,"turns":1.0},{"damage":0,"enemies":"Small Slimes","floor":7,"turns":4},{"damage":4,"enemies":"Exordium Thugs","floor":10,"turns":6},{"damage":39,"enemies":"3 Sentries","floor":11,"turns":11},{"damage":2,"enemies":"2 Fungi Beasts","floor":14,"turns":4},{"damage":40,"enemies":"The Guardian","floor":16,"turns":11}],"seed_played":"149967265613716343","potions_obtained":[{"floor":3.0,"key":"DistilledChaos"},{"floor":6.0,"key":"Weak Potion"},{"floor":10,"key":"SkillPotion"},{"floor":14,"key":"Poison Potion"}],"is_trial":false,"path_per_floor":["M","?","M","?","$","E","M","R","T","M","E","R","?","M","R","B"],"character_chosen":"THE_SILENT","items_purchased":["Membership Card","Noxious Fumes","Reflex","Cloak And Dagger"],"campfire_rested":1,"item_purchase_floors":[5,5,5,5],"current_hp_per_floor":[59,53,53,53,53,53,53,53,53,49,17,38,38,36,36,0,0],"gold":143,"neow_bonus":"THREE_ENEMY_KILL","is_daily":false,"chose_seed":false,"campfire_upgraded":2,"win_rate":0.0,"timestamp":1613399102,"path_taken":["M","?","?","?","$","E","M","R","T","M","E","R","?","?","R","BOSS"],"items_purchased_type":["Relic","Card","Card","Card"],"build_version":"2020-12-22","purchased_purges":1,"victory":false,"max_hp_per_floor":[66,66,66,66,66,66,66,66,66,66,73,73,73,73,73,73,73],"card_choices":[{"not_picked":["Dodge and Roll","Sucker Punch"],"picked":"Quick Slash","floor":1.0},{"not_picked":["Escape Plan","Skewer"],"picked":"Tactician","floor":3.0},{"not_picked":["Slice","Flying Knee"],"picked":"Acrobatics","floor":6.0},{"not_picked":["Deadly Poison","Underhanded Strike"],"picked":"Prepared","floor":7},{"not_picked":["Catalyst","Dodge and Roll"],"picked":"Wraith Form v2","floor":10},{"not_picked":["PiercingWail","Blur"],"picked":"Dagger Spray","floor":11},{"not_picked":["Skewer","Cloak And Dagger"],"picked":"Flechettes","floor":14}],"player_experience":991257,"relics_obtained":[{"floor":6.0,"key":"Calipers"},{"floor":9,"key":"Peace Pipe"},{"floor":11,"key":"Strawberry"}],"event_choices":[{"damage_healed":0.0,"max_hp_gain":0.0,"max_hp_loss":0.0,"gold_gain":50.0,"event_name":"FaceTrader","player_choice":"Touch","floor":2.0,"gold_loss":0.0,"damage_taken":6.0},{"damage_healed":0.0,"max_hp_gain":0.0,"max_hp_loss":0.0,"gold_gain":150.0,"event_name":"Liars Game","player_choice":"AGREE","floor":4.0,"gold_loss":0.0,"damage_taken":0.0,"cards_obtained":["Doubt"]},{"damage_healed":0,"gold_gain":0,"cards_transformed":["Strike_G"],"player_choice":"Transformed","damage_taken":0,"max_hp_gain":0,"max_hp_loss":0,"event_name":"Transmorgrifier","floor":13,"gold_loss":0,"cards_obtained":["Dash"]}],"is_beta":false,"boss_relics":[],"items_purged_floors":[5],"is_endless":false,"potions_floor_spawned":[3,6,10,14],"killed_by":"The Guardian","ascension_level":20}}