{"host":"oehe2dxjvdgux73m","time":1613400378,"event":{"mods":["AchievementEnabler","BaseMod","Colored Map","Colored Powertips","DeckTracker","Keyboard Shortcuts","Minty Spire (QoL Compilation)","Permanent Neow","Quick Restart","StSLib","SuperFastMode"],"gold_per_floor":[109,109,109,122,47,47,47,47,71,86,100,100,138,154,154,244,244,267,15,29,54,54,54],"floor_reached":22,"language":"KOR","playtime":507,"items_purged":["Strike_G"],"score":372,"play_id":"5bbda9cd-837a-42e2-82b8-817791ab424a","local_time":"20210215234618","is_ascension_mode":true,"campfire_choices":[{"data":"1","floor":6.0,"key":"LIFT"},{"data":"2","floor":8.0,"key":"LIFT"},{"data":"3","floor":12.0,"key":"LIFT"},{"data":"Neutralize","floor":15.0,"key":"SMITH"}],"circlet_count":0,"master_deck":["AscendersBane","Strike_G","Strike_G","Defend_G","Defend_G","Defend_G","Defend_G","Defend_G","Survivor","Neutralize+1","Predator","Acrobatics","Outmaneuver","Eviscerate","Reflex","Phantasmal Killer","Footwork","Madness","Blur","Dagger Spray"],"relics":["Ring of the Snake","Girya","Golden Idol","Centennial Puzzle","Bottled Flame","Snecko Eye"],"acts_visited":["Exordium","TheCity"],"potions_floor_usage":[16,16,18,20],"damage_taken":[{"damage":3.0,"enemies":"Small Slimes","floor":1.0,"turns":4.0},{"damage":9.0,"enemies":"Jaw Worm","floor":4.0,"turns":4.0},{"damage":3.0,"enemies":"Cultist","floor":10.0,"turns":4.0},{"damage":0.0,"enemies":"2 Fungi Beasts","floor":11.0,"turns":3.0},{"damage":16.0,"enemies":"3 Sentries","floor":13.0,"turns":6.0},{"damage":4.0,"enemies":"Blue Slaver","floor":14.0,"turns":2.0},{"damage":21,"enemies":"The Guardian","floor":16,"turns":10},{"damage":7,"enemies":"3 Byrds","floor":18,"turns":4},{"damage":20,"enemies":"Shell Parasite","floor":20,"turns":4},{"damage":0,"enemies":"3 Cultists","floor":21,"turns":4},{"damage":17,"enemies":"Shelled Parasite and Fungi","floor":22,"turns":1}],"seed_played":"2618515032894718661","potions_obtained":[{"floor":4.0,"key":"SkillPotion"},{"floor":11.0,"key":"Strength Potion"},{"floor":13.0,"key":"DistilledChaos"},{"floor":14.0,"key":"Strength Potion"},{"floor":16,"key":"Explosive Potion"},{"floor":18,"key":"PowerPotion"}],"is_trial":false,"path_per_floor":["M","?","?","M","?","R","?","R","T","M","M","R","E","M","R","B",null,"M","$","M","M","M"],"character_chosen":"THE_SILENT","items_purchased":["Madness","Blur"],"campfire_rested":0,"item_purchase_floors":[19,19],"current_hp_per_floor":[56,54,54,45,45,45,45,45,45,42,42,42,26,22,22,1,41,34,34,14,14,0,0],"gold":54,"neow_bonus":"ONE_RARE_RELIC","is_daily":false,"chose_seed":false,"campfire_upgraded":1,"win_rate":0.0,"timestamp":1613400378,"path_taken":["M","?","?","M","?","R","?","R","T","M","?","R","E","M","R","BOSS","M","$","M","M","?"],"items_purchased_type":["Card","Card"],"build_version":"2020-12-22","purchased_purges":1,"victory":false,"max_hp_per_floor":[60,54,54,54,54,54,54,54,54,54,54,54,54,54,54,54,54,54,54,54,54,54,54],"card_choices":[{"not_picked":["Dagger Throw","Prepared"],"picked":"Predator","floor":1.0},{"not_picked":["Predator","Poisoned Stab"],"picked":"Acrobatics","floor":4.0},{"not_picked":["Footwork","Underhanded Strike"],"picked":"Eviscerate","floor":10.0},{"not_picked":["Slice","Night Terror","Deflect"],"picked":"SKIP","floor":11.0},{"not_picked":["Sucker Punch","Setup","Bane"],"picked":"SKIP","floor":13.0},{"not_picked":["Catalyst","Escape Plan"],"picked":"Reflex","floor":14.0},{"not_picked":["Malaise","Night Terror"],"picked":"Phantasmal Killer","floor":16},{"not_picked":["Flying Knee","Poisoned Stab"],"picked":"Footwork","floor":18},{"not_picked":["Quick Slash","Bane","Distraction"],"picked":"SKIP","floor":20},{"not_picked":["Poisoned Stab","Backflip"],"picked":"Dagger Spray","floor":21}],"player_experience":467969,"relics_obtained":[{"floor":9.0,"key":"Centennial Puzzle"},{"floor":13.0,"key":"Bottled Flame"}],"event_choices":[{"damage_healed":0.0,"max_hp_gain":0.0,"max_hp_loss":6.0,"gold_gain":0.0,"event_name":"Golden Idol","player_choice":"Lose Max HP","floor":2.0,"gold_loss":0.0,"damage_taken":0.0,"relics_obtained":["Golden Idol"]},{"damage_healed":0.0,"max_hp_gain":0.0,"max_hp_loss":0.0,"gold_gain":0.0,"event_name":"Liars Game","player_choice":"Ignored","floor":3.0,"gold_loss":0.0,"damage_taken":0.0},{"cards_removed":["Strike_G"],"damage_healed":0.0,"max_hp_gain":0.0,"max_hp_loss":0.0,"gold_gain":0.0,"event_name":"The Cleric","player_choice":"Card Removal","floor":5.0,"gold_loss":75.0,"damage_taken":0.0},{"damage_healed":0.0,"max_hp_gain":0.0,"max_hp_loss":0.0,"gold_gain":0.0,"cards_transformed":["Strike_G"],"event_name":"Living Wall","player_choice":"Change","floor":7.0,"gold_loss":0.0,"damage_taken":0.0,"cards_obtained":["Outmaneuver"]}],"is_beta":false,"boss_relics":[{"not_picked":["SacredBark","HoveringKite"],"picked":"Snecko Eye"}],"items_purged_floors":[19],"is_endless":false,"potions_floor_spawned":[4,11,13,14,16,18],"killed_by":"Shelled Parasite and Fungi","ascension_level":20}}