{"host":"r4aerl4ckfvw1dw3","time":1613371325,"event":{"mods":["BaseMod","BetterRewards","Minty Spire (QoL Compilation)","Quick Restart","StSLib"],"gold_per_floor":[116,134,134,146,164,164,189,189,240,251,263,291,291,309,309,404,404,420,448,296,296,309,309,336,336,336,348,118,118,148,162,162,266,266,278,278,288,301,382,411,411,411],"floor_reached":41,"language":"ENG","playtime":2342,"items_purged":["Strike_B","Tempest"],"score":544,"play_id":"dc54103c-382e-40cd-aa59-437616fcd8bc","local_time":"20210214224205","is_ascension_mode":true,"campfire_choices":[{"data":"Zap","floor":6,"key":"SMITH"},{"floor":8,"key":"REST"},{"floor":13,"key":"REST"},{"data":"Genetic Algorithm","floor":15,"key":"SMITH"},{"floor":23,"key":"REST"},{"floor":29,"key":"REST"},{"floor":32,"key":"REST"}],"circlet_count":0,"master_deck":["Defend_B","Defend_B","Defend_B","Defend_B","Zap+1","Dualcast","Turbo+1","Ball Lightning","Hologram","Coolheaded","Genetic Algorithm+1","Stack","Ball Lightning","Echo Form","Go for the Eyes","Capacitor+1","Cold Snap","Force Field","Echo Form","Cold Snap","Steam","Blizzard","Amplify","Consume","Stack+1","Steam+1"],"relics":["Cracked Core","HornCleat","Bag of Preparation","Oddly Smooth Stone","Inserter","Red Mask","Tiny Chest","Regal Pillow","Membership Card","Smiling Mask","Sozu","Nunchaku"],"acts_visited":["Exordium","TheCity","TheBeyond"],"potions_floor_usage":[7,12,16,22,24,31,31,33],"damage_taken":[{"damage":8,"enemies":"2 Louse","floor":1,"turns":3},{"damage":2,"enemies":"Jaw Worm","floor":2,"turns":5},{"damage":1,"enemies":"Cultist","floor":4,"turns":3},{"damage":6,"enemies":"Looter","floor":5,"turns":4},{"damage":30,"enemies":"3 Sentries","floor":7,"turns":6},{"damage":0,"enemies":"2 Fungi Beasts","floor":10,"turns":3},{"damage":1,"enemies":"Red Slaver","floor":11,"turns":3},{"damage":14,"enemies":"Lagavulin","floor":12,"turns":5},{"damage":3,"enemies":"Looter","floor":14,"turns":3},{"damage":27,"enemies":"Hexaghost","floor":16,"turns":10},{"damage":1,"enemies":"Chosen","floor":18,"turns":5},{"damage":44,"enemies":"Masked Bandits","floor":19,"turns":5},{"damage":18,"enemies":"Shell Parasite","floor":22,"turns":6},{"damage":35,"enemies":"Slavers","floor":24,"turns":7},{"damage":10,"enemies":"Centurion and Healer","floor":27,"turns":7},{"damage":39,"enemies":"Book of Stabbing","floor":30,"turns":8},{"damage":0,"enemies":"Shelled Parasite and Fungi","floor":31,"turns":8},{"damage":18,"enemies":"Champ","floor":33,"turns":11},{"damage":24,"enemies":"Orb Walker","floor":35,"turns":6},{"damage":22,"enemies":"3 Shapes","floor":37,"turns":6},{"damage":36,"enemies":"Jaw Worm Horde","floor":38,"turns":7},{"damage":14,"enemies":"Nemesis","floor":40,"turns":13},{"damage":17,"enemies":"4 Shapes","floor":41,"turns":3}],"seed_played":"-362671398128429390","potions_obtained":[{"floor":2,"key":"FearPotion"},{"floor":5,"key":"SkillPotion"},{"floor":7,"key":"FearPotion"},{"floor":12,"key":"ColorlessPotion"},{"floor":27,"key":"CultistPotion"},{"floor":30,"key":"Weak Potion"}],"is_trial":false,"path_per_floor":["M","M","?","M","M","R","E","R","T","M","M","E","R","M","R","B",null,"M","?","$","?","M","R","E","?","T","M","$","R","E","M","R","B",null,"M","?","M","M","T","E","M"],"character_chosen":"DEFECT","items_purchased":["Regen Potion","Membership Card","Dexterity Potion"],"campfire_rested":5,"item_purchase_floors":[20,28,28],"current_hp_per_floor":[67,65,50,49,43,43,13,35,35,35,34,20,42,39,39,12,75,74,30,30,30,27,49,14,14,14,4,4,41,2,2,39,21,75,51,75,53,17,17,3,0,0],"gold":411,"neow_bonus":"REMOVE_CARD","is_daily":false,"chose_seed":false,"campfire_upgraded":2,"win_rate":0.0,"timestamp":1613371325,"path_taken":["M","M","?","M","M","R","E","R","T","M","M","E","R","M","R","BOSS","M","?","$","?","?","R","E","?","T","M","$","R","E","M","R","BOSS","M","?","M","?","?","E","M"],"items_purchased_type":["Potion","Relic","Potion"],"build_version":"2020-12-22","purchased_purges":2,"victory":false,"max_hp_per_floor":[75,75,75,75,75,75,75,75,75,75,75,75,75,75,75,75,75,75,75,75,75,75,75,75,75,75,75,75,75,75,75,75,75,75,75,75,75,75,75,75,75,75],"card_choices":[{"not_picked":["Hologram","Barrage","Leap"],"picked":"SKIP","floor":1},{"not_picked":["Hologram","Rebound"],"picked":"Turbo","floor":2},{"not_picked":["Beam Cell","Streamline"],"picked":"Ball Lightning","floor":4},{"not_picked":["Rebound","Steam"],"picked":"Hologram","floor":5},{"not_picked":["Darkness","Double Energy"],"picked":"Coolheaded","floor":7},{"not_picked":["Compile Driver","Hologram"],"picked":"Genetic Algorithm","floor":10},{"not_picked":["Reprogram","Turbo","Rebound"],"picked":"SKIP","floor":11},{"not_picked":["Blizzard","Rip and Tear"],"picked":"Stack","floor":12},{"not_picked":["Darkness","Rebound"],"picked":"Ball Lightning","floor":14},{"not_picked":["Thunder Strike","Amplify"],"picked":"Echo Form","floor":16},{"not_picked":["Steam Power","Reprogram"],"picked":"Go for the Eyes","floor":18},{"not_picked":["Storm","Coolheaded"],"picked":"Capacitor+1","floor":19},{"not_picked":["Reinforced Body","Glacier"],"picked":"Cold Snap","floor":22},{"not_picked":["Hologram","Coolheaded"],"picked":"Force Field","floor":24},{"not_picked":["BootSequence","Rebound"],"picked":"Cold Snap","floor":27},{"not_picked":["Barrage","Melter"],"picked":"Steam","floor":30},{"not_picked":["Barrage","Go for the Eyes"],"picked":"Blizzard","floor":31},{"not_picked":["Multi-Cast","Echo Form"],"picked":"Amplify","floor":33},{"not_picked":["Beam Cell+1","Streamline"],"picked":"Consume","floor":35},{"not_picked":["Go for the Eyes","Ball Lightning+1"],"picked":"Stack+1","floor":37},{"not_picked":["Hologram","FTL+1","Steam Power+1"],"picked":"SKIP","floor":38},{"not_picked":["Ball Lightning+1","Hologram+1"],"picked":"Steam+1","floor":40}],"player_experience":591597,"relics_obtained":[{"floor":7,"key":"HornCleat"},{"floor":9,"key":"Bag of Preparation"},{"floor":12,"key":"Oddly Smooth Stone"},{"floor":19,"key":"Red Mask"},{"floor":24,"key":"Tiny Chest"},{"floor":26,"key":"Regal Pillow"},{"floor":30,"key":"Smiling Mask"},{"floor":40,"key":"Nunchaku"}],"event_choices":[{"damage_healed":0,"gold_gain":0,"player_choice":"Entered Light","damage_taken":15,"max_hp_gain":0,"max_hp_loss":0,"event_name":"Shining Light","floor":3,"gold_loss":0,"cards_upgraded":["Strike_B","Turbo"]},{"damage_healed":0,"gold_gain":0,"player_choice":"Fought Bandits","damage_taken":0,"max_hp_gain":0,"max_hp_loss":0,"event_name":"Masked Bandits","floor":19,"gold_loss":0},{"damage_healed":0,"gold_gain":0,"player_choice":"0 cards matched","damage_taken":0,"max_hp_gain":0,"max_hp_loss":0,"event_name":"Match and Keep!","floor":21,"gold_loss":0,"cards_obtained":[]},{"damage_healed":0,"gold_gain":0,"cards_transformed":["Strike_B","Strike_B"],"player_choice":"Became Test Subject","damage_taken":0,"max_hp_gain":0,"max_hp_loss":0,"event_name":"Drug Dealer","floor":25,"gold_loss":0,"cards_obtained":["Tempest","Echo Form"]},{"damage_healed":24,"gold_gain":0,"player_choice":"Full Heal","damage_taken":0,"max_hp_gain":0,"max_hp_loss":0,"event_name":"Wheel of Change","floor":36,"gold_loss":0}],"is_beta":false,"boss_relics":[{"not_picked":["Calling Bell","Ectoplasm"],"picked":"Inserter"},{"not_picked":["SacredBark","Nuclear Battery"],"picked":"Sozu"}],"items_purged_floors":[20,28],"is_endless":false,"potions_floor_spawned":[2,5,7,12,27,30,35,37],"killed_by":"4 Shapes","ascension_level":3}}