{"host":"v9duy90nce28uent","time":1613424603,"event":{"mods":["BaseMod","Colored Map","Colored Powertips","Conspire","Downfall","Hermit","Highlight Path","Hubris","Infinite Spire","Jorbs\u0027s Wanderer Trilogy","Minty Spire (QoL Compilation)","Quick Restart","Rare Cards Sparkle","Replay The Spire","StSLib","The Cursed","The Disciple","The Hierophant","The Jungle","The Runesmith","slay the spire mod where everything is the same but ironclad has a cowboy hat"],"gold_per_floor":[109,109,125,136,13,13,0,0,24,36,48,60,72,100,124,136,148,262,274,302,331,343,221,236,236,250,261,261,201,212,225,33,71,71,173,173,189,189,206,217,237,237,256,256,305,320,320,14,14,56,56,81],"floor_reached":53,"language":"ENG","playtime":7634,"items_purged":["Defend_Br","Defend_Br","Defend_Br"],"score":655,"play_id":"305064d3-55c1-40bb-8868-1a9536fa3751","local_time":"20210215163003","is_ascension_mode":false,"campfire_choices":[{"data":"LockedLightning","floor":6.0,"key":"SMITH"},{"data":"LockedPlans","floor":8.0,"key":"SMITH"},{"data":"LockedWhetstone","floor":10.0,"key":"SMITH"},{"floor":17.0,"key":"REST"},{"data":"LockedAstrolabe","floor":25.0,"key":"SMITH"},{"data":"HandOfGreed","floor":34.0,"key":"SMITH"},{"data":"Fragmentalize","floor":42.0,"key":"SMITH"},{"data":"MasterKey","floor":47.0,"key":"SMITH"},{"floor":49.0,"key":"REST"},{"data":"LockedScales","floor":51.0,"key":"SMITH"}],"circlet_count":0,"master_deck":["SecondHand","PatternShift","LockedScales+1","LockedPlans+1","LockedLightning+1","LockedMedicine","LockedWhetstone+1","LockedUrn","LockedAstrolabe+1","LockedWarPaint+1","Bite","Bite","Bite","Bite","Bite","LockedAnchor","LockedAnchor","LockedBlood","LockedBlood","Echoward+1","LockedAnchor+1","LockedAnchor+1","HandOfGreed+1","Fragmentalize+1","LockedAnchor","Parasite","LockedBlood","MasterKey+1","LockedAnchor"],"relics":["Chronometer","NeowsBlessing","MawBank","Metronome","FossilizedHelix","conspire:RunicOctahedron","Happy Flower","Strawberry"],"acts_visited":["Exordium","TheCity","TheBeyond"],"potions_floor_usage":[52,52,52],"damage_taken":[{"damage":0.0,"enemies":"Small Slimes","floor":1.0,"turns":1.0},{"damage":0.0,"enemies":"Cultist","floor":3.0,"turns":1.0},{"damage":0.0,"enemies":"2 Louse","floor":4.0,"turns":2.0},{"damage":17.0,"enemies":"Looter","floor":7.0,"turns":5.0},{"damage":28.0,"enemies":"Exordium Thugs","floor":14.0,"turns":6.0},{"damage":11.0,"enemies":"Blue Slaver","floor":15.0,"turns":4.0},{"damage":25.0,"enemies":"The Guardian","floor":18.0,"turns":19.0},{"damage":20.0,"enemies":"3 Byrds","floor":20.0,"turns":7.0},{"damage":21.0,"enemies":"Spheric Guardian","floor":21.0,"turns":8.0},{"damage":56.0,"enemies":"3 Cultists","floor":24.0,"turns":7.0},{"damage":0.0,"enemies":"conspire:HollyBat","floor":26.0,"turns":5.0},{"damage":48.0,"enemies":"Centurion and Healer","floor":27.0,"turns":10.0},{"damage":38.0,"enemies":"Shelled Parasite and Fungi","floor":30.0,"turns":8.0},{"damage":104.0,"enemies":"Cultist and Chosen","floor":31.0,"turns":13.0},{"damage":61.0,"enemies":"3 Cultists","floor":33.0,"turns":8.0},{"damage":30.0,"enemies":"conspire:MysteriousRune","floor":35.0,"turns":11.0},{"damage":41.0,"enemies":"3 Shapes","floor":37.0,"turns":4.0},{"damage":11.0,"enemies":"3 Darklings","floor":39.0,"turns":4.0},{"damage":5.0,"enemies":"Maw","floor":40.0,"turns":7.0},{"damage":13.0,"enemies":"Writhing Mass","floor":41.0,"turns":5.0},{"damage":42.0,"enemies":"Jaw Worm Horde","floor":43.0,"turns":6.0},{"damage":36.0,"enemies":"4 Shapes","floor":46.0,"turns":3.0},{"damage":0.0,"enemies":"Maw","floor":50.0,"turns":8.0},{"damage":94,"enemies":"Time Eater","floor":52,"turns":10}],"seed_played":"1102207520544917897","potions_obtained":[{"floor":4.0,"key":"SteroidPotion"},{"floor":14.0,"key":"Dexterity Potion"},{"floor":15.0,"key":"SteroidPotion"},{"floor":16.0,"key":"Guardian:BlockOnCardUsePotion"},{"floor":16.0,"key":"Flashbang"},{"floor":18.0,"key":"Swift Potion"},{"floor":20.0,"key":"AttackPotion"},{"floor":21.0,"key":"FairyPotion"},{"floor":24.0,"key":"WardPotion"},{"floor":31.0,"key":"BlessingOfTheForge"},{"floor":35.0,"key":"LiquidMemories"},{"floor":40.0,"key":"DuplicationPotion"},{"floor":41.0,"key":"Death Potion"},{"floor":50.0,"key":"Weak Potion"}],"is_trial":false,"path_per_floor":["M","?","M","M","$","R","M","R","T","R","PTL","PTL","$","M","M","?","R","B",null,"M","M","?","$","M","R","M","M","T","?","M","M","$","M","R","B",null,"M","?","M","M","M","R","M","?","T","M","R","$","R","M","R","B",null],"character_chosen":"CHRONO_CLASS","items_purchased":["LockedMedicine","LockedAnchor","HandOfGreed","LockedAnchor","Strawberry"],"campfire_rested":2,"item_purchase_floors":[5,23,32,48,48],"current_hp_per_floor":[65,65,65,65,65,65,48,48,48,48,48,48,48,20,9,9,28,9,65,45,35,35,35,27,27,45,34,34,34,45,13,13,15,15,28,45,16,16,11,45,45,45,31,31,31,1,1,8,23,52,52,1],"gold":81,"neow_bonus":"THREE_ENEMY_KILL","is_daily":false,"chose_seed":false,"campfire_upgraded":8,"win_rate":0.0,"timestamp":1613424603,"path_taken":["M","?","?","M","$","R","M","R","T","R","PTL","PTL","?","M","M","?","R","BOSS","M","M","?","?","M","R","M","M","T","?","M","?","$","M","R","BOSS","M","?","?","M","M","R","M","?","T","M","R","$","R","M","R","BOSS"],"items_purchased_type":["Card","Card","Card","Card","Relic"],"build_version":"2020-12-22","purchased_purges":3,"victory":true,"max_hp_per_floor":[65,65,65,65,65,65,65,65,65,65,65,65,65,65,65,65,65,65,65,65,65,45,45,45,45,45,45,45,45,45,45,45,45,45,45,45,45,45,45,45,45,45,45,45,45,45,45,52,52,52,52,52],"card_choices":[{"not_picked":["Facsimile","CrunchTime"],"picked":"LockedScales","floor":1.0},{"not_picked":["Stagnate","Parity"],"picked":"LockedPlans","floor":3.0},{"not_picked":["HandsUpB","Break"],"picked":"LockedLightning","floor":4.0},{"not_picked":["LockedAnchor","LockedPlans"],"picked":"LockedWhetstone","floor":7.0},{"not_picked":["Engulf","Break","Parity"],"picked":"SKIP","floor":14.0},{"not_picked":["AlternateTimeline","HandsUpB"],"picked":"LockedUrn","floor":15.0},{"not_picked":["OracleForm","Flay"],"picked":"LockedAstrolabe","floor":18.0},{"not_picked":["SlimeSpray+1","BeatsPerMinute"],"picked":"LockedWarPaint+1","floor":20.0},{"not_picked":["DaylightSavings","WindUp","Engulf"],"picked":"SKIP","floor":21.0},{"not_picked":["HandsUpB","Engulf+1"],"picked":"LockedBlood","floor":24.0},{"not_picked":["LockedMedicine","ExoVibe"],"picked":"LockedBlood","floor":26.0},{"not_picked":["TiringSlam","TickedOff"],"picked":"Echoward+1","floor":27.0},{"not_picked":["BiteCommand","AlternateTimeline"],"picked":"LockedAnchor+1","floor":30.0},{"not_picked":["Tempo","PrimeTime"],"picked":"LockedAnchor+1","floor":31.0},{"not_picked":["OracleForm","HandsUpC","WindUp"],"picked":"SKIP","floor":33.0},{"not_picked":["Chronoelasticity","BackFourSeconds"],"picked":"Fragmentalize","floor":35.0},{"not_picked":["AlternateTimeline+1","Engulf+1","BiteCommand+1"],"picked":"SKIP","floor":37.0},{"not_picked":["ShortSighted+1","CrunchTime+1","HandsUpB"],"picked":"SKIP","floor":39.0},{"not_picked":["Parity+1","Cuckoo+1"],"picked":"LockedAnchor","floor":40.0},{"not_picked":["VestedLegacy","HandsUpC+1","TiringSlam"],"picked":"SKIP","floor":41.0},{"not_picked":["Analog","Tempo"],"picked":"LockedBlood","floor":43.0},{"not_picked":["BlueShift+1","LockedAnchor+1"],"picked":"MasterKey","floor":46.0},{"not_picked":["Analog+1","PrimeTime+1","WindUp"],"picked":"SKIP","floor":50.0}],"player_experience":129168,"relics_obtained":[{"floor":9.0,"key":"MawBank"},{"floor":28.0,"key":"FossilizedHelix"},{"floor":45.0,"key":"Happy Flower"}],"event_choices":[{"damage_healed":0.0,"max_hp_gain":0.0,"max_hp_loss":0.0,"gold_gain":0.0,"event_name":"The Woman in Blue","player_choice":"Bought 0 Potions","floor":2.0,"gold_loss":0.0,"damage_taken":0.0},{"damage_healed":0.0,"max_hp_gain":0.0,"max_hp_loss":0.0,"gold_gain":0.0,"event_name":"Lab","player_choice":"Got Potions","floor":16.0,"gold_loss":0.0,"damage_taken":0.0},{"damage_healed":0.0,"max_hp_gain":0.0,"max_hp_loss":20.0,"gold_gain":0.0,"event_name":"Vampires","player_choice":"Became a vampire","floor":22.0,"gold_loss":0.0,"damage_taken":0.0,"cards_obtained":["Bite","Bite","Bite","Bite","Bite"]},{"cards_removed":["Defend_Br"],"damage_healed":0.0,"max_hp_gain":0.0,"max_hp_loss":0.0,"gold_gain":0.0,"event_name":"Designer","player_choice":"Single Remove","floor":29.0,"gold_loss":60.0,"damage_taken":0.0},{"damage_healed":0.0,"max_hp_gain":0.0,"max_hp_loss":0.0,"gold_gain":0.0,"event_name":"NoteForYourself","player_choice":"Ignored","floor":38.0,"gold_loss":0.0,"damage_taken":0.0}],"is_beta":false,"boss_relics":[{"not_picked":["hubris:TerracottaHorce","SacredBark"],"picked":"Metronome"},{"not_picked":["ReplayTheSpireMod:DimensionalGlitch","Black Star"],"picked":"conspire:RunicOctahedron"}],"items_purged_floors":[5,23,48],"is_endless":false,"potions_floor_spawned":[4,14,15,18,20,21,24,31,35,40,41,50],"ascension_level":0}}