{"host":"3a1ypf1irl30q4k8","time":1613407501,"event":{"mods":["AchievementEnabler","BaseMod","Bestiary","Colored Map","Minty Spire (QoL Compilation)","Relic Stats","ojb\u0027s Info Mod"],"gold_per_floor":[118,132,147,36,36,36,54,108,185,185,260,260,287,305,305,401,401,420,420,433,358,378,411,105,105,105,115,115,38,38,38,38,138,138,148,5,5,19,19,44,44,57,82,99,119,119,134,164,164,164,164],"floor_reached":50,"language":"ENG","playtime":3305,"items_purged":["Strike_G"],"score":624,"play_id":"6da33e8b-1a26-49bd-bdb9-4284a3432f20","local_time":"20210215164501","is_ascension_mode":true,"campfire_choices":[{"data":"Neutralize","floor":6.0,"key":"SMITH"},{"data":"Crippling Poison","floor":10.0,"key":"SMITH"},{"data":"Backflip","floor":15.0,"key":"SMITH"},{"floor":25.0,"key":"REST"},{"floor":28.0,"key":"REST"},{"floor":32.0,"key":"REST"},{"floor":46,"key":"REST"},{"floor":49,"key":"RECALL"}],"circlet_count":0,"master_deck":["Defend_G","Defend_G","Defend_G","Defend_G","Survivor","Neutralize+1","CurseOfTheBell","Dagger Throw","Quick Slash","Caltrops+1","Footwork+1","Crippling Poison+1","Slice","Backflip+1","Corpse Explosion","Dash+1","Envenom+1","Dagger Spray","Bouncing Flask","Backstab","Caltrops+1","Leg Sweep+1","Quick Slash+1","Well Laid Plans+1","Tools of the Trade+1","After Image+1","Acrobatics+1","Dagger Throw+1","Writhe","Malaise+1","Footwork+1","Caltrops+1"],"relics":["Calling Bell","Bag of Marbles","Ice Cream","Frozen Egg 2","Smiling Mask","Matryoshka","Art of War","Fusion Hammer","Darkstone Periapt","Sling","Nunchaku","Oddly Smooth Stone","Empty Cage","PreservedInsect","War Paint","Toy Ornithopter","Akabeko"],"acts_visited":["Exordium","TheCity","TheBeyond"],"potions_floor_usage":[44,45,47,47,50],"damage_taken":[{"damage":0.0,"enemies":"Cultist","floor":1.0,"turns":4.0},{"damage":0.0,"enemies":"Jaw Worm","floor":2.0,"turns":3.0},{"damage":0.0,"enemies":"2 Louse","floor":3.0,"turns":2.0},{"damage":6.0,"enemies":"Looter","floor":7.0,"turns":3.0},{"damage":20.0,"enemies":"Gremlin Nob","floor":13.0,"turns":4.0},{"damage":0.0,"enemies":"3 Louse","floor":14.0,"turns":3.0},{"damage":15.0,"enemies":"Hexaghost","floor":16.0,"turns":9.0},{"damage":6.0,"enemies":"3 Byrds","floor":18.0,"turns":4.0},{"damage":16.0,"enemies":"Spheric Guardian","floor":20.0,"turns":5.0},{"damage":16.0,"enemies":"Snecko","floor":22.0,"turns":7.0},{"damage":30.0,"enemies":"Book of Stabbing","floor":23.0,"turns":5.0},{"damage":2.0,"enemies":"Chosen and Byrds","floor":27.0,"turns":4.0},{"damage":34.0,"enemies":"Collector","floor":33.0,"turns":9.0},{"damage":13.0,"enemies":"3 Darklings","floor":35.0,"turns":5.0},{"damage":13.0,"enemies":"Orb Walker","floor":38.0,"turns":3.0},{"damage":13.0,"enemies":"Giant Head","floor":40.0,"turns":9.0},{"damage":14.0,"enemies":"Writhing Mass","floor":42.0,"turns":6.0},{"damage":4,"enemies":"Spire Growth","floor":44,"turns":7},{"damage":20,"enemies":"Maw","floor":45,"turns":7},{"damage":8,"enemies":"Sphere and 2 Shapes","floor":47,"turns":7},{"damage":13,"enemies":"Nemesis","floor":48,"turns":7},{"damage":47,"enemies":"Time Eater","floor":50,"turns":8}],"seed_played":"4608089049732818465","potions_obtained":[{"floor":1.0,"key":"Ancient Potion"},{"floor":13.0,"key":"CultistPotion"},{"floor":16.0,"key":"SteroidPotion"},{"floor":18.0,"key":"BlessingOfTheForge"},{"floor":33.0,"key":"Ancient Potion"},{"floor":35.0,"key":"Strength Potion"},{"floor":40.0,"key":"Weak Potion"},{"floor":44,"key":"PowerPotion"},{"floor":45,"key":"EssenceOfSteel"},{"floor":47,"key":"Block Potion"}],"is_trial":false,"path_per_floor":["M","M","M","$","?","R","M","T","T","R","?","?","E","M","R","B",null,"M","?","M","?","M","E","$","R","T","M","R","$","?","$","R","B",null,"M","$","?","M","?","E","?","M","T","M","M","R","M","E","R","B"],"character_chosen":"THE_SILENT","items_purchased":["Footwork+1","Crippling Poison","Caltrops+1","Leg Sweep","Sling","Well Laid Plans+1","PreservedInsect"],"campfire_rested":4,"item_purchase_floors":[4,4,24,24,24,29,36],"current_hp_per_floor":[70,70,70,70,63,63,57,57,57,57,46,46,26,26,26,11,70,64,64,48,48,32,2,2,23,23,21,42,42,42,42,63,29,70,57,57,57,44,68,55,55,41,41,42,27,49,51,38,38,0,0],"gold":164,"neow_bonus":"BOSS_RELIC","is_daily":false,"chose_seed":false,"campfire_upgraded":3,"win_rate":0.0,"timestamp":1613407501,"path_taken":["M","M","M","$","?","R","M","?","T","R","?","?","E","M","R","BOSS","M","?","M","?","M","E","$","R","T","M","R","$","?","$","R","BOSS","M","$","?","M","?","E","?","M","T","M","M","R","M","E","R","BOSS"],"items_purchased_type":["Card","Card","Card","Card","Relic","Card","Relic"],"build_version":"2020-12-22","purchased_purges":1,"victory":false,"max_hp_per_floor":[70,70,70,70,70,70,70,70,70,70,70,70,70,70,70,70,70,70,70,70,70,70,70,70,70,70,70,70,70,70,70,70,70,70,70,70,70,70,76,76,76,76,76,76,76,76,76,76,76,76,76],"relic_stats":{"Darkstone Periapt":6,"Nunchaku":[11],"counters":[22,121],"PreservedInsect":172,"Art of War":[12],"War Paint":["Leg Sweep","Malaise"],"Smiling Mask":25,"obtain_stats":[{"Ice Cream":0,"Darkstone Periapt":23,"Oddly Smooth Stone":26,"PreservedInsect":36,"Frozen Egg 2":0,"War Paint":40,"Smiling Mask":8,"Sling":24,"Empty Cage":34,"Akabeko":48,"Calling Bell":0,"Nunchaku":26,"Matryoshka":9,"Fusion Hammer":17,"Bag of Marbles":0,"Art of War":13,"Toy Ornithopter":43,"Ring of the Snake":0},{"Ice Cream":0,"Darkstone Periapt":11,"Oddly Smooth Stone":11,"PreservedInsect":14,"Frozen Egg 2":0,"War Paint":16,"Smiling Mask":4,"Sling":11,"Empty Cage":13,"Akabeko":21,"Calling Bell":0,"Nunchaku":11,"Matryoshka":4,"Fusion Hammer":7,"Bag of Marbles":0,"Art of War":5,"Toy Ornithopter":17,"Ring of the Snake":0},{"Ice Cream":0,"Darkstone Periapt":49,"Oddly Smooth Stone":49,"PreservedInsect":67,"Frozen Egg 2":0,"War Paint":79,"Smiling Mask":12,"Sling":49,"Empty Cage":62,"Akabeko":113,"Calling Bell":0,"Nunchaku":49,"Matryoshka":12,"Fusion Hammer":28,"Bag of Marbles":0,"Art of War":16,"Toy Ornithopter":85,"Ring of the Snake":0}],"Toy Ornithopter":25},"card_choices":[{"not_picked":["Cloak And Dagger","Eviscerate"],"picked":"Dagger Throw","floor":1.0},{"not_picked":["Bane","Choke"],"picked":"Quick Slash","floor":2.0},{"not_picked":["Outmaneuver","Prepared"],"picked":"Caltrops+1","floor":3.0},{"not_picked":["Terror","Sucker Punch"],"picked":"Slice","floor":7.0},{"not_picked":["Concentrate","Acrobatics"],"picked":"Outmaneuver","floor":13.0},{"not_picked":["Deadly Poison","Bane"],"picked":"Backflip","floor":14.0},{"not_picked":["Doppelganger","Burst"],"picked":"Corpse Explosion","floor":16.0},{"not_picked":["Deadly Poison","Skewer"],"picked":"Dash+1","floor":18.0},{"not_picked":["Backstab","Quick Slash"],"picked":"Dagger Spray","floor":20.0},{"not_picked":["Dodge and Roll","Dagger Spray"],"picked":"Bouncing Flask","floor":22.0},{"not_picked":["Underhanded Strike+1","Dagger Throw"],"picked":"Backstab","floor":23.0},{"not_picked":["Crippling Poison","Poisoned Stab"],"picked":"Quick Slash+1","floor":27.0},{"not_picked":["A Thousand Cuts+1","Envenom+1"],"picked":"After Image+1","floor":33.0},{"not_picked":["Outmaneuver+1","Poisoned Stab"],"picked":"Acrobatics+1","floor":35.0},{"not_picked":["Infinite Blades+1","Deadly Poison"],"picked":"Dagger Throw+1","floor":38.0},{"not_picked":["Blade Dance+1","Infinite Blades+1"],"picked":"Malaise","floor":40.0},{"not_picked":["Setup+1","Poisoned Stab+1"],"picked":"Footwork+1","floor":42.0},{"not_picked":["Quick Slash+1","Acrobatics","Sucker Punch+1"],"picked":"SKIP","floor":44},{"not_picked":["Masterful Stab","Heel Hook","Poisoned Stab+1"],"picked":"SKIP","floor":45},{"not_picked":["Accuracy+1","Quick Slash+1","Bane"],"picked":"SKIP","floor":47},{"not_picked":["Acrobatics+1","Storm of Steel"],"picked":"Caltrops+1","floor":48}],"player_experience":1393232,"relics_obtained":[{"floor":0.0,"key":"Bag of Marbles"},{"floor":0.0,"key":"Ice Cream"},{"floor":0.0,"key":"Frozen Egg 2"},{"floor":8.0,"key":"Smiling Mask"},{"floor":9.0,"key":"Matryoshka"},{"floor":13.0,"key":"Art of War"},{"floor":23.0,"key":"Darkstone Periapt"},{"floor":26.0,"key":"Nunchaku"},{"floor":26.0,"key":"Oddly Smooth Stone"},{"floor":40.0,"key":"War Paint"},{"floor":43.0,"key":"Toy Ornithopter"},{"floor":48,"key":"Akabeko"}],"event_choices":[{"cards_removed":["Strike_G"],"damage_healed":0.0,"max_hp_gain":0.0,"max_hp_loss":0.0,"gold_gain":0.0,"event_name":"Golden Wing","player_choice":"Card Removal","floor":5.0,"gold_loss":0.0,"damage_taken":7.0},{"damage_healed":0.0,"max_hp_gain":0.0,"max_hp_loss":0.0,"gold_gain":75.0,"event_name":"World of Goop","player_choice":"Gather Gold","floor":11.0,"gold_loss":0.0,"damage_taken":11.0},{"damage_healed":0.0,"max_hp_gain":0.0,"max_hp_loss":0.0,"gold_gain":0.0,"event_name":"Shining Light","player_choice":"Ignored","floor":12.0,"gold_loss":0.0,"damage_taken":0.0},{"damage_healed":0.0,"max_hp_gain":0.0,"max_hp_loss":0.0,"gold_gain":0.0,"cards_transformed":["Strike_G","Strike_G"],"event_name":"Drug Dealer","player_choice":"Became Test Subject","floor":19.0,"gold_loss":0.0,"damage_taken":0.0,"cards_obtained":["Setup","Envenom"]},{"cards_removed":["Strike_G"],"damage_healed":0.0,"max_hp_gain":0.0,"max_hp_loss":0.0,"gold_gain":0.0,"event_name":"Beggar","player_choice":"Gave Gold","floor":21.0,"gold_loss":75.0,"damage_taken":0.0},{"damage_healed":0.0,"max_hp_gain":0.0,"max_hp_loss":0.0,"gold_gain":0.0,"event_name":"Match and Keep!","player_choice":"1 cards matched","floor":30.0,"gold_loss":0.0,"damage_taken":0.0,"cards_obtained":["Tools of the Trade"]},{"cards_removed":["Outmaneuver"],"damage_healed":0.0,"max_hp_gain":0.0,"max_hp_loss":0.0,"gold_gain":0.0,"event_name":"Falling","player_choice":"Removed Skill","floor":37.0,"gold_loss":0.0,"damage_taken":0.0},{"damage_healed":18.0,"max_hp_gain":0.0,"max_hp_loss":0.0,"gold_gain":0.0,"event_name":"Winding Halls","player_choice":"Writhe","floor":39.0,"gold_loss":0.0,"damage_taken":0.0,"cards_obtained":["Writhe"]},{"damage_healed":0.0,"max_hp_gain":0.0,"max_hp_loss":0.0,"gold_gain":0.0,"event_name":"Mysterious Sphere","player_choice":"Ignored","floor":41.0,"gold_loss":0.0,"damage_taken":0.0}],"is_beta":false,"boss_relics":[{"not_picked":["Coffee Dripper","Busted Crown"],"picked":"Fusion Hammer"},{"not_picked":["Philosopher\u0027s Stone","HoveringKite"],"picked":"Empty Cage"}],"items_purged_floors":[24],"is_endless":false,"potions_floor_spawned":[1,13,16,18,33,35,40,44,45,47],"killed_by":"Time Eater","ascension_level":4}}