{"host":"me7pax5d7uwssv6n","time":1613394627,"event":{"mods":["BaseMod","Downfall","Minty Spire (QoL Compilation)","StSLib"],"gold_per_floor":[99,110,122,122,133,148,172,192,192,292,353,313,213,277,290,388,388,388,408,458,478,528,540,594,698,698,717,371,421,421,436,449,544,544,544,557,607,624,639,639,639,193,256,289,189,206,233,250,263,263],"floor_reached":51,"language":"ENG","playtime":7048,"items_purged":["bronze:Strike","Pride","bronze:Defend"],"score":757,"play_id":"9690d274-f9f6-49a1-b7eb-2d28bd74c472","local_time":"20210215211027","is_ascension_mode":false,"campfire_choices":[{"floor":1,"key":"RECALL"},{"floor":13,"key":"REST"},{"data":"bronze:HardenedForm","floor":18,"key":"SMITH"},{"floor":26,"key":"REST"},{"floor":30,"key":"REST"},{"data":"bronze:Goto","floor":35,"key":"SMITH"},{"data":"bronze:MaxOutput","floor":40,"key":"SMITH"},{"floor":45,"key":"REST"}],"circlet_count":0,"master_deck":["bronze:Strike","bronze:Strike","bronze:Defend","bronze:Defend","bronze:Replicate","bronze:Goto+1","bronze:ClassDefault","bronze:Repulsor","bronze:Boost","bronze:WhirlingStrike","bronze:DarkDash","bronze:FollowUp","bronze:FineTuning","bronze:ChildClass","bronze:FineTuning","bronze:HardenedForm+1","Finesse","bronze:RecursiveStrike","bronze:MaxOutput+1","bronze:Fortify+1","bronze:Deprecate+1","bronze:Optimize+1","bronze:OilSpill+1","bronze:Mutator"],"relics":["bronze:BronzeCore","downfall:CloakOfManyFaces","CultistMask","FaceOfCleric","NlothsMask","GremlinMask","SsserpentHead","downfall:HeartBlessingRed","Black Star","bronze:SilverBullet","downfall:RedIOU","Lantern","Strawberry","Sozu","Ginger","Bottled Tornado","Anchor","downfall:HeartBlessingGreen","Pen Nib","Bottled Lightning"],"acts_visited":["Exordium","TheCity","TheBeyond"],"potions_floor_usage":[10,16,27,32,33,43],"damage_taken":[{"damage":2,"enemies":"Small Slimes","floor":2,"turns":4},{"damage":1,"enemies":"Cultist","floor":3,"turns":3},{"damage":7,"enemies":"Jaw Worm","floor":5,"turns":6},{"damage":7,"enemies":"Large Slime","floor":6,"turns":7},{"damage":4,"enemies":"Blue Slaver","floor":8,"turns":4},{"damage":19,"enemies":"downfall:FaceTrader","floor":10,"turns":13},{"damage":0,"enemies":"2 Fungi Beasts","floor":11,"turns":3},{"damage":0,"enemies":"downfall:FleeingMerchant","floor":12,"turns":4},{"damage":7,"enemies":"Exordium Wildlife","floor":14,"turns":2},{"damage":9,"enemies":"Lots of Slimes","floor":15,"turns":3},{"damage":38,"enemies":"IC_STATUS_ARCHETYPE","floor":16,"turns":11},{"damage":28,"enemies":"Chosen","floor":19,"turns":6},{"damage":30,"enemies":"Sentry and Sphere","floor":21,"turns":8},{"damage":13,"enemies":"Centurion and Healer","floor":23,"turns":7},{"damage":8,"enemies":"3 Cultists","floor":27,"turns":5},{"damage":2,"enemies":"downfall:FleeingMerchant","floor":28,"turns":4},{"damage":3,"enemies":"Cultist and Chosen","floor":31,"turns":5},{"damage":15,"enemies":"Centurion and Healer","floor":32,"turns":6},{"damage":43,"enemies":"WA_ARCHETYPE_CALM","floor":33,"turns":14},{"damage":8,"enemies":"3 Shapes","floor":36,"turns":4},{"damage":0,"enemies":"3 Darklings","floor":38,"turns":3},{"damage":0,"enemies":"Sphere and 2 Shapes","floor":39,"turns":3},{"damage":0,"enemies":"downfall:FleeingMerchant","floor":42,"turns":4},{"damage":22,"enemies":"4 Shapes","floor":43,"turns":5},{"damage":8,"enemies":"Nemesis","floor":44,"turns":7},{"damage":0,"enemies":"Jaw Worm Horde","floor":46,"turns":3},{"damage":0,"enemies":"Giant Head","floor":47,"turns":7},{"damage":16,"enemies":"Maw","floor":48,"turns":6},{"damage":5,"enemies":"Transient","floor":49,"turns":5},{"damage":65,"enemies":"DF_ARCHETYPE_ORBS","floor":50,"turns":9}],"seed_played":"3172572576138702994","potions_obtained":[{"floor":6,"key":"Energy Potion"},{"floor":10,"key":"Weak Potion"},{"floor":15,"key":"Dexterity Potion"},{"floor":19,"key":"LiquidMemories"},{"floor":21,"key":"Regen Potion"},{"floor":27,"key":"SteroidPotion"},{"floor":29,"key":"CultistPotion"},{"floor":32,"key":"Explosive Potion"}],"is_trial":false,"path_per_floor":["R","M","M","?","M","M","T","M","?","?","M","$","R","M","M","B",null,"R","M","?","M","?","M","T","T","R","M","$","?","R","M","M","B",null,"R","M","?","M","M","R","T","$","M","E","R","M","E","M","M","B",null],"character_chosen":"THE_AUTOMATON","items_purchased":["Finesse","Strawberry","Ginger"],"campfire_rested":4,"item_purchase_floors":[28,28,42],"current_hp_per_floor":[77,75,74,74,67,60,60,56,56,37,38,39,62,56,48,11,82,82,55,55,26,26,14,14,14,39,41,47,47,75,73,59,17,97,97,90,90,91,92,92,92,93,72,65,95,96,97,82,78,14],"gold":263,"neow_bonus":"TEN_PERCENT_HP_BONUS","is_daily":false,"chose_seed":false,"campfire_upgraded":3,"win_rate":0.0,"timestamp":1613394627,"path_taken":["R","M","M","?","M","M","T","M","?","?","?","?","R","?","M","BOSS","R","M","?","M","?","M","T","?","R","M","$","?","R","M","M","BOSS","R","M","?","M","M","R","T","$","?","E","R","M","E","M","M","BOSS"],"items_purchased_type":["Card","Relic","Relic"],"build_version":"2020-12-22","purchased_purges":3,"victory":true,"max_hp_per_floor":[77,77,77,77,77,77,77,77,77,77,78,79,79,80,81,82,82,82,83,83,84,84,85,85,85,85,86,94,94,94,95,96,97,97,97,98,98,99,100,100,100,101,102,103,103,104,105,106,107,108],"card_choices":[{"not_picked":["bronze:Iterate","bronze:DelayedGuard"],"picked":"bronze:ClassDefault","floor":2},{"not_picked":["bronze:BuggyMess","bronze:Turbo"],"picked":"bronze:Repulsor","floor":3},{"not_picked":["bronze:CloningBeam","bronze:Shield"],"picked":"bronze:Boost","floor":5},{"not_picked":["bronze:ForLoop","bronze:DelayedSlice"],"picked":"bronze:WhirlingStrike","floor":6},{"not_picked":["bronze:WhirlingStrike","bronze:BugBarrage","bronze:Frontload"],"picked":"SKIP","floor":8},{"not_picked":["bronze:BronzeOrb","bronze:Repair"],"picked":"bronze:DarkDash","floor":10},{"not_picked":["bronze:BurnOut","bronze:Shield"],"picked":"bronze:FollowUp","floor":11},{"not_picked":["bronze:BugBarrage","bronze:FollowUp"],"picked":"bronze:FineTuning","floor":12},{"not_picked":["bronze:ForLoop","bronze:BugBarrage"],"picked":"bronze:ChildClass","floor":14},{"not_picked":["bronze:Frontload","bronze:DelayedSlice"],"picked":"bronze:FineTuning","floor":15},{"not_picked":["bronze:Format","bronze:CleanCode"],"picked":"bronze:HardenedForm","floor":16},{"not_picked":["bronze:FineTuning","bronze:BugBarrage","bronze:Invalidate"],"picked":"SKIP","floor":19},{"not_picked":["bronze:FineTuning","bronze:BugBarrage","bronze:Invalidate"],"picked":"SKIP","floor":19},{"not_picked":["bronze:FineTuning","bronze:HyperBeam","bronze:WildBeam+1"],"picked":"SKIP","floor":21},{"not_picked":["bronze:BugBarrage","bronze:BitShift","bronze:Shield"],"picked":"SKIP","floor":23},{"not_picked":["bronze:BitShift","bronze:Branch+1","bronze:Iterate"],"picked":"SKIP","floor":27},{"not_picked":["bronze:Overheat","bronze:Branch","bronze:BronzeArmor"],"picked":"SKIP","floor":28},{"not_picked":["bronze:BugBarrage+1","bronze:WhirlingStrike","bronze:Frontload"],"picked":"SKIP","floor":31},{"not_picked":["bronze:CloningBeam","bronze:Turbo","bronze:ForceShield"],"picked":"SKIP","floor":32},{"not_picked":["bronze:ThunderWave","bronze:CleanCode"],"picked":"bronze:RecursiveStrike","floor":33},{"not_picked":["bronze:BugBarrage","bronze:Invalidate","bronze:FineTuning+1"],"picked":"SKIP","floor":36},{"not_picked":["bronze:WhirlingStrike+1","bronze:Shield"],"picked":"bronze:MaxOutput","floor":38},{"not_picked":["bronze:FineTuning+1","bronze:Deprecate"],"picked":"bronze:Fortify+1","floor":39},{"not_picked":["bronze:Format","bronze:ChosenStrike"],"picked":"bronze:Deprecate+1","floor":42},{"not_picked":["bronze:OilSpill+1","bronze:Overheat+1","bronze:WhirlingStrike"],"picked":"SKIP","floor":43},{"not_picked":["bronze:CutThrough","bronze:Branch+1","bronze:Turbo"],"picked":"SKIP","floor":44},{"not_picked":["bronze:DelayedGuard","bronze:Frontload+1"],"picked":"bronze:Optimize+1","floor":46},{"not_picked":["bronze:Allocate+1","bronze:Frontload"],"picked":"bronze:OilSpill+1","floor":47},{"not_picked":["bronze:NullPointer","bronze:FollowUp"],"picked":"bronze:Mutator","floor":48},{"not_picked":["bronze:Repulsor","bronze:Turbo","bronze:Branch"],"picked":"SKIP","floor":49}],"player_experience":26741,"relics_obtained":[{"floor":7,"key":"Bag of Marbles"},{"floor":10,"key":"downfall:CloakOfManyFaces"},{"floor":25,"key":"Lantern"},{"floor":44,"key":"Bottled Tornado"},{"floor":44,"key":"Anchor"},{"floor":47,"key":"Pen Nib"},{"floor":47,"key":"Bottled Lightning"}],"event_choices":[{"cards_removed":["bronze:Strike"],"damage_healed":0,"gold_gain":0,"player_choice":"Card Removal","damage_taken":0,"max_hp_gain":0,"max_hp_loss":0,"event_name":"The Cleric","floor":4,"gold_loss":0},{"damage_healed":0,"gold_gain":0,"player_choice":"Stole Relic","damage_taken":0,"relics_obtained":["bronze:SilverBullet"],"max_hp_gain":0,"max_hp_loss":0,"event_name":"Addict","floor":20,"gold_loss":0,"cards_obtained":["Pride"]},{"cards_removed":["bronze:Defend"],"damage_healed":0,"gold_gain":0,"player_choice":"Card Removal","damage_taken":0,"max_hp_gain":0,"max_hp_loss":0,"event_name":"Wheel of Change","floor":37,"gold_loss":0}],"is_beta":false,"boss_relics":[{"not_picked":["bronze:PlatinumCore","Cursed Key"],"picked":"Black Star"},{"not_picked":["bronze:MakeshiftBattery","Runic Dome"],"picked":"Sozu"}],"items_purged_floors":[12,28,42],"is_endless":false,"potions_floor_spawned":[6,10,15,19,21,27,32,36,38,44,49],"ascension_level":0}}