{"host":"epc8efk9vrywpcsw","time":1613406153,"event":{"mods":["BaseMod","Minty Spire (QoL Compilation)","Relic Stats","StSLib"],"gold_per_floor":[117,91,91,109,109,136,136,136,136],"floor_reached":8,"language":"ENG","playtime":69,"items_purged":[],"score":158,"play_id":"2112bccc-7608-4905-896d-b7b9750b0656","local_time":"20210215172233","is_ascension_mode":true,"campfire_choices":[{"data":"Leg Sweep","floor":7,"key":"SMITH"}],"circlet_count":0,"master_deck":["AscendersBane","Strike_G","Strike_G","Strike_G","Strike_G","Strike_G","Defend_G","Defend_G","Defend_G","Defend_G","Defend_G","Survivor","Neutralize","Leg Sweep+1","Flying Knee","Grand Finale"],"relics":["Ring of the Snake","NeowsBlessing","Centennial Puzzle"],"acts_visited":["Exordium"],"potions_floor_usage":[],"damage_taken":[{"damage":0,"enemies":"Jaw Worm","floor":1,"turns":1},{"damage":0,"enemies":"Cultist","floor":4,"turns":1},{"damage":0,"enemies":"Gremlin Nob","floor":6,"turns":1},{"damage":0,"enemies":"Lagavulin","floor":8,"turns":1}],"seed_played":"603144891913172783","potions_obtained":[{"floor":4,"key":"SkillPotion"},{"floor":6,"key":"SkillPotion"}],"is_trial":false,"path_per_floor":["M","$","?","M","$","E","R","E"],"character_chosen":"THE_SILENT","items_purchased":["Flying Knee"],"campfire_rested":0,"item_purchase_floors":[2],"current_hp_per_floor":[59,59,66,66,66,66,66,66,66],"gold":136,"neow_bonus":"THREE_ENEMY_KILL","is_daily":false,"chose_seed":false,"campfire_upgraded":1,"win_rate":0.0,"timestamp":1613406153,"path_taken":["M","$","?","?","$","E","R","E"],"items_purchased_type":["Card"],"build_version":"2020-12-22","purchased_purges":0,"victory":false,"max_hp_per_floor":[66,66,66,66,66,66,66,66,66],"relic_stats":{"Centennial Puzzle":[0],"counters":[4,4],"obtain_stats":[{"Centennial Puzzle":6,"NeowsBlessing":0,"Ring of the Snake":0},{"Centennial Puzzle":3,"NeowsBlessing":0,"Ring of the Snake":0},{"Centennial Puzzle":3,"NeowsBlessing":0,"Ring of the Snake":0}],"Ring of the Snake":[8]},"card_choices":[{"not_picked":["Dodge and Roll","Well Laid Plans"],"picked":"Leg Sweep","floor":1},{"not_picked":["PiercingWail","Outmaneuver"],"picked":"Grand Finale","floor":4},{"not_picked":["Sucker Punch","Slice","Prepared"],"picked":"SKIP","floor":6}],"player_experience":534750,"relics_obtained":[{"floor":6,"key":"Centennial Puzzle"}],"event_choices":[{"damage_healed":7,"gold_gain":0,"player_choice":"Full Heal","damage_taken":0,"max_hp_gain":0,"max_hp_loss":0,"event_name":"Wheel of Change","floor":3,"gold_loss":0}],"is_beta":false,"boss_relics":[],"items_purged_floors":[],"is_endless":false,"potions_floor_spawned":[4,6],"killed_by":"Lagavulin","ascension_level":20}}