{"host":"q393yg6r5o2yq652","time":1613406307,"event":{"mods":["BaseMod","Colored Map","Minty Spire (QoL Compilation)","Permanent Neow","Relic Stats","everything is the same but u backflip on backflip"],"gold_per_floor":[113,113,131,131,141,176,176,189,234,268,368,368,387,167,167,271,271,271],"floor_reached":17,"language":"ENG","playtime":352,"items_purged":["Strike_R"],"score":173,"play_id":"a2f2a27d-96a0-421d-ac60-78b5732f3959","local_time":"20210215112507","is_ascension_mode":true,"campfire_choices":[{"data":"Inflame","floor":7,"key":"SMITH"},{"data":"Sword Boomerang","floor":12,"key":"SMITH"},{"data":"Bash","floor":15,"key":"SMITH"}],"circlet_count":0,"master_deck":["Strike_R","Strike_R","Defend_R+1","Bash+1","Inflame+1","Sword Boomerang+1","Sword Boomerang+1","Sword Boomerang+1","Double Tap","Blood for Blood+1","Reaper+1","Entrench+1"],"relics":["Burning Blood","NeowsBlessing","Molten Egg 2","War Paint","Oddly Smooth Stone","Akabeko","Astrolabe"],"acts_visited":["Exordium","TheCity"],"potions_floor_usage":[16],"damage_taken":[{"damage":0,"enemies":"Small Slimes","floor":1,"turns":1},{"damage":0,"enemies":"Cultist","floor":3,"turns":1},{"damage":0,"enemies":"Jaw Worm","floor":5,"turns":1},{"damage":15,"enemies":"Gremlin Nob","floor":6,"turns":4},{"damage":10,"enemies":"Looter","floor":8,"turns":2},{"damage":28,"enemies":"Lagavulin","floor":10,"turns":5},{"damage":13,"enemies":"Exordium Thugs","floor":13,"turns":2},{"damage":22,"enemies":"Hexaghost","floor":16,"turns":5}],"seed_played":"-5807828553778217374","potions_obtained":[{"floor":3,"key":"Weak Potion"},{"floor":5,"key":"DuplicationPotion"},{"floor":10,"key":"Dexterity Potion"},{"floor":13,"key":"DistilledChaos"}],"is_trial":false,"path_per_floor":["M","?","M","?","M","E","R","M","T","E","?","R","M","$","R","B",null],"character_chosen":"IRONCLAD","items_purchased":["Akabeko"],"campfire_rested":0,"item_purchase_floors":[14],"current_hp_per_floor":[80,80,80,80,80,71,71,67,67,45,45,45,38,38,38,22,80,80],"gold":271,"neow_bonus":"THREE_ENEMY_KILL","is_daily":false,"chose_seed":false,"campfire_upgraded":3,"win_rate":0.0,"timestamp":1613406307,"path_taken":["M","?","?","?","M","E","R","M","T","E","?","R","?","$","R","BOSS"],"items_purchased_type":["Relic"],"build_version":"2020-12-22","purchased_purges":1,"victory":false,"max_hp_per_floor":[80,80,80,80,80,80,80,80,80,80,80,80,80,80,80,80,80,80],"relic_stats":{"counters":[8,21],"Astrolabe":["Blood for Blood","Reaper","Entrench"],"War Paint":["Defend_R","Defend_R"],"obtain_stats":[{"NeowsBlessing":0,"Astrolabe":17,"Oddly Smooth Stone":10,"Molten Egg 2":6,"War Paint":9,"Burning Blood":0,"Akabeko":14},{"NeowsBlessing":0,"Astrolabe":8,"Oddly Smooth Stone":6,"Molten Egg 2":4,"War Paint":5,"Burning Blood":0,"Akabeko":7},{"NeowsBlessing":0,"Astrolabe":21,"Oddly Smooth Stone":14,"Molten Egg 2":7,"War Paint":9,"Burning Blood":0,"Akabeko":16}],"Burning Blood":30},"card_choices":[{"not_picked":["Perfected Strike","Battle Trance"],"picked":"Inflame","floor":1},{"not_picked":["Metallicize","Rupture"],"picked":"Sword Boomerang","floor":3},{"not_picked":["Body Slam","Iron Wave","Shockwave"],"picked":"SKIP","floor":5},{"not_picked":["Rampage+1","Sever Soul+1"],"picked":"Sword Boomerang+1","floor":6},{"not_picked":["Iron Wave+1","Perfected Strike+1","Sentinel"],"picked":"SKIP","floor":8},{"not_picked":["Havoc","Dual Wield"],"picked":"Sword Boomerang+1","floor":10},{"not_picked":["Anger+1","Armaments","Flame Barrier"],"picked":"SKIP","floor":13},{"not_picked":["Impervious","Offering"],"picked":"Double Tap","floor":16}],"player_experience":327900,"relics_obtained":[{"floor":6,"key":"Molten Egg 2"},{"floor":9,"key":"War Paint"},{"floor":10,"key":"Oddly Smooth Stone"}],"event_choices":[{"cards_removed":["Defend_R"],"damage_healed":0,"gold_gain":0,"player_choice":"Card Removal","damage_taken":0,"max_hp_gain":0,"max_hp_loss":0,"event_name":"Wheel of Change","floor":2,"gold_loss":0},{"cards_removed":["Defend_R"],"damage_healed":0,"gold_gain":0,"player_choice":"Forget","damage_taken":0,"max_hp_gain":0,"max_hp_loss":0,"event_name":"Living Wall","floor":4,"gold_loss":0},{"damage_healed":0,"gold_gain":100,"player_choice":"Pray","damage_taken":0,"max_hp_gain":0,"max_hp_loss":0,"event_name":"Golden Shrine","floor":11,"gold_loss":0}],"is_beta":false,"boss_relics":[{"not_picked":["SacredBark","Runic Pyramid"],"picked":"Astrolabe"}],"items_purged_floors":[14],"is_endless":false,"potions_floor_spawned":[3,5,10,13],"ascension_level":1}}