{"host":"it04jaz8eul1eh3d","time":1613367378,"event":{"mods":["AchievementEnabler","BaseMod","Colored Map","DeckTracker","Keyboard Shortcuts","Minty Spire (QoL Compilation)","SuperFastMode"],"gold_per_floor":[119,119,22,22,41,73,73,87,112,12,12,12,25,52,52,155,155,169,169,169,31,46,46,46,46],"floor_reached":24,"language":"KOR","playtime":491,"items_purged":["Strike_R","Strike_R"],"score":292,"play_id":"c2a68491-0702-44cc-9bd8-53e715ce57df","local_time":"20210215143618","is_ascension_mode":false,"campfire_choices":[{"data":"Armaments","floor":7,"key":"SMITH"},{"data":"Heavy Blade","floor":11,"key":"SMITH"},{"data":"Inflame","floor":15,"key":"SMITH"},{"data":"Demon Form","floor":23,"key":"SMITH"}],"circlet_count":0,"master_deck":["Bash","Combust","Armaments+1","Inflame+1","Heavy Blade+1","Feed","Rupture","Brutality","Iron Wave","Anger","Fire Breathing","Sword Boomerang","Armaments+1","Necronomicurse","Demon Form+1"],"relics":["Burning Blood","Bag of Marbles","Nunchaku","Lantern","Pandora\u0027s Box","Necronomicon"],"acts_visited":["TheCity"],"potions_floor_usage":[],"damage_taken":[{"damage":1,"enemies":"Jaw Worm","floor":1,"turns":6},{"damage":3,"enemies":"Cultist","floor":5,"turns":4},{"damage":18,"enemies":"Gremlin Nob","floor":6,"turns":4},{"damage":0,"enemies":"2 Louse","floor":8,"turns":2},{"damage":5,"enemies":"Looter","floor":13,"turns":3},{"damage":66,"enemies":"Hexaghost","floor":16,"turns":9},{"damage":7,"enemies":"Chosen","floor":18,"turns":3},{"damage":37,"enemies":"3 Byrds","floor":22,"turns":4},{"damage":38,"enemies":"Gremlin Leader","floor":24,"turns":3}],"seed_played":"7287417749681548170","potions_obtained":[{"floor":5,"key":"Energy Potion"},{"floor":8,"key":"ElixirPotion"},{"floor":18,"key":"Dexterity Potion"}],"is_trial":false,"path_per_floor":["M","?","$","?","M","E","R","M","T","$","R","$","M","T","R","B",null,"M","?","?","$","M","R","E"],"character_chosen":"IRONCLAD","items_purchased":["Armaments","Demon Form"],"campfire_rested":0,"item_purchase_floors":[3,21],"current_hp_per_floor":[80,85,85,85,85,73,73,79,79,79,79,79,80,80,80,20,85,84,84,68,68,37,37,0,0],"gold":46,"neow_bonus":"RANDOM_COLORLESS","is_daily":false,"chose_seed":false,"campfire_upgraded":4,"win_rate":0.0,"timestamp":1613367378,"path_taken":["M","?","$","?","M","E","R","?","T","$","R","$","M","?","R","BOSS","M","?","?","$","M","R","E"],"items_purchased_type":["Card","Card"],"build_version":"2020-12-22","purchased_purges":2,"victory":false,"max_hp_per_floor":[80,85,85,85,85,85,85,85,85,85,85,85,85,85,85,85,85,85,85,85,85,85,85,85,85],"card_choices":[{"not_picked":["Impatience","Mind Blast"],"picked":"Deep Breath","floor":0.0},{"not_picked":["Flame Barrier","Havoc"],"picked":"Combust","floor":1},{"not_picked":["Wild Strike","Fire Breathing"],"picked":"Inflame","floor":5},{"not_picked":["Twin Strike","Clash"],"picked":"Heavy Blade","floor":6},{"not_picked":["Whirlwind","Shrug It Off","Searing Blow"],"picked":"SKIP","floor":8},{"not_picked":["Body Slam","Rampage","Shrug It Off"],"picked":"SKIP","floor":13},{"not_picked":["Brutality","Offering"],"picked":"Feed","floor":16},{"not_picked":["Searing Blow+1","Headbutt"],"picked":"Armaments+1","floor":18},{"not_picked":["Flex","Body Slam+1","Disarm"],"picked":"SKIP","floor":22}],"player_experience":168085,"relics_obtained":[{"floor":6,"key":"Bag of Marbles"},{"floor":9,"key":"Nunchaku"},{"floor":14,"key":"Lantern"},{"floor":20,"key":"Necronomicon"}],"event_choices":[{"damage_healed":0,"gold_gain":0,"player_choice":"Donut","damage_taken":0,"max_hp_gain":5,"max_hp_loss":0,"event_name":"Big Fish","floor":2,"gold_loss":0},{"cards_removed":["Defend_R"],"damage_healed":0,"gold_gain":0,"player_choice":"Purged","damage_taken":0,"max_hp_gain":0,"max_hp_loss":0,"event_name":"Purifier","floor":4,"gold_loss":0},{"damage_healed":0,"gold_gain":0,"player_choice":"Ignored","damage_taken":0,"max_hp_gain":0,"max_hp_loss":0,"event_name":"Ghosts","floor":19,"gold_loss":0},{"damage_healed":0,"gold_gain":0,"player_choice":"Obtained Book","damage_taken":16,"max_hp_gain":0,"max_hp_loss":0,"event_name":"Cursed Tome","floor":20,"gold_loss":0}],"is_beta":false,"boss_relics":[{"not_picked":["Philosopher\u0027s Stone","SlaversCollar"],"picked":"Pandora\u0027s Box"}],"items_purged_floors":[3,10],"is_endless":false,"potions_floor_spawned":[5,8,18],"killed_by":"Gremlin Leader","ascension_level":0}}