{"host":"bz6w3lfmpwgz81o3","time":1613402401,"event":{"mods":["BaseMod","Downfall","Hermit","Minty Spire (QoL Compilation)","StSLib"],"gold_per_floor":[112,132,150,170,189,222,236,270,270,270,300,300,300,330,330,432,432,449,459,459,469,469,496,243,253,253,253,269,269,269],"floor_reached":29,"language":"ENG","playtime":1279,"items_purged":["Bite"],"score":292,"play_id":"882f572f-6e31-4fff-884d-4499741d84d3","local_time":"20210215162001","is_ascension_mode":false,"campfire_choices":[{"data":"Infinite Blades","floor":10,"key":"SMITH"},{"floor":12,"key":"REST"},{"floor":15,"key":"REST"},{"data":"Predator","floor":27,"key":"SMITH"}],"circlet_count":0,"master_deck":["Defend_G","Defend_G","Defend_G","Defend_G","Defend_G","Survivor","Neutralize","Infinite Blades+1","Dagger Spray+1","Slice+1","Predator+1","Infinite Blades","Blade Dance+1","Backflip+1","Deflect+1","Venomology+1","Deadly Poison+1","Acrobatics+1","Bite","Bite","Bite","Bite","Deadly Poison+1","Blade Dance+1","Bouncing Flask+1","Poisoned Stab+1"],"relics":["Ring of the Serpent","NeowsBlessing","Ice Cream","Toxic Egg 2","Odd Mushroom","Blue Candle","InkBottle","Whetstone","Lee\u0027s Waffle","Potion Belt"],"acts_visited":["Exordium","TheCity"],"potions_floor_usage":[11,14,16,16,21,21,23,25,29,29,29,29],"damage_taken":[{"damage":0,"enemies":"2 Louse","floor":1,"turns":1},{"damage":0,"enemies":"Jaw Worm","floor":2,"turns":1},{"damage":0,"enemies":"Cultist","floor":3,"turns":1},{"damage":0,"enemies":"Looter","floor":4,"turns":4},{"damage":0,"enemies":"Blue Slaver","floor":5,"turns":4},{"damage":24,"enemies":"Gremlin Nob","floor":6,"turns":4},{"damage":7,"enemies":"3 Louse","floor":7,"turns":3},{"damage":18,"enemies":"Lagavulin","floor":8,"turns":6},{"damage":5,"enemies":"The Mushroom Lair","floor":11,"turns":2},{"damage":10,"enemies":"3 Sentries","floor":14,"turns":6},{"damage":24,"enemies":"Slime Boss","floor":16,"turns":10},{"damage":0,"enemies":"Chosen","floor":18,"turns":4},{"damage":16,"enemies":"Spheric Guardian","floor":19,"turns":5},{"damage":33,"enemies":"Snake Plant","floor":21,"turns":5},{"damage":45,"enemies":"Book of Stabbing","floor":23,"turns":7},{"damage":29,"enemies":"Sentry and Sphere","floor":25,"turns":6},{"damage":21,"enemies":"3 Cultists","floor":28,"turns":6},{"damage":24,"enemies":"Gremlin Leader","floor":29,"turns":5}],"seed_played":"-7946214734836161147","potions_obtained":[{"floor":2,"key":"FairyPotion"},{"floor":4,"key":"LiquidBronze"},{"floor":6,"key":"SteroidPotion"},{"floor":11,"key":"Energy Potion"},{"floor":14,"key":"GamblersBrew"},{"floor":21,"key":"SpeedPotion"},{"floor":23,"key":"AttackPotion"}],"is_trial":false,"path_per_floor":["M","M","M","M","M","E","M","E","T","R","?","R","?","E","R","B",null,"M","M","?","M","?","E","$","M","T","R","M","E"],"character_chosen":"THE_SILENT","items_purchased":["Blade Dance+1","Lee\u0027s Waffle"],"campfire_rested":2,"item_purchase_floors":[24,24],"current_hp_per_floor":[70,70,70,70,70,46,39,21,21,21,16,37,32,22,43,19,70,70,54,49,26,26,5,56,31,31,31,18,0,0],"gold":269,"neow_bonus":"THREE_ENEMY_KILL","is_daily":false,"chose_seed":false,"campfire_upgraded":2,"win_rate":0.0,"timestamp":1613402401,"path_taken":["M","M","M","M","M","E","M","E","T","R","?","R","?","E","R","BOSS","M","M","?","M","?","E","$","M","T","R","M","E"],"items_purchased_type":["Card","Relic"],"build_version":"2020-12-22","purchased_purges":1,"victory":false,"max_hp_per_floor":[70,70,70,70,70,70,70,70,70,70,70,70,70,70,70,70,70,70,70,49,49,49,49,56,56,56,56,56,56,56],"card_choices":[{"not_picked":["Dodge and Roll","Prepared","Acrobatics"],"picked":"SKIP","floor":1},{"not_picked":["Expertise","PiercingWail"],"picked":"Infinite Blades","floor":2},{"not_picked":["Backstab","Sucker Punch"],"picked":"Dagger Spray","floor":3},{"not_picked":["Outmaneuver","Acrobatics"],"picked":"Slice","floor":4},{"not_picked":["Deadly Poison","Skewer"],"picked":"Predator","floor":5},{"not_picked":["Underhanded Strike","Night Terror"],"picked":"Infinite Blades","floor":6},{"not_picked":["Dagger Spray","Poisoned Stab","Choke"],"picked":"SKIP","floor":7},{"not_picked":["Choke","Riddle With Holes"],"picked":"Blade Dance+1","floor":8},{"not_picked":["Expertise+1","Acrobatics+1"],"picked":"Backflip+1","floor":11},{"not_picked":["Slice","Caltrops"],"picked":"Deflect+1","floor":14},{"not_picked":["Tools of the Trade","Glass Knife"],"picked":"Venomology+1","floor":16},{"not_picked":["Flying Knee","Poisoned Stab"],"picked":"Deadly Poison+1","floor":18},{"not_picked":["Prepared+1","Quick Slash"],"picked":"Acrobatics+1","floor":19},{"not_picked":["Choke+1","Riddle With Holes+1"],"picked":"Deadly Poison+1","floor":21},{"not_picked":["Masterful Stab","Underhanded Strike","Infinite Blades"],"picked":"SKIP","floor":23},{"not_picked":["Backstab+1","Die Die Die"],"picked":"Bouncing Flask+1","floor":25},{"not_picked":["Prepared+1","Quick Slash+1"],"picked":"Poisoned Stab+1","floor":28}],"player_experience":44311,"relics_obtained":[{"floor":6,"key":"Ice Cream"},{"floor":8,"key":"Toxic Egg 2"},{"floor":11,"key":"Odd Mushroom"},{"floor":14,"key":"InkBottle"},{"floor":23,"key":"Whetstone"},{"floor":26,"key":"Potion Belt"}],"event_choices":[{"damage_healed":0,"gold_gain":0,"player_choice":"Fought Mushrooms","damage_taken":0,"max_hp_gain":0,"max_hp_loss":0,"event_name":"Mushrooms","floor":11,"gold_loss":0},{"damage_healed":0,"gold_gain":0,"player_choice":"Became a vampire","damage_taken":0,"max_hp_gain":0,"max_hp_loss":21,"event_name":"Vampires","floor":20,"gold_loss":0,"cards_obtained":["Bite","Bite","Bite","Bite","Bite"]}],"is_beta":false,"boss_relics":[{"not_picked":["Black Star","Velvet Choker"],"picked":"Ring of the Serpent"}],"items_purged_floors":[24],"is_endless":false,"potions_floor_spawned":[2,4,6,11,14,21,23],"killed_by":"Gremlin Leader","ascension_level":0}}