{"host":"clf2hd4adhiiw0zf","time":1613412526,"event":{"mods":["AchievementEnabler","BaseMod","Beaked The Cultist","Bestiary","Dark Map","Downfall","Gremlin Mod","Hermit","Jorbs\u0027s Wanderer Trilogy","Marisa????????","Minty Spire (QoL Compilation)","Shop Mod","StSLib","The Cursed","Wide Potions"],"gold_per_floor":[99,111,211,211,231,261,288,288,288,288,288],"floor_reached":9,"language":"ENG","playtime":208,"items_purged":[],"score":106,"play_id":"e8c08224-bbcd-48f1-b376-6a3eef1f1c37","local_time":"20210215110846","is_ascension_mode":true,"campfire_choices":[{"floor":1,"key":"RECALL"}],"circlet_count":0,"master_deck":["AscendersBane","champ:Strike","champ:Strike","champ:Strike","champ:Strike","champ:Defend","champ:Defend","champ:Defend","champ:Defend","champ:Execute","champ:Taunt","champ:TornadoPunch","downfall:Icky","Regret","champ:FaceSlap","champ:PerfectedStrike"],"relics":["SacredBark","Blood Vial","Juzu Bracelet","Strawberry","champ:LiftRelic"],"acts_visited":["Exordium"],"potions_floor_usage":[6],"damage_taken":[{"damage":21,"enemies":"Cultist","floor":2,"turns":5},{"damage":30,"enemies":"Jaw Worm","floor":5,"turns":4},{"damage":50,"enemies":"3 Sentries","floor":6,"turns":6},{"damage":38,"enemies":"Lagavulin","floor":9,"turns":5}],"seed_played":"-8852130099454235241","potions_obtained":[{"floor":2,"key":"Strength Potion"},{"floor":5,"key":"hexamod:SoulburnPotion"}],"is_trial":false,"path_per_floor":["R","M","?","?","M","E","T","?","E"],"character_chosen":"THE_CHAMP","items_purchased":[],"campfire_rested":0,"item_purchase_floors":[],"current_hp_per_floor":[73,72,72,72,64,26,33,33,0,0,0],"gold":288,"neow_bonus":"BOSS_RELIC","is_daily":false,"chose_seed":false,"campfire_upgraded":0,"win_rate":0.0,"timestamp":1613412526,"path_taken":["R","M","?","?","M","E","T","?","E"],"items_purchased_type":[],"build_version":"2020-12-22","purchased_purges":0,"victory":false,"max_hp_per_floor":[81,81,81,81,81,81,88,88,88,88,88],"card_choices":[{"not_picked":["champ:GutPunch","champ:RecklessLeap"],"picked":"champ:TornadoPunch","floor":2},{"not_picked":["champ:AdrenalArmor","champ:DefensiveShout"],"picked":"champ:FaceSlap","floor":5},{"not_picked":["champ:EnchantSword","champ:Shatter"],"picked":"champ:PerfectedStrike","floor":6}],"player_experience":309970,"relics_obtained":[{"floor":6,"key":"Juzu Bracelet"},{"floor":7,"key":"Strawberry"}],"event_choices":[{"damage_healed":0,"gold_gain":0,"player_choice":"Box","damage_taken":0,"relics_obtained":["Blood Vial"],"max_hp_gain":0,"max_hp_loss":0,"event_name":"Big Fish","floor":4,"gold_loss":0,"cards_obtained":["Regret"]}],"is_beta":false,"boss_relics":[],"items_purged_floors":[],"is_endless":false,"potions_floor_spawned":[2,5],"killed_by":"Lagavulin","ascension_level":16}}