{"host":"duxoyu97j36znyap","time":1613421410,"event":{"mods":["AlwaysNeverKeys","BaseMod","Bestiary","BetterRewards","Colored Map","DeckTracker","Filter the Spire","Googly Eyes","Minty Spire (QoL Compilation)","Permanent Neow","Rare Cards Sparkle","Relic Stats","StSLib"],"gold_per_floor":[115,125,50,50,50,96,124,167,204,14,34,34,34],"floor_reached":12,"language":"ENG","playtime":365,"items_purged":["Regret"],"score":154,"play_id":"3e46548b-4378-4a47-bb85-5f8a956e8364","local_time":"20210215153650","is_ascension_mode":true,"campfire_choices":[],"circlet_count":0,"master_deck":["AscendersBane","Bash","Dual Wield","Impervious","Berserk","Juggernaut","Clash","Sever Soul","Second Wind","Limit Break","Carnage","True Grit","Rage","Demon Form","Feel No Pain","Exhume","Havoc"],"relics":["Pandora\u0027s Box","Strawberry","MawBank","Pen Nib","White Beast Statue","CeramicFish"],"acts_visited":["Exordium"],"potions_floor_usage":[12,12],"damage_taken":[{"damage":0.0,"enemies":"Cultist","floor":1.0,"turns":2.0},{"damage":7.0,"enemies":"2 Louse","floor":2.0,"turns":2.0},{"damage":12.0,"enemies":"Gremlin Nob","floor":6.0,"turns":3.0},{"damage":0.0,"enemies":"Small Slimes","floor":7.0,"turns":3.0},{"damage":10.0,"enemies":"3 Sentries","floor":8.0,"turns":7.0},{"damage":0.0,"enemies":"Blue Slaver","floor":11.0,"turns":2.0},{"damage":31,"enemies":"Gremlin Nob","floor":12,"turns":3}],"seed_played":"2388124475552196849","potions_obtained":[{"floor":1.0,"key":"SpeedPotion"},{"floor":2.0,"key":"Strength Potion"},{"floor":11.0,"key":"GamblersBrew"}],"is_trial":false,"path_per_floor":["M","M","?","?","?","E","M","E","T","$","M","E"],"character_chosen":"IRONCLAD","items_purchased":["Feel No Pain","Exhume"],"campfire_rested":0,"item_purchase_floors":[10,10],"current_hp_per_floor":[68,61,61,68,50,38,38,28,28,28,28,0,0],"gold":34,"neow_bonus":"BOSS_RELIC","is_daily":false,"chose_seed":false,"campfire_upgraded":0,"win_rate":0.0,"timestamp":1613421410,"path_taken":["M","M","?","?","?","E","M","E","T","?","M","E"],"items_purchased_type":["Card","Card"],"build_version":"2020-12-22","purchased_purges":1,"victory":false,"max_hp_per_floor":[75,75,75,82,82,82,82,82,82,82,82,82,82],"relic_stats":{"counters":[7,22],"CeramicFish":27,"Pandora\u0027s Box":["Dual Wield","Impervious","Berserk","Juggernaut","Clash","Sever Soul","Second Wind","Havoc","Limit Break"],"Pen Nib":[1],"MawBank":60,"obtain_stats":[{"Strawberry":4,"CeramicFish":9,"Pandora\u0027s Box":0,"Pen Nib":6,"MawBank":5,"Burning Blood":0,"White Beast Statue":8},{"Strawberry":2,"CeramicFish":5,"Pandora\u0027s Box":0,"Pen Nib":3,"MawBank":2,"Burning Blood":0,"White Beast Statue":5},{"Strawberry":4,"CeramicFish":17,"Pandora\u0027s Box":0,"Pen Nib":7,"MawBank":4,"Burning Blood":0,"White Beast Statue":17}]},"card_choices":[{"not_picked":["Reckless Charge","Wild Strike"],"picked":"Carnage","floor":1.0},{"not_picked":["Iron Wave","Warcry","Reckless Charge"],"picked":"SKIP","floor":2.0},{"not_picked":["Reckless Charge","Shrug It Off"],"picked":"True Grit","floor":6.0},{"not_picked":["Reckless Charge","Metallicize"],"picked":"Rage","floor":7.0},{"not_picked":["Iron Wave","Havoc"],"picked":"Demon Form","floor":8.0},{"not_picked":["Carnage","Warcry"],"picked":"Havoc","floor":11.0}],"player_experience":568801,"relics_obtained":[{"floor":6.0,"key":"Pen Nib"},{"floor":8.0,"key":"White Beast Statue"},{"floor":9.0,"key":"CeramicFish"}],"event_choices":[{"cards_removed":["Havoc"],"damage_healed":0.0,"max_hp_gain":0.0,"max_hp_loss":0.0,"gold_gain":0.0,"event_name":"The Cleric","player_choice":"Card Removal","floor":3.0,"gold_loss":75.0,"damage_taken":0.0},{"damage_healed":0.0,"max_hp_gain":0.0,"max_hp_loss":0.0,"gold_gain":0.0,"event_name":"Big Fish","player_choice":"Box","floor":4.0,"gold_loss":0.0,"damage_taken":0.0,"relics_obtained":["Strawberry"],"cards_obtained":["Regret"]},{"damage_healed":0.0,"max_hp_gain":0.0,"max_hp_loss":0.0,"gold_gain":0.0,"event_name":"Scrap Ooze","player_choice":"Success","floor":5.0,"gold_loss":0.0,"damage_taken":18.0,"relics_obtained":["MawBank"]}],"is_beta":false,"boss_relics":[],"items_purged_floors":[10],"is_endless":false,"potions_floor_spawned":[1,2,11],"killed_by":"Gremlin Nob","ascension_level":15}}