{"host":"u7y9frlpoazak2mn","time":1613425811,"event":{"mods":["AchievementEnabler","Act Like it!","Aspiration","BaseMod","Beaked The Cultist","Better Altar","Better Match","Better Note","Better Sensory Stone","Better Skull","Better Third Choice","Colored Map","Colored Powertips","Displayed Cursed Tome","Downfall","Emptier Cage","Energized Spire","GifTheSpireLib","Hermit","Marked Mod","Mimic Mod","Minty Spire (QoL Compilation)","Permanent Neow","Prisma Mod","Rare Cards Sparkle","Relic Stats","StSLib","The Construct","Waifu the Spire"],"gold_per_floor":[109,128,141,66,84,109,109,141,171,181,181,181],"floor_reached":11,"language":"ENG","playtime":507,"items_purged":["Writhe"],"score":89,"play_id":"bf168f42-bc35-4de6-ae3c-67288786a10e","local_time":"20210215165011","is_ascension_mode":true,"campfire_choices":[{"floor":7,"key":"REST"}],"circlet_count":0,"master_deck":["Strike_B","Strike_B","Strike_B","Strike_B","Defend_B","Defend_B","Defend_B","Defend_B","Zap","Dualcast","Metamorphosis","Stack","Beam Cell","Gash","Machine Learning","Ball Lightning","Gash","Chaos"],"relics":["Cracked Core","White Beast Statue","Gremlin Horn"],"acts_visited":["Exordium"],"potions_floor_usage":[9,9,10],"damage_taken":[{"damage":5,"enemies":"Small Slimes","floor":1,"turns":4},{"damage":6,"enemies":"Jaw Worm","floor":2,"turns":3},{"damage":1,"enemies":"Cultist","floor":3,"turns":3},{"damage":9,"enemies":"Blue Slaver","floor":5,"turns":3},{"damage":39,"enemies":"3 Sentries","floor":6,"turns":7},{"damage":32,"enemies":"Gremlin Nob","floor":8,"turns":4},{"damage":0,"enemies":"3 Louse","floor":9,"turns":4},{"damage":1,"enemies":"3 Louse","floor":10,"turns":3},{"damage":13,"enemies":"Lagavulin","floor":11,"turns":2}],"seed_played":"-3087556719465735500","potions_obtained":[{"floor":2,"key":"EntropicBrew"},{"floor":8,"key":"DistilledChaos"},{"floor":10,"key":"FearPotion"}],"is_trial":false,"path_per_floor":["M","M","M","$","M","E","R","E","MIM","M","E"],"character_chosen":"DEFECT","items_purchased":[],"campfire_rested":1,"item_purchase_floors":[],"current_hp_per_floor":[70,64,63,63,54,15,37,5,5,4,0,0],"gold":181,"neow_bonus":"RANDOM_COLORLESS_2","is_daily":false,"chose_seed":false,"campfire_upgraded":0,"win_rate":0.0,"timestamp":1613425811,"path_taken":["M","M","M","$","M","E","R","E","MIM","M","E"],"items_purchased_type":[],"build_version":"2020-12-22","purchased_purges":1,"victory":false,"max_hp_per_floor":[75,75,75,75,75,75,75,75,75,75,75,75],"relic_stats":{"Gremlin Horn":[2,2],"counters":[9,33],"obtain_stats":[{"Gremlin Horn":8,"Cracked Core":0,"White Beast Statue":6},{"Gremlin Horn":6,"Cracked Core":0,"White Beast Statue":5},{"Gremlin Horn":24,"Cracked Core":0,"White Beast Statue":20}]},"card_choices":[{"not_picked":["Sadistic Nature","HandOfGreed"],"picked":"Metamorphosis","floor":0},{"not_picked":["Rebound","Cold Snap"],"picked":"Stack","floor":1},{"not_picked":["Sweeping Beam","Steam","Go for the Eyes"],"picked":"SKIP","floor":2},{"not_picked":["Conserve Battery","Sweeping Beam"],"picked":"Beam Cell","floor":3},{"not_picked":["Buffer","Hologram"],"picked":"Gash","floor":5},{"not_picked":["Cold Snap","Ball Lightning"],"picked":"Machine Learning","floor":6},{"not_picked":["Skim","Conserve Battery"],"picked":"Ball Lightning","floor":8},{"not_picked":["Coolheaded","Go for the Eyes"],"picked":"Gash","floor":9},{"not_picked":["Cold Snap","Ball Lightning"],"picked":"Chaos","floor":10}],"player_experience":460119,"relics_obtained":[{"floor":6,"key":"White Beast Statue"},{"floor":8,"key":"Gremlin Horn"}],"event_choices":[],"is_beta":false,"boss_relics":[],"items_purged_floors":[4],"is_endless":false,"potions_floor_spawned":[2,8,9,10],"killed_by":"Lagavulin","ascension_level":1}}