{"host":"f9ntswufr8mq3t4y","time":1613408950,"event":{"mods":["AchievementEnabler","BaseMod","Best Route Mod","Block Reminder","Colored Map","Colored Powertips","Curses Come First","DeckTracker","Displayed Cursed Tome","Highlight Path","Minty Spire (QoL Compilation)","Permanent Neow","Quick Restart","Slay-I","StSLib"],"gold_per_floor":[18,18,28,28,39,64,64,89,89,89,39,73,73,73,73,168,168,188,207,226,226,226,261,281,314,314,314,314,413,426,272,272,373,373,388,388,388,388,437,437,437],"floor_reached":40,"language":"ENG","playtime":1756,"items_purged":[],"score":610,"play_id":"e9ec17ec-69b1-4858-bc59-2e473bbe77e6","local_time":"20210215200910","is_ascension_mode":true,"campfire_choices":[{"floor":7,"key":"REST"},{"floor":10,"key":"REST"},{"floor":15,"key":"REST"},{"floor":27,"key":"REST"},{"data":"Fission","floor":32,"key":"SMITH"}],"circlet_count":0,"master_deck":["Strike_B","Strike_B","Defend_B+1","Defend_B+1","Defend_B","Zap","Dualcast","Doom and Gloom","Genetic Algorithm+1","Ball Lightning","Defragment","FTL","Fission+1","Loop","Coolheaded","White Noise","Defragment+1"],"relics":["Cracked Core","Juzu Bracelet","HornCleat","Dream Catcher","Potion Belt","Sozu","Lantern","Oddly Smooth Stone","StoneCalendar","Strawberry","Frozen Egg 2","Regal Pillow","Philosopher\u0027s Stone","Torii"],"acts_visited":["Exordium","TheCity","TheBeyond"],"potions_floor_usage":[16,20,23],"damage_taken":[{"damage":0,"enemies":"Small Slimes","floor":1,"turns":2},{"damage":0,"enemies":"2 Louse","floor":3,"turns":2},{"damage":1,"enemies":"Jaw Worm","floor":5,"turns":3},{"damage":31,"enemies":"Gremlin Nob","floor":6,"turns":4},{"damage":23,"enemies":"Lagavulin","floor":8,"turns":6},{"damage":8,"enemies":"Gremlin Nob","floor":12,"turns":4},{"damage":0,"enemies":"Slime Boss","floor":16,"turns":7},{"damage":4,"enemies":"Shell Parasite","floor":18,"turns":4},{"damage":0,"enemies":"3 Byrds","floor":19,"turns":4},{"damage":1,"enemies":"Centurion and Healer","floor":20,"turns":5},{"damage":17,"enemies":"Slavers","floor":23,"turns":5},{"damage":9,"enemies":"Shelled Parasite and Fungi","floor":24,"turns":6},{"damage":1,"enemies":"Gremlin Leader","floor":25,"turns":7},{"damage":12,"enemies":"Snecko","floor":30,"turns":4},{"damage":34,"enemies":"Collector","floor":33,"turns":7},{"damage":6,"enemies":"3 Shapes","floor":35,"turns":4},{"damage":57,"enemies":"2 Orb Walkers","floor":39,"turns":6},{"damage":18,"enemies":"Giant Head","floor":40,"turns":6}],"seed_played":"-2652982276255179705","potions_obtained":[{"floor":3,"key":"GamblersBrew"},{"floor":6,"key":"Fire Potion"},{"floor":8,"key":"DistilledChaos"},{"floor":16,"key":"AttackPotion"}],"is_trial":false,"path_per_floor":["M","?","M","?","M","E","R","E","T","R","?","E","$","?","R","B",null,"M","M","M","?","?","E","M","E","T","R","?","?","M","$","R","B",null,"M","?","?","?","?","E"],"character_chosen":"DEFECT","items_purchased":["Regal Pillow"],"campfire_rested":4,"item_purchase_floors":[31],"current_hp_per_floor":[75,75,75,80,79,48,72,49,49,73,73,65,65,49,73,73,78,74,74,73,73,73,56,47,53,53,79,79,79,67,67,67,33,74,68,68,68,68,11,0,0],"gold":437,"neow_bonus":"TRANSFORM_TWO_CARDS","is_daily":false,"chose_seed":false,"campfire_upgraded":1,"win_rate":0.0,"timestamp":1613408950,"path_taken":["M","?","M","?","M","E","R","E","T","R","?","E","?","?","R","BOSS","M","M","M","?","?","E","M","E","T","R","?","?","M","$","R","BOSS","M","?","?","?","?","E"],"items_purchased_type":["Relic"],"build_version":"2020-12-22","purchased_purges":0,"victory":false,"max_hp_per_floor":[75,75,75,80,80,80,80,80,80,80,80,80,80,80,80,80,80,80,80,80,80,80,80,80,87,87,87,87,87,87,87,87,87,87,87,83,83,83,83,83,83],"card_choices":[{"not_picked":["Coolheaded","Compile Driver"],"picked":"Ball Lightning","floor":1},{"not_picked":["Hello World","Chaos"],"picked":"Defragment","floor":3},{"not_picked":["Turbo","Streamline"],"picked":"FTL","floor":5},{"not_picked":["Conserve Battery","Recycle","Scrape"],"picked":"SKIP","floor":6},{"not_picked":["Rebound","Loop","Leap"],"picked":"SKIP","floor":8},{"not_picked":["Reinforced Body","Leap","Sunder"],"picked":"SKIP","floor":12},{"not_picked":["Rainbow","All For One"],"picked":"Fission","floor":16},{"not_picked":["Reprogram","Gash"],"picked":"Compile Driver","floor":18},{"not_picked":["Force Field","Steam","Scrape"],"picked":"SKIP","floor":19},{"not_picked":["Go for the Eyes","Ball Lightning","Skim"],"picked":"SKIP","floor":20},{"not_picked":["Storm","Hello World"],"picked":"Loop","floor":23},{"not_picked":["Beam Cell","Reprogram"],"picked":"Coolheaded","floor":24},{"not_picked":["Sweeping Beam+1","Redo","Hyperbeam"],"picked":"SKIP","floor":25},{"not_picked":["Redo","Rebound"],"picked":"White Noise","floor":27},{"not_picked":["Recycle","Skim+1"],"picked":"Defragment+1","floor":30},{"not_picked":["Redo","Leap","Conserve Battery"],"picked":"SKIP","floor":35}],"player_experience":443995,"relics_obtained":[{"floor":6,"key":"Juzu Bracelet"},{"floor":8,"key":"HornCleat"},{"floor":9,"key":"Dream Catcher"},{"floor":12,"key":"Potion Belt"},{"floor":23,"key":"StoneCalendar"},{"floor":25,"key":"Strawberry"},{"floor":26,"key":"Frozen Egg 2"},{"floor":39,"key":"Torii"}],"event_choices":[{"damage_healed":0,"gold_gain":0,"player_choice":"Grow","damage_taken":0,"max_hp_gain":0,"max_hp_loss":0,"event_name":"Living Wall","floor":2,"gold_loss":0,"cards_upgraded":["Genetic Algorithm"]},{"damage_healed":0,"gold_gain":0,"player_choice":"Donut","damage_taken":0,"max_hp_gain":5,"max_hp_loss":0,"event_name":"Big Fish","floor":4,"gold_loss":0},{"cards_removed":["Strike_B"],"damage_healed":0,"gold_gain":0,"player_choice":"Card Removal","damage_taken":0,"max_hp_gain":0,"max_hp_loss":0,"event_name":"The Cleric","floor":11,"gold_loss":50},{"damage_healed":0,"gold_gain":0,"player_choice":"Entered Light","damage_taken":16,"max_hp_gain":0,"max_hp_loss":0,"event_name":"Shining Light","floor":14,"gold_loss":0,"cards_upgraded":["Defend_B","Defend_B"]},{"damage_healed":0,"gold_gain":0,"player_choice":"Opened","damage_taken":0,"relics_obtained":["Lantern"],"max_hp_gain":0,"max_hp_loss":0,"event_name":"The Mausoleum","floor":21,"gold_loss":0},{"damage_healed":0,"gold_gain":0,"player_choice":"Gave Potion","damage_taken":0,"relics_obtained":["Oddly Smooth Stone"],"max_hp_gain":0,"max_hp_loss":0,"event_name":"WeMeetAgain","floor":22,"gold_loss":0},{"damage_healed":0,"gold_gain":0,"player_choice":"Ignored","damage_taken":0,"max_hp_gain":0,"max_hp_loss":0,"event_name":"Vampires","floor":28,"gold_loss":0},{"damage_healed":0,"gold_gain":99,"player_choice":"Stole From Cult","damage_taken":0,"max_hp_gain":0,"max_hp_loss":0,"event_name":"Nest","floor":29,"gold_loss":0},{"damage_healed":0,"gold_gain":0,"player_choice":"Max HP","damage_taken":0,"max_hp_gain":0,"max_hp_loss":4,"event_name":"Winding Halls","floor":36,"gold_loss":0},{"damage_healed":0,"gold_gain":0,"player_choice":"Ignored","damage_taken":0,"max_hp_gain":0,"max_hp_loss":0,"event_name":"Tomb of Lord Red Mask","floor":37,"gold_loss":0},{"cards_removed":["Compile Driver"],"damage_healed":0,"gold_gain":0,"player_choice":"Removed Attack","damage_taken":0,"max_hp_gain":0,"max_hp_loss":0,"event_name":"Falling","floor":38,"gold_loss":0},{"damage_healed":0,"gold_gain":0,"player_choice":"Fight","damage_taken":0,"max_hp_gain":0,"max_hp_loss":0,"event_name":"Mysterious Sphere","floor":39,"gold_loss":0}],"is_beta":false,"boss_relics":[{"not_picked":["Cursed Key","Snecko Eye"],"picked":"Sozu"},{"not_picked":["Runic Pyramid","Black Star"],"picked":"Philosopher\u0027s Stone"}],"items_purged_floors":[],"is_endless":false,"potions_floor_spawned":[3,6,8,16,24,25,33,35],"killed_by":"Giant Head","ascension_level":5}}