{"host":"5qewjvycy34u7aeo","time":1613414560,"event":{"mods":["Act Like it!","Aspiration","BaseMod","Conspire","Downfall","GifTheSpireLib","Hubris","Infinite Spire","Minty Spire (QoL Compilation)","Permanent Neow","Replay The Spire","Shop Mod","StSLib","Stuff the Spire"],"gold_per_floor":[118,118,118,118,129,164,164,164,215,215,228,40,58,71,71,175,175,185,203,215,315,327,358,358,358,358],"floor_reached":25,"language":"ENG","playtime":1543,"items_purged":[],"score":245,"play_id":"5b1bc8c2-9b26-4c08-8594-0eaffe7a40e1","local_time":"20210215124240","is_ascension_mode":true,"campfire_choices":[{"data":"Glacier","floor":8.0,"key":"SMITH"},{"data":"1","floor":10.0,"key":"LIFT"},{"floor":15.0,"key":"REST"},{"data":"2","floor":24,"key":"LIFT"}],"circlet_count":0,"master_deck":["Strike_B","Strike_B","Strike_B","Strike_B","Defend_B","Defend_B","Defend_B","Defend_B","Zap","Dualcast","Glacier+1","Gash","Gash","Pot Of Greed","Pot Of Greed","Go for the Eyes","Self Repair","Core Surge","Leap","Beam Cell+1","ReplayGash+1"],"relics":["Cracked Core","aspiration:DSix","Darkstone Periapt","Letter Opener","Girya","Grinning Jar","aspiration:PoetsPen_weak","aspiration:FaultyCoupler"],"acts_visited":["Exordium","TheCity"],"potions_floor_usage":[16,22,23],"damage_taken":[{"damage":7.0,"enemies":"Small Slimes","floor":1.0,"turns":3.0},{"damage":2.0,"enemies":"Jaw Worm","floor":5.0,"turns":3.0},{"damage":44.0,"enemies":"3 Sentries","floor":6.0,"turns":9.0},{"damage":10.0,"enemies":"2 Louse","floor":11.0,"turns":2.0},{"damage":2.0,"enemies":"Looter","floor":13.0,"turns":3.0},{"damage":0.0,"enemies":"Blue Slaver","floor":14.0,"turns":3.0},{"damage":34,"enemies":"Fading Forest","floor":16,"turns":11},{"damage":17,"enemies":"3 Byrds","floor":18,"turns":5},{"damage":2,"enemies":"conspire:FuzzyDice","floor":19,"turns":5},{"damage":6,"enemies":"Cultist and Chosen","floor":20,"turns":5},{"damage":32,"enemies":"Shelled Parasite and Fungi","floor":22,"turns":4},{"damage":14,"enemies":"Gremlin Leader","floor":23,"turns":6},{"damage":26,"enemies":"conspire:HollyBat","floor":25,"turns":5}],"seed_played":"8873758461199268085","potions_obtained":[{"floor":1.0,"key":"sneckomod:MuddlingPotion"},{"floor":5.0,"key":"SpeedPotion"},{"floor":11.0,"key":"DistilledChaos"},{"floor":20,"key":"BlessingOfTheForge"},{"floor":22,"key":"BlessingOfTheForge"}],"is_trial":false,"path_per_floor":["M","?","?","?","M","E","T","R","T","R","M","$","M","M","R","B",null,"M","M","M","?","M","E","R","M"],"character_chosen":"DEFECT","items_purchased":["Gash","Grinning Jar"],"campfire_rested":1,"item_purchase_floors":[12,12],"current_hp_per_floor":[68,68,65,65,63,19,19,19,19,19,9,9,7,7,29,16,75,65,70,64,64,39,25,25,0,0],"gold":358,"neow_bonus":"DSIX","is_daily":false,"chose_seed":false,"campfire_upgraded":1,"win_rate":0.0,"timestamp":1613414560,"path_taken":["M","?","?","?","M","E","?","R","T","R","M","$","M","M","R","BOSS","M","M","M","?","M","E","R","M"],"items_purchased_type":["Card","Relic"],"build_version":"2020-12-22","purchased_purges":0,"victory":false,"max_hp_per_floor":[75,75,75,75,75,75,75,75,75,75,75,75,75,75,75,75,75,75,75,75,75,75,75,75,75,75],"card_choices":[{"not_picked":["Streamline","Hologram","Rebound"],"picked":"SKIP","floor":1.0},{"not_picked":["Hologram","Consume","Turbo"],"picked":"SKIP","floor":5.0},{"not_picked":["ReplaySort","Darkness"],"picked":"Glacier","floor":6.0},{"not_picked":["Panic Button","Double Energy","ReplayTheSpireMod:Repulse"],"picked":"SKIP","floor":11.0},{"not_picked":["Coolheaded","Tempest"],"picked":"Go for the Eyes","floor":13.0},{"not_picked":["BasicCrystalCard","Aggregate"],"picked":"Self Repair","floor":14.0},{"not_picked":["Amplify","StuffTheSpire:EventHorizon"],"picked":"Core Surge","floor":16},{"not_picked":["Turbo","Beam Cell"],"picked":"Leap","floor":18},{"not_picked":["StuffTheSpire:LoadUp","Hologram"],"picked":"Beam Cell+1","floor":19},{"not_picked":["Undo+1","Barrage","ReplaySolidLightProjector"],"picked":"SKIP","floor":20},{"not_picked":["StuffTheSpire:SnapShoot","Barrage"],"picked":"ReplayGash+1","floor":22},{"not_picked":["Static Discharge+1","StuffTheSpire:GlassShard","Ball Lightning"],"picked":"SKIP","floor":23}],"player_experience":433063,"relics_obtained":[{"floor":6.0,"key":"Letter Opener"},{"floor":9.0,"key":"Girya"},{"floor":23,"key":"aspiration:FaultyCoupler"}],"event_choices":[{"damage_healed":0.0,"max_hp_gain":0.0,"max_hp_loss":0.0,"gold_gain":0.0,"event_name":"Scrap Ooze","player_choice":"Success","floor":3.0,"gold_loss":0.0,"damage_taken":3.0,"relics_obtained":["Darkstone Periapt"]},{"damage_healed":0.0,"max_hp_gain":0.0,"max_hp_loss":0.0,"gold_gain":0.0,"event_name":"conspire:Investor","player_choice":"Leave","floor":4.0,"gold_loss":0.0,"damage_taken":0.0},{"damage_healed":0,"gold_gain":100,"player_choice":"Pray","damage_taken":0,"max_hp_gain":0,"max_hp_loss":0,"event_name":"Golden Shrine","floor":21,"gold_loss":0}],"is_beta":false,"boss_relics":[{"not_picked":["aspiration:SilentSkillbook","aspiration:BursterCore"],"picked":"aspiration:PoetsPen_weak"}],"items_purged_floors":[],"is_endless":false,"potions_floor_spawned":[1,5,11,20,22],"killed_by":"conspire:HollyBat","ascension_level":2}}