{"host":"92wx9z21c4p52du4","time":1613365161,"event":{"mods":["Act Like it!","Bard","BaseMod","ChefMod","Elementarium","Evolution","GungeonMod","Hallownest","Infinite Spire","Minty Spire (QoL Compilation)","QueenMod","Relic Stats","Reliquary","StSLib","SuperFastMode","The Blue Laboratory","The Bug Knight","The Disciple","The Hierophant","The Runesmith","TheSurvivalist"],"gold_per_floor":[14,28,28,28,48,48,76,76,76,76,76,76,90,121,121,121,121],"floor_reached":16,"language":"ENG","playtime":773,"items_purged":[],"score":133,"play_id":"06902373-97da-4f47-b6c0-4d09a3a6e772","local_time":"20210214225921","is_ascension_mode":false,"campfire_choices":[{"data":"QueenMod:Recruit","floor":6,"key":"SMITH"},{"floor":8,"key":"REST"},{"data":"QueenMod:Lunge","floor":12,"key":"SMITH"},{"data":"QueenMod:AttackOrder","floor":15,"key":"SMITH"}],"circlet_count":0,"master_deck":["QueenMod:AttackOrder+1","QueenMod:Strike","QueenMod:Strike","QueenMod:Defend","QueenMod:Defend","QueenMod:Defend","QueenMod:QuickJabs","QueenMod:Recruit+1","QueenMod:HoneyTrap","QueenMod:Lunge+1","QueenMod:DefendOrder","QueenMod:GnatSquadron","Hallownest:curseDreamersLament","QueenMod:HoneyShield"],"relics":["QueenMod:QueensBanner","EVO:Axolotl","Hallownest:DreamNailRelic","Singing Bowl","Turnip","Hallownest:TeacherSealRelic","DemoMod:ClearGuonStone","Thread and Needle"],"acts_visited":["Exordium"],"potions_floor_usage":[],"damage_taken":[{"damage":12,"enemies":"Hallownest:monsterHuskWarrior","floor":1,"turns":5},{"damage":2,"enemies":"Hallownest:monsterHuskGuard","floor":2,"turns":4},{"damage":0,"enemies":"Hallownest:2_Baldur","floor":5,"turns":4},{"damage":42,"enemies":"Hallownest:eliteCrystalGuardian","floor":7,"turns":8},{"damage":4,"enemies":"Hallownest:Wandering_and_Horned","floor":13,"turns":6},{"damage":1,"enemies":"Hallownest:eliteVengeflyKing","floor":14,"turns":10},{"damage":48,"enemies":"Hallownest:BossBrokenVessel","floor":16,"turns":16}],"seed_played":"-6608881324126090685","potions_obtained":[{"floor":1,"key":"blueLaboratory:EnragingPotion"},{"floor":14,"key":"Dexterity Potion"}],"is_trial":false,"path_per_floor":["M","M","?","?","M","R","E","R","T","?","T","R","M","E","R","B"],"character_chosen":"THE_QUEEN","items_purchased":[],"campfire_rested":1,"item_purchase_floors":[],"current_hp_per_floor":[63,61,61,61,61,61,21,44,44,44,44,44,40,41,41,0,0],"gold":121,"neow_bonus":"TRANSFORM_TWO_CARDS","is_daily":false,"chose_seed":false,"campfire_upgraded":3,"win_rate":0.0,"timestamp":1613365161,"path_taken":["M","M","?","?","?","R","E","R","T","?","?","R","M","E","R","BOSS"],"items_purchased_type":[],"build_version":"2020-12-22","purchased_purges":0,"victory":false,"max_hp_per_floor":[75,75,75,75,75,75,77,77,77,77,77,77,77,79,79,79,79],"relic_stats":{"Singing Bowl":4,"counters":[7,53],"Turnip":[6],"obtain_stats":[{"Singing Bowl":7,"QueenMod:QueensBanner":0,"Thread and Needle":14,"DemoMod:GlassGuonStoneRelic":1,"Turnip":9,"Hallownest:DreamNailRelic":4,"EVO:Axolotl":0,"DemoMod:ClearGuonStone":11,"Hallownest:TeacherSealRelic":10},{"Singing Bowl":4,"QueenMod:QueensBanner":0,"Thread and Needle":6,"DemoMod:GlassGuonStoneRelic":1,"Turnip":4,"Hallownest:DreamNailRelic":2,"EVO:Axolotl":0,"DemoMod:ClearGuonStone":4,"Hallownest:TeacherSealRelic":4},{"Singing Bowl":21,"QueenMod:QueensBanner":0,"Thread and Needle":37,"DemoMod:GlassGuonStoneRelic":5,"Turnip":21,"Hallownest:DreamNailRelic":9,"EVO:Axolotl":0,"DemoMod:ClearGuonStone":21,"Hallownest:TeacherSealRelic":21}]},"card_choices":[{"not_picked":["QueenMod:Gather","QueenMod:OverwhelmingForce"],"picked":"QueenMod:Lunge","floor":1},{"not_picked":["QueenMod:Rally","QueenMod:Fleche"],"picked":"QueenMod:DefendOrder","floor":2},{"not_picked":["QueenMod:Lunge","QueenMod:Rally"],"picked":"QueenMod:GnatSquadron","floor":5},{"not_picked":["QueenMod:Honeyblaster","QueenMod:Feast","QueenMod:Fleche"],"picked":"Singing Bowl","floor":7},{"not_picked":["QueenMod:CrossGuard","QueenMod:SplitStrike"],"picked":"QueenMod:HoneyShield","floor":13},{"not_picked":["QueenMod:SplitStrike","QueenMod:HoneycombSmash","QueenMod:PopulateOrder"],"picked":"Singing Bowl","floor":14}],"player_experience":274488,"relics_obtained":[{"floor":7,"key":"Singing Bowl"},{"floor":9,"key":"Turnip"},{"floor":11,"key":"DemoMod:ClearGuonStone"},{"floor":14,"key":"Thread and Needle"}],"event_choices":[],"is_beta":false,"boss_relics":[],"items_purged_floors":[],"is_endless":false,"potions_floor_spawned":[1,14],"killed_by":"Hallownest:BossBrokenVessel","ascension_level":0}}