{"host":"bz6w3lfmpwgz81o3","time":1613414325,"event":{"mods":["BaseMod","Downfall","Hermit","Minty Spire (QoL Compilation)","StSLib"],"gold_per_floor":[119,187,200,44,44,74,74,107,134,169,183,196,227,238,238,341,341,358,40,59,59,59,88,100,100,126,157,157,174,194,194,194],"floor_reached":31,"language":"ENG","playtime":1380,"items_purged":[],"score":363,"play_id":"e71c7fd5-d22a-4b3c-82ab-60849ca75a90","local_time":"20210215193845","is_ascension_mode":true,"campfire_choices":[{"data":"hermit:EternalForm","floor":7,"key":"SMITH"},{"data":"hermit:WideOpen","floor":15,"key":"SMITH"},{"floor":25,"key":"REST"}],"circlet_count":0,"master_deck":["hermit:Strike_Hermit","hermit:Strike_Hermit+1","hermit:Strike_Hermit","hermit:Strike_Hermit+1","hermit:Defend_Hermit","hermit:Defend_Hermit","hermit:Defend_Hermit+1","hermit:Defend_Hermit","hermit:Snapshot","hermit:Covet","hermit:Maintenance+1","hermit:Feint","hermit:EternalForm+1","hermit:Vantage","hermit:WideOpen+1","hermit:OverwhelmingPower","hermit:Shortfuse+1","Apotheosis","hermit:Maintenance","hermit:Gestalt","hermit:FlashPowder","hermit:Maintenance+1","hermit:EyeOfTheStorm","hermit:Malice+1"],"relics":["hermit:Momento","NeowsBlessing","ClockworkSouvenir","CultistMask","Whetstone","Mango","Lantern","hermit:Spyglass","Slimebound:StickyStick","Runic Pyramid","DollysMirror","hermit:RyeStalk","War Paint","PreservedInsect"],"acts_visited":["Exordium","TheCity"],"potions_floor_usage":[6,16,23,23,24,27,29,30],"damage_taken":[{"damage":0,"enemies":"Cultist","floor":1,"turns":1},{"damage":0,"enemies":"Jaw Worm","floor":3,"turns":1},{"damage":0,"enemies":"3 Sentries","floor":6,"turns":2},{"damage":22,"enemies":"Gremlin Nob","floor":8,"turns":5},{"damage":22,"enemies":"3 Sentries","floor":10,"turns":8},{"damage":0,"enemies":"2 Louse","floor":11,"turns":1},{"damage":0,"enemies":"2 Fungi Beasts","floor":12,"turns":4},{"damage":11,"enemies":"Lagavulin","floor":13,"turns":7},{"damage":3,"enemies":"Exordium Thugs","floor":14,"turns":4},{"damage":12,"enemies":"Slime Boss","floor":16,"turns":5},{"damage":11,"enemies":"Chosen","floor":18,"turns":5},{"damage":18,"enemies":"3 Byrds","floor":20,"turns":6},{"damage":20,"enemies":"Gremlin Leader","floor":23,"turns":7},{"damage":25,"enemies":"3 Cultists","floor":24,"turns":7},{"damage":20,"enemies":"Slavers","floor":27,"turns":7},{"damage":1,"enemies":"Centurion and Healer","floor":29,"turns":6},{"damage":10,"enemies":"Cultist and Chosen","floor":30,"turns":6},{"damage":13,"enemies":"Shelled Parasite and Fungi","floor":31,"turns":2}],"seed_played":"2830057747673524903","potions_obtained":[{"floor":1,"key":"PowerPotion"},{"floor":3,"key":"SmokeBomb"},{"floor":11,"key":"Dexterity Potion"},{"floor":13,"key":"hexamod:SoulburnPotion"},{"floor":16,"key":"sneckomod:MuddlingPotion"},{"floor":18,"key":"hermit:Tonic"},{"floor":24,"key":"Energy Potion"},{"floor":27,"key":"Block Potion"},{"floor":29,"key":"PowerPotion"}],"is_trial":false,"path_per_floor":["M","?","M","$","?","E","R","E","T","E","M","M","E","M","R","B",null,"M","$","M","$","?","E","M","R","T","E","?","M","M","M"],"character_chosen":"HERMIT","items_purchased":["ClockworkSouvenir","Apotheosis","DollysMirror"],"campfire_rested":1,"item_purchase_floors":[4,19,19],"current_hp_per_floor":[75,75,75,75,75,75,75,67,67,45,45,45,34,31,31,19,89,78,78,60,60,60,40,15,41,41,21,21,20,10,0,0],"gold":194,"neow_bonus":"THREE_ENEMY_KILL","is_daily":false,"chose_seed":false,"campfire_upgraded":2,"win_rate":0.0,"timestamp":1613414325,"path_taken":["M","?","M","$","?","E","R","E","T","E","M","M","E","M","R","BOSS","M","$","M","$","?","E","M","R","T","E","?","?","M","M"],"items_purchased_type":["Relic","Card","Relic"],"build_version":"2020-12-22","purchased_purges":0,"victory":false,"max_hp_per_floor":[75,75,75,75,75,75,75,89,89,89,89,89,89,89,89,89,89,89,89,89,89,89,89,89,89,89,89,89,89,89,89,89],"card_choices":[{"not_picked":["hermit:Glare","hermit:TakeAim"],"picked":"hermit:Maintenance","floor":1},{"not_picked":["hermit:Headshot","hermit:Cheat"],"picked":"hermit:Feint","floor":3},{"not_picked":["hermit:Ricochet","hermit:LuckOfTheDraw"],"picked":"hermit:EternalForm","floor":6},{"not_picked":["hermit:BodyArmor","hermit:LowProfile","hermit:Brawl"],"picked":"SKIP","floor":8},{"not_picked":["hermit:FromBeyond","hermit:Manifest","hermit:SprayPray"],"picked":"SKIP","floor":10},{"not_picked":["hermit:GhostlyPresence","hermit:HoleUp"],"picked":"hermit:Vantage","floor":11},{"not_picked":["hermit:ItchyTrigger","hermit:Feint","hermit:Dive"],"picked":"SKIP","floor":12},{"not_picked":["hermit:Gambit","hermit:NoHoldsBarred","hermit:HoleUp"],"picked":"SKIP","floor":13},{"not_picked":["hermit:Dive","hermit:BodyArmor"],"picked":"hermit:WideOpen","floor":14},{"not_picked":["hermit:Purgatory","hermit:Dissolve"],"picked":"hermit:OverwhelmingPower","floor":16},{"not_picked":["hermit:Grudge","hermit:HoleUp"],"picked":"hermit:Shortfuse+1","floor":18},{"not_picked":["hermit:Misfire","hermit:Dive+1","hermit:WideOpen+1"],"picked":"SKIP","floor":20},{"not_picked":["hermit:DeadMansHand+1","hermit:CalledShot","hermit:HighCaliber"],"picked":"SKIP","floor":23},{"not_picked":["hermit:FlashPowder","hermit:Desperado"],"picked":"hermit:Gestalt","floor":24},{"not_picked":["hermit:LowProfile","hermit:Grudge"],"picked":"hermit:FlashPowder","floor":27},{"not_picked":["hermit:HighNoon","hermit:SprayPray"],"picked":"hermit:EyeOfTheStorm","floor":29},{"not_picked":["hermit:PistolWhip","hermit:CursedWeapon"],"picked":"hermit:Malice+1","floor":30}],"player_experience":54682,"relics_obtained":[{"floor":6,"key":"Whetstone"},{"floor":8,"key":"Mango"},{"floor":9,"key":"Lantern"},{"floor":10,"key":"hermit:Spyglass"},{"floor":13,"key":"Slimebound:StickyStick"},{"floor":23,"key":"hermit:RyeStalk"},{"floor":26,"key":"War Paint"},{"floor":27,"key":"PreservedInsect"}],"event_choices":[{"damage_healed":0,"gold_gain":68,"player_choice":"Gained Gold","damage_taken":0,"max_hp_gain":0,"max_hp_loss":0,"event_name":"Golden Wing","floor":2,"gold_loss":0},{"damage_healed":0,"gold_gain":0,"player_choice":"Trade","damage_taken":0,"relics_obtained":["CultistMask"],"max_hp_gain":0,"max_hp_loss":0,"event_name":"FaceTrader","floor":5,"gold_loss":0},{"damage_healed":0,"gold_gain":0,"player_choice":"Ignored","damage_taken":0,"max_hp_gain":0,"max_hp_loss":0,"event_name":"Ghosts","floor":22,"gold_loss":0},{"damage_healed":0,"gold_gain":0,"player_choice":"Copied","damage_taken":0,"max_hp_gain":0,"max_hp_loss":0,"event_name":"Duplicator","floor":28,"gold_loss":0,"cards_obtained":["hermit:Maintenance"]}],"is_beta":false,"boss_relics":[{"not_picked":["Black Star","Astrolabe"],"picked":"Runic Pyramid"}],"items_purged_floors":[],"is_endless":false,"potions_floor_spawned":[1,3,11,13,16,18,24,27,29],"killed_by":"Shelled Parasite and Fungi","ascension_level":2}}