{"host":"f5gffvlv6a66yqkd","time":1613372103,"event":{"mods":["2.2 Compatiblity","BaseMod","Colored Map","Custom Start","DeckTracker","Keyboard Shortcuts","Minty Spire (QoL Compilation)","Permanent Neow","Quick Restart","Relic Stats","StSLib","SuperFastMode"],"gold_per_floor":[113,33,33,33,108,108,127,127,127,127,146,160,186,204,204,308,308,319,244,244,262,262,262,361,391,415,445,445,445,445],"floor_reached":29,"language":"KOR","playtime":942,"items_purged":["Strike_P"],"score":363,"play_id":"c78c1a9c-e319-4fd1-b36e-9789ed7cb4d6","local_time":"20210215155503","is_ascension_mode":true,"campfire_choices":[{"data":"FlurryOfBlows","floor":6.0,"key":"SMITH"},{"data":"EmptyBody","floor":8.0,"key":"SMITH"},{"data":"SignatureMove","floor":15.0,"key":"SMITH"},{"data":"Pray","floor":23.0,"key":"SMITH"},{"data":"Ragnarok","floor":28.0,"key":"SMITH"}],"circlet_count":0,"master_deck":["Strike_P","Defend_P","Defend_P","Defend_P","Defend_P","Eruption+1","Vigilance","FlurryOfBlows+1","FearNoEvil","EmptyBody+1","DeceiveReality","SignatureMove+1","Brilliance","Indignation","DeusExMachina","Pray+1","CutThroughFate","Ragnarok+1"],"relics":["PureWater","Strawberry","Blue Candle","Empty Cage","MealTicket","Bronze Scales"],"acts_visited":["Exordium","TheCity"],"potions_floor_usage":[],"damage_taken":[{"damage":0.0,"enemies":"Jaw Worm","floor":1.0,"turns":3.0},{"damage":5.0,"enemies":"Small Slimes","floor":7.0,"turns":3.0},{"damage":4.0,"enemies":"2 Louse","floor":11.0,"turns":3.0},{"damage":0.0,"enemies":"Gremlin Gang","floor":12.0,"turns":5.0},{"damage":7.0,"enemies":"3 Sentries","floor":13.0,"turns":8.0},{"damage":0.0,"enemies":"3 Louse","floor":14.0,"turns":2.0},{"damage":19.0,"enemies":"The Guardian","floor":16.0,"turns":10.0},{"damage":7.0,"enemies":"Shell Parasite","floor":18.0,"turns":3.0},{"damage":2.0,"enemies":"Chosen","floor":21.0,"turns":2.0},{"damage":5.0,"enemies":"Gremlin Leader","floor":25.0,"turns":7.0},{"damage":32.0,"enemies":"Slavers","floor":27.0,"turns":5.0},{"damage":26,"enemies":"Shelled Parasite and Fungi","floor":29,"turns":2}],"seed_played":"4119748326546485362","potions_obtained":[{"floor":7.0,"key":"Block Potion"},{"floor":12.0,"key":"BottledMiracle"},{"floor":14.0,"key":"LiquidBronze"},{"floor":25.0,"key":"LiquidMemories"}],"is_trial":false,"path_per_floor":["M","$","?","?","?","R","M","R","T","?","M","M","E","M","R","B",null,"M","$","?","M","?","R","?","E","T","E","R","M"],"character_chosen":"WATCHER","items_purchased":["FearNoEvil"],"campfire_rested":0,"item_purchase_floors":[2],"current_hp_per_floor":[65,65,70,70,59,59,54,54,61,61,57,57,50,50,50,31,71,64,64,64,62,62,62,62,57,57,25,25,0,0],"gold":445,"neow_bonus":"UPGRADE_CARD","is_daily":false,"chose_seed":false,"campfire_upgraded":5,"win_rate":0.0,"timestamp":1613372103,"path_taken":["M","$","?","?","?","R","M","R","T","?","M","?","E","M","R","BOSS","M","$","?","M","?","R","?","E","T","E","R","M"],"items_purchased_type":["Card"],"build_version":"2020-12-22","purchased_purges":1,"victory":false,"max_hp_per_floor":[72,72,77,77,77,77,77,77,84,84,84,84,84,84,84,84,84,84,84,84,84,84,84,84,84,84,84,84,84,84],"relic_stats":{"counters":[12,53],"Blue Candle":[1],"Bronze Scales":[12],"MealTicket":0,"obtain_stats":[{"Strawberry":9,"Blue Candle":13,"Bronze Scales":27,"MealTicket":25,"PureWater":0,"Empty Cage":17},{"Strawberry":2,"Blue Candle":5,"Bronze Scales":11,"MealTicket":10,"PureWater":0,"Empty Cage":7},{"Strawberry":6,"Blue Candle":22,"Bronze Scales":51,"MealTicket":46,"PureWater":0,"Empty Cage":34}]},"card_choices":[{"not_picked":["Meditate","Nirvana"],"picked":"FlurryOfBlows","floor":1.0},{"not_picked":["FollowUp","SashWhip"],"picked":"EmptyBody","floor":7.0},{"not_picked":["Pray","FollowUp"],"picked":"DeceiveReality","floor":11.0},{"not_picked":["Prostrate","BowlingBash"],"picked":"SignatureMove","floor":12.0},{"not_picked":["DeceiveReality","Prostrate"],"picked":"Brilliance","floor":13.0},{"not_picked":["Conclude","ThirdEye"],"picked":"Indignation","floor":14.0},{"not_picked":["Wish","MasterReality"],"picked":"DeusExMachina","floor":16.0},{"not_picked":["BattleHymn+1","Weave+1"],"picked":"Pray","floor":18.0},{"not_picked":["Halt+1","EmptyBody","CrushJoints"],"picked":"SKIP","floor":21.0},{"not_picked":["Nirvana","FollowUp"],"picked":"CutThroughFate","floor":25.0},{"not_picked":["EmptyMind","FlurryOfBlows"],"picked":"Ragnarok","floor":27.0}],"player_experience":1472752,"relics_obtained":[{"floor":9.0,"key":"Strawberry"},{"floor":13.0,"key":"Blue Candle"},{"floor":25.0,"key":"MealTicket"},{"floor":27.0,"key":"Bronze Scales"}],"event_choices":[{"damage_healed":0.0,"max_hp_gain":5.0,"max_hp_loss":0.0,"gold_gain":0.0,"event_name":"Big Fish","player_choice":"Donut","floor":3.0,"gold_loss":0.0,"damage_taken":0.0},{"damage_healed":0.0,"max_hp_gain":0.0,"max_hp_loss":0.0,"gold_gain":0.0,"event_name":"Liars Game","player_choice":"Ignored","floor":4.0,"gold_loss":0.0,"damage_taken":0.0},{"damage_healed":0.0,"max_hp_gain":0.0,"max_hp_loss":0.0,"gold_gain":75.0,"event_name":"World of Goop","player_choice":"Gather Gold","floor":5.0,"gold_loss":0.0,"damage_taken":11.0},{"damage_healed":0.0,"max_hp_gain":0.0,"max_hp_loss":0.0,"gold_gain":0.0,"event_name":"Wheel of Change","player_choice":"Cursed","floor":10.0,"gold_loss":0.0,"damage_taken":0.0,"cards_obtained":["Decay"]},{"damage_healed":0.0,"max_hp_gain":0.0,"max_hp_loss":0.0,"gold_gain":0.0,"event_name":"The Mausoleum","player_choice":"Ignored","floor":20.0,"gold_loss":0.0,"damage_taken":0.0},{"cards_removed":["Strike_P"],"damage_healed":0.0,"max_hp_gain":0.0,"max_hp_loss":0.0,"gold_gain":0.0,"event_name":"Back to Basics","player_choice":"Elegance","floor":22.0,"gold_loss":0.0,"damage_taken":0.0},{"damage_healed":0.0,"max_hp_gain":0.0,"max_hp_loss":0.0,"gold_gain":99.0,"event_name":"Nest","player_choice":"Stole From Cult","floor":24.0,"gold_loss":0.0,"damage_taken":0.0}],"is_beta":false,"boss_relics":[{"not_picked":["SlaversCollar","Runic Pyramid"],"picked":"Empty Cage"}],"items_purged_floors":[19],"is_endless":false,"potions_floor_spawned":[7,12,14,25],"killed_by":"Shelled Parasite and Fungi","ascension_level":8}}