{"host":"u1dfzl6o6mfmauc3","time":1613374621,"event":{"mods":["2.2 Compatiblity","AchievementEnabler","BaseMod","Bestiary","Block Reminder","Challenge The Spire","Colored Map","Dark Map","Hermit","Highlight Path","Marisa????????","Minty Spire (QoL Compilation)","Random Character Button","Rare Cards Sparkle","Relic Stats","Robot Space Explorer","StSLib","The Disciple"],"gold_per_floor":[163,183,183,196,9,23,23,40,95,60,60,92,103,129,157,169,181,181],"floor_reached":17,"language":"ENG","playtime":764,"items_purged":[],"score":161,"play_id":"4b49d893-96f8-42cf-9885-384cf6e1f254","local_time":"20210215023701","is_ascension_mode":true,"campfire_choices":[{"data":"Electrodynamics","floor":7,"key":"SMITH"},{"data":"Zap","floor":11,"key":"SMITH"},{"data":"Conserve Battery","floor":16,"key":"SMITH"}],"circlet_count":0,"master_deck":["Strike_B","Strike_B","Strike_B","Strike_B","Defend_B+1","Defend_B","Defend_B","Defend_B","Zap+1","Dualcast","Defragment+1","Static Discharge","Sweeping Beam","Electrodynamics+1","Darkness","Conserve Battery+1","Barrage"],"relics":["Tiny House","Bronze Scales","Shuriken","MawBank"],"acts_visited":["Exordium"],"potions_floor_usage":[6,12,14,14],"damage_taken":[{"damage":0,"enemies":"Cultist","floor":1,"turns":4},{"damage":9,"enemies":"2 Louse","floor":2,"turns":3},{"damage":1,"enemies":"Small Slimes","floor":4,"turns":4},{"damage":10,"enemies":"Exordium Thugs","floor":6,"turns":4},{"damage":0,"enemies":"Lots of Slimes","floor":8,"turns":1},{"damage":20,"enemies":"Gremlin Nob","floor":12,"turns":3},{"damage":1,"enemies":"2 Fungi Beasts","floor":13,"turns":3},{"damage":16,"enemies":"Lagavulin","floor":14,"turns":5},{"damage":6,"enemies":"Red Slaver","floor":15,"turns":4},{"damage":42,"enemies":"The Guardian","floor":17,"turns":4}],"seed_played":"609305403633233490","potions_obtained":[{"floor":0,"key":"Block Potion"},{"floor":1,"key":"Block Potion"},{"floor":2,"key":"ColorlessPotion"},{"floor":4,"key":"BlessingOfTheForge"},{"floor":12,"key":"Fruit Juice"}],"is_trial":false,"path_per_floor":["M","M","?","M","$","M","R","M","T","?","R","E","M","E","M","R","B"],"character_chosen":"DEFECT","items_purchased":["Electrodynamics","Fire Potion"],"campfire_rested":0,"item_purchase_floors":[5,5],"current_hp_per_floor":[73,64,64,63,63,53,53,53,53,73,73,53,52,41,35,35,0,0],"gold":181,"neow_bonus":"BOSS_RELIC","is_daily":false,"chose_seed":false,"campfire_upgraded":3,"win_rate":0.0,"timestamp":1613374621,"path_taken":["M","M","?","M","$","M","R","M","T","?","R","E","M","E","M","R","BOSS"],"items_purchased_type":["Card","Potion"],"build_version":"2020-12-22","purchased_purges":0,"victory":false,"max_hp_per_floor":[80,80,80,80,80,80,80,80,80,80,80,80,80,85,85,85,85,85],"relic_stats":{"counters":[10,35],"Shuriken":[1],"Bronze Scales":[31],"MawBank":36,"obtain_stats":[{"Tiny House":0,"Shuriken":12,"Bronze Scales":9,"Cracked Core":0,"MawBank":14},{"Tiny House":0,"Shuriken":6,"Bronze Scales":5,"Cracked Core":0,"MawBank":8},{"Tiny House":0,"Shuriken":19,"Bronze Scales":16,"Cracked Core":0,"MawBank":27}]},"card_choices":[{"not_picked":["White Noise","Rebound"],"picked":"Defragment","floor":0},{"not_picked":["BootSequence","Gash"],"picked":"Static Discharge","floor":1},{"not_picked":["Stack","Compile Driver","Turbo"],"picked":"SKIP","floor":2},{"not_picked":["Leap","Barrage"],"picked":"Sweeping Beam","floor":4},{"not_picked":["Streamline","Static Discharge","Beam Cell"],"picked":"SKIP","floor":6},{"not_picked":["Sweeping Beam","Beam Cell","Rebound"],"picked":"SKIP","floor":8},{"not_picked":["Undo","Ball Lightning"],"picked":"Darkness","floor":12},{"not_picked":["Turbo","Stack"],"picked":"Conserve Battery","floor":13},{"not_picked":["Gash","Electrodynamics"],"picked":"Barrage","floor":14},{"not_picked":["Aggregate","Rebound","Steam"],"picked":"SKIP","floor":15}],"player_experience":251548,"relics_obtained":[{"floor":9,"key":"Bronze Scales"},{"floor":12,"key":"Shuriken"},{"floor":14,"key":"MawBank"}],"event_choices":[{"damage_healed":0,"gold_gain":0,"player_choice":"Grow","damage_taken":0,"max_hp_gain":0,"max_hp_loss":0,"event_name":"Living Wall","floor":3,"gold_loss":0,"cards_upgraded":["Defragment"]},{"damage_healed":20,"gold_gain":0,"player_choice":"Healed","damage_taken":0,"max_hp_gain":0,"max_hp_loss":0,"event_name":"The Cleric","floor":10,"gold_loss":35}],"is_beta":false,"boss_relics":[],"items_purged_floors":[],"is_endless":false,"potions_floor_spawned":[1,2,4,12],"killed_by":"The Guardian","ascension_level":7}}