{"host":"eemx8njkng76fu5x","time":1613367371,"event":{"mods":["2.2 Compatiblity","BaseMod","Colored Map","Downfall","Minty Spire (QoL Compilation)","Permanent Neow","StSLib","Unceasing Turn Reminder","Unknown Chances"],"gold_per_floor":[99,111,124,144,2,2,2,2,2,2,21,39,52,78,88,160,160,60,75,94,112,122,142,168,179,84,84,84,84],"floor_reached":27,"language":"ENG","playtime":1469,"items_purged":["Guardian:Strike_Guardian"],"score":376,"play_id":"c03dd51c-1e35-4d29-a79c-bf56f39d17f0","local_time":"20210215133611","is_ascension_mode":true,"campfire_choices":[{"floor":1.0,"key":"RECALL"},{"data":"Guardian:TwinSlam","floor":6.0,"key":"SMITH"},{"data":"Guardian:Planning","floor":10.0,"key":"SMITH"},{"data":"Guardian:SentryBeam","floor":18,"key":"SMITH"}],"circlet_count":0,"master_deck":["AscendersBane","Guardian:Strike_Guardian","Guardian:Strike_Guardian","Guardian:Strike_Guardian","Guardian:Defend_Guardian","Guardian:Defend_Guardian","Guardian:Defend_Guardian","Guardian:Defend_Guardian","Guardian:CurlUp","Guardian:TwinSlam+1","Guardian:RevengeProtocol","Guardian:Reroute","Guardian:Planning+1","Guardian:PiercingHide","Guardian:RollAttack","Guardian:TemporalShield","Guardian:SpikerProtocol","Guardian:SentryBeam+1","Guardian:ShieldSpikes","Guardian:PiercingHide","Guardian:Gem_Green","Guardian:VentSteam","Guardian:Gem_Green","Guardian:Gem_Fragmented","Guardian:SphericShield"],"relics":["Guardian:ModeShifterPlus","FossilizedHelix","downfall:HeartBlessingRed","Strawberry"],"acts_visited":["Exordium","TheCity"],"potions_floor_usage":[27],"damage_taken":[{"damage":2.0,"enemies":"Jaw Worm","floor":2.0,"turns":4.0},{"damage":0.0,"enemies":"Small Slimes","floor":3.0,"turns":4.0},{"damage":4.0,"enemies":"2 Louse","floor":4.0,"turns":3.0},{"damage":5.0,"enemies":"downfall:FleeingMerchant","floor":5.0,"turns":4.0},{"damage":2.0,"enemies":"Red Slaver","floor":11.0,"turns":5.0},{"damage":6.0,"enemies":"Blue Slaver","floor":12.0,"turns":4.0},{"damage":5.0,"enemies":"Exordium Wildlife","floor":13.0,"turns":6.0},{"damage":1.0,"enemies":"Gremlin Nob","floor":14.0,"turns":5.0},{"damage":0.0,"enemies":"Exordium Thugs","floor":15.0,"turns":6.0},{"damage":34.0,"enemies":"WA_ARCHETYPE_RETAIN","floor":16.0,"turns":13.0},{"damage":0,"enemies":"3 Byrds","floor":19,"turns":3},{"damage":0,"enemies":"Shell Parasite","floor":20,"turns":4},{"damage":0,"enemies":"3 Cultists","floor":21,"turns":4},{"damage":0,"enemies":"Shelled Parasite and Fungi","floor":22,"turns":6},{"damage":0,"enemies":"Centurion and Healer","floor":23,"turns":6},{"damage":0,"enemies":"Snake Plant","floor":25,"turns":3},{"damage":0,"enemies":"downfall:FleeingMerchant","floor":26,"turns":4},{"damage":5,"enemies":"Gremlin Leader","floor":27,"turns":10}],"seed_played":"-2519998347222654560","potions_obtained":[{"floor":3.0,"key":"Block Potion"},{"floor":11.0,"key":"DistilledChaos"},{"floor":13.0,"key":"Slimebound:ThreeZeroPotion"},{"floor":21,"key":"Strength Potion"},{"floor":25,"key":"Dexterity Potion"}],"is_trial":false,"path_per_floor":["R","M","M","M","$","R","T","?","?","R","M","M","M","E","M","B",null,"R","M","M","M","M","M","T","M","$","E"],"character_chosen":"GUARDIAN","items_purchased":["Guardian:RollAttack","Guardian:SphericShield"],"campfire_rested":0,"item_purchase_floors":[5,26],"current_hp_per_floor":[65,63,63,59,54,54,54,54,59,59,57,51,46,45,45,11,61,61,61,61,61,61,61,68,68,68,63,63,63],"gold":84,"neow_bonus":"ONE_RANDOM_RARE_CARD","is_daily":false,"chose_seed":false,"campfire_upgraded":3,"win_rate":0.0,"timestamp":1613367371,"path_taken":["R","M","M","M","$","R","T","?","?","R","M","M","M","E","M","BOSS","R","M","M","M","M","M","T","M","$","E"],"items_purchased_type":["Card","Card"],"build_version":"2020-12-22","purchased_purges":1,"victory":false,"max_hp_per_floor":[72,72,72,72,72,72,72,72,77,77,77,77,77,77,77,77,77,77,77,77,77,77,77,84,84,84,84,84,84],"card_choices":[{"not_picked":["Guardian:Incinerate","Guardian:PrimingBeam"],"picked":"Guardian:Gem_Blue","floor":2.0},{"not_picked":["Guardian:Orbwalk","Guardian:TimeCapacitor"],"picked":"Guardian:Reroute","floor":3.0},{"not_picked":["Guardian:Repulse","Guardian:Gem_Red"],"picked":"Guardian:Planning","floor":4.0},{"not_picked":["Guardian:TimeCapacitor","Guardian:WalkerClaw"],"picked":"Guardian:PiercingHide","floor":5.0},{"not_picked":["Guardian:Gem_Cyan","Guardian:Preprogram"],"picked":"Guardian:Gem_Purple","floor":11.0},{"not_picked":["Guardian:Incinerate","Guardian:Recover"],"picked":"Guardian:Gem_Synthetic","floor":12.0},{"not_picked":["Guardian:WalkerClaw","Guardian:Gem_Green"],"picked":"Guardian:TemporalShield","floor":13.0},{"not_picked":["Guardian:Incinerate","Guardian:Reroute"],"picked":"Guardian:SpikerProtocol","floor":14.0},{"not_picked":["Guardian:ShieldCharger","Guardian:Harden"],"picked":"Guardian:SentryBeam","floor":15.0},{"not_picked":["Guardian:RevengeProtocol","Guardian:StasisField"],"picked":"Guardian:Gem_Synthetic","floor":16.0},{"not_picked":["Guardian:VentSteam+1","Guardian:Gem_Yellow"],"picked":"Guardian:ShieldSpikes","floor":19},{"not_picked":["Guardian:FuturePlans","Guardian:Repulse+1"],"picked":"Guardian:PiercingHide","floor":20},{"not_picked":["Guardian:PolyBeam","Guardian:WalkerClaw"],"picked":"Guardian:Gem_Green","floor":21},{"not_picked":["Guardian:WalkerClaw","Guardian:CrystalBeam"],"picked":"Guardian:VentSteam","floor":22},{"not_picked":["Guardian:BronzeOrb","Guardian:Suspension"],"picked":"Guardian:Gem_Green","floor":23},{"not_picked":["Guardian:Suspension","Guardian:Repulse","Guardian:ChargeCore"],"picked":"SKIP","floor":25},{"not_picked":["Guardian:TemporalStrike","Guardian:Reroute"],"picked":"Guardian:Gem_Fragmented","floor":26}],"player_experience":570784,"relics_obtained":[{"floor":14.0,"key":"FossilizedHelix"},{"floor":24,"key":"Strawberry"}],"event_choices":[{"damage_healed":0.0,"max_hp_gain":5.0,"max_hp_loss":0.0,"gold_gain":0.0,"event_name":"Big Fish","player_choice":"Donut","floor":9.0,"gold_loss":0.0,"damage_taken":0.0}],"is_beta":false,"boss_relics":[{"not_picked":["Black Star","Runic Pyramid"],"picked":"Guardian:ModeShifterPlus"}],"items_purged_floors":[5],"is_endless":false,"potions_floor_spawned":[3,11,12,13,21,25],"killed_by":"Gremlin Leader","ascension_level":14}}