{"host":"eft627g0ddukeijo","time":1613371498,"event":{"mods":["AchievementEnabler","BaseMod","Bestiary","Better Note","Block Reminder","Colored Powertips","Filter the Spire","Highlight Path","Minty Spire (QoL Compilation)","Permanent Neow","Quick Restart","Rare Cards Sparkle","Relic Stats","Slay-I","StSLib","Weighted Paths"],"gold_per_floor":[116,116,66,66,85,85,99,99,99,99,119,131,160,173,173,274,274,284,284,80,90,103,103,103,103,103,103,103,202,202,220,220,220,220],"floor_reached":33,"language":"ENG","playtime":951,"items_purged":["Strike_B"],"score":294,"play_id":"a48fffc6-f1ad-46d5-82a2-1dbf02c8726a","local_time":"20210215154458","is_ascension_mode":true,"campfire_choices":[{"floor":6.0,"key":"RECALL"},{"data":"Dualcast","floor":10.0,"key":"SMITH"},{"floor":15.0,"key":"REST"},{"floor":23.0,"key":"REST"},{"floor":25.0,"key":"DIG"},{"floor":28.0,"key":"DIG"},{"floor":30.0,"key":"REST"},{"floor":32.0,"key":"REST"}],"circlet_count":0,"master_deck":["Strike_B","Defend_B","Defend_B","Defend_B","Defend_B","Zap+1","Dualcast+1","Cold Snap","Static Discharge","Melter","Defragment","Heatsinks","Fission","Conserve Battery","Defragment","Cold Snap","Static Discharge","White Noise"],"relics":["Calling Bell","Art of War","Mummified Hand","Shovel","Turnip","Singing Bowl","WingedGreaves","SlaversCollar","Frozen Egg 2","Bottled Tornado","Molten Egg 2"],"acts_visited":["Exordium","TheCity"],"potions_floor_usage":[33,33,33],"damage_taken":[{"damage":3.0,"enemies":"2 Louse","floor":1.0,"turns":2.0},{"damage":0.0,"enemies":"Small Slimes","floor":5.0,"turns":3.0},{"damage":7.0,"enemies":"Jaw Worm","floor":7.0,"turns":2.0},{"damage":4.0,"enemies":"2 Fungi Beasts","floor":11.0,"turns":3.0},{"damage":6.0,"enemies":"Large Slime","floor":12.0,"turns":5.0},{"damage":14.0,"enemies":"Gremlin Nob","floor":13.0,"turns":4.0},{"damage":4.0,"enemies":"Exordium Wildlife","floor":14.0,"turns":3.0},{"damage":20.0,"enemies":"Hexaghost","floor":16.0,"turns":9.0},{"damage":22.0,"enemies":"Chosen","floor":18.0,"turns":6.0},{"damage":13.0,"enemies":"Shell Parasite","floor":21.0,"turns":5.0},{"damage":5.0,"enemies":"Centurion and Healer","floor":22.0,"turns":14.0},{"damage":32.0,"enemies":"Chosen and Byrds","floor":31.0,"turns":6.0},{"damage":94,"enemies":"Automaton","floor":33,"turns":12}],"seed_played":"-3512024690816859159","potions_obtained":[{"floor":1.0,"key":"LiquidMemories"},{"floor":13.0,"key":"Block Potion"},{"floor":14.0,"key":"AttackPotion"},{"floor":18.0,"key":"SteroidPotion"},{"floor":21.0,"key":"FearPotion"},{"floor":31.0,"key":"LiquidBronze"}],"is_trial":false,"path_per_floor":["M","?","?","T","M","R","M","?","T","R","M","M","E","M","R","B",null,"M","?","$","M","M","R","?","R","T","$","R","?","R","M","R","B"],"character_chosen":"DEFECT","items_purchased":["Defragment","Cold Snap"],"campfire_rested":4,"item_purchase_floors":[20,20],"current_hp_per_floor":[72,72,72,72,72,72,65,65,65,65,63,57,43,41,64,44,79,57,57,57,46,41,65,65,65,65,65,65,65,81,49,73,0,0],"gold":220,"neow_bonus":"BOSS_RELIC","is_daily":false,"chose_seed":false,"campfire_upgraded":1,"win_rate":0.0,"timestamp":1613371498,"path_taken":["M","?","?","?","M","R","M","?","T","R","M","M","E","M","R","BOSS","M","?","$","M","M","R","?","R","T","?","R","?","R","M","R","BOSS"],"items_purchased_type":["Card","Card"],"build_version":"2020-12-22","purchased_purges":1,"victory":false,"max_hp_per_floor":[75,75,75,75,75,75,75,75,75,75,77,77,77,79,79,79,79,79,79,79,81,81,81,81,81,81,81,81,81,81,81,81,81,81],"relic_stats":{"Shovel":2,"Singing Bowl":6,"counters":[13,74],"Mummified Hand":[33],"Turnip":[8],"Art of War":[3],"obtain_stats":[{"Calling Bell":0,"SlaversCollar":17,"Shovel":0,"Singing Bowl":9,"Mummified Hand":0,"Molten Egg 2":28,"Turnip":4,"WingedGreaves":13,"Art of War":0,"Frozen Egg 2":25,"Bottled Tornado":26,"Cracked Core":0},{"Calling Bell":0,"SlaversCollar":8,"Shovel":0,"Singing Bowl":3,"Mummified Hand":0,"Molten Egg 2":11,"Turnip":1,"WingedGreaves":6,"Art of War":0,"Frozen Egg 2":11,"Bottled Tornado":11,"Cracked Core":0},{"Calling Bell":0,"SlaversCollar":31,"Shovel":0,"Singing Bowl":7,"Mummified Hand":0,"Molten Egg 2":56,"Turnip":2,"WingedGreaves":19,"Art of War":0,"Frozen Egg 2":56,"Bottled Tornado":56,"Cracked Core":0}]},"card_choices":[{"not_picked":["Force Field","Compile Driver"],"picked":"Cold Snap","floor":1.0},{"not_picked":["Ball Lightning","Steam"],"picked":"Static Discharge","floor":5.0},{"not_picked":["Steam","Go for the Eyes"],"picked":"Melter","floor":7.0},{"not_picked":["Rebound","Leap","Turbo"],"picked":"Singing Bowl","floor":11.0},{"not_picked":["Leap","Sweeping Beam"],"picked":"Defragment","floor":12.0},{"not_picked":["Fusion","Sweeping Beam"],"picked":"Heatsinks","floor":13.0},{"not_picked":["Hello World","Steam","Hologram"],"picked":"Singing Bowl","floor":14.0},{"not_picked":["Echo Form","Multi-Cast"],"picked":"Fission","floor":16.0},{"not_picked":["Gash","Hello World"],"picked":"Conserve Battery","floor":18.0},{"not_picked":["Sunder","Rebound+1","Recycle"],"picked":"Singing Bowl","floor":21.0},{"not_picked":["Rebound","Streamline+1"],"picked":"Static Discharge","floor":22.0},{"not_picked":["Gash+1","Stack"],"picked":"White Noise","floor":31.0}],"player_experience":586753,"relics_obtained":[{"floor":0.0,"key":"Art of War"},{"floor":0.0,"key":"Mummified Hand"},{"floor":0.0,"key":"Shovel"},{"floor":4.0,"key":"Turnip"},{"floor":9.0,"key":"Singing Bowl"},{"floor":13.0,"key":"WingedGreaves"},{"floor":25.0,"key":"Frozen Egg 2"},{"floor":26.0,"key":"Bottled Tornado"},{"floor":28.0,"key":"Molten Egg 2"}],"event_choices":[{"damage_healed":0.0,"max_hp_gain":0.0,"max_hp_loss":0.0,"gold_gain":0.0,"event_name":"Living Wall","player_choice":"Grow","floor":2.0,"gold_loss":0.0,"damage_taken":0.0,"cards_upgraded":["Zap"]},{"cards_removed":["Strike_B"],"damage_healed":0.0,"max_hp_gain":0.0,"max_hp_loss":0.0,"gold_gain":0.0,"event_name":"The Cleric","player_choice":"Card Removal","floor":3.0,"gold_loss":50.0,"damage_taken":0.0},{"damage_healed":0.0,"max_hp_gain":0.0,"max_hp_loss":0.0,"gold_gain":0.0,"event_name":"Liars Game","player_choice":"Ignored","floor":8.0,"gold_loss":0.0,"damage_taken":0.0},{"cards_removed":["Strike_B"],"damage_healed":0.0,"max_hp_gain":0.0,"max_hp_loss":0.0,"gold_gain":0.0,"event_name":"betterNote:BetterNote","player_choice":"Give","floor":19.0,"gold_loss":0.0,"damage_taken":0.0,"cards_obtained":["Strike_B"]},{"cards_removed":["Strike_B"],"damage_healed":0.0,"max_hp_gain":0.0,"max_hp_loss":0.0,"gold_gain":0.0,"event_name":"Back to Basics","player_choice":"Elegance","floor":24.0,"gold_loss":0.0,"damage_taken":0.0},{"damage_healed":0.0,"max_hp_gain":0.0,"max_hp_loss":0.0,"gold_gain":99.0,"event_name":"Nest","player_choice":"Stole From Cult","floor":29.0,"gold_loss":0.0,"damage_taken":0.0}],"is_beta":false,"boss_relics":[{"not_picked":["Runic Pyramid","Busted Crown"],"picked":"SlaversCollar"}],"items_purged_floors":[20],"is_endless":false,"potions_floor_spawned":[1,13,14,18,21,31],"killed_by":"Automaton","ascension_level":4}}