{"host":"kg61lsvem4dxoat8","time":1613410869,"event":{"mods":["AchievementEnabler","BaseMod","Better Altar","Better Match","Better Sensory Stone","Better Skull","Block Reminder","Highlight Path","Minty Spire (QoL Compilation)","Quick Restart","Rare Cards Sparkle","Relic Sorter","Relic Stats","StSLib","Synergy Search","slay the spire mod where everything is the same but ironclad has a cowboy hat"],"gold_per_floor":[115,115,115,115,128,128,154,168,168,168,168],"floor_reached":10,"language":"ENG","playtime":90,"items_purged":[],"score":137,"play_id":"5cbca588-30ea-465f-a642-52207464548c","local_time":"20210216014109","is_ascension_mode":true,"campfire_choices":[{"data":"Bash","floor":6,"key":"SMITH"}],"circlet_count":0,"master_deck":["AscendersBane","Strike_R","Strike_R","Strike_R","Strike_R","Defend_R","Defend_R","Defend_R","Defend_R","Bash+1"],"relics":["Burning Blood","NeowsBlessing","Gremlin Horn","Eternal Feather"],"acts_visited":["Exordium"],"potions_floor_usage":[8,10],"damage_taken":[{"damage":0,"enemies":"2 Louse","floor":1,"turns":1},{"damage":0,"enemies":"Cultist","floor":5,"turns":1},{"damage":0,"enemies":"Gremlin Nob","floor":7,"turns":1},{"damage":2,"enemies":"Small Slimes","floor":8,"turns":3},{"damage":0,"enemies":"3 Sentries","floor":10,"turns":1}],"seed_played":"-7388001512562492104","potions_obtained":[{"floor":1,"key":"DistilledChaos"},{"floor":7,"key":"Explosive Potion"}],"is_trial":false,"path_per_floor":["M","?","$","?","M","R","E","M","T","E"],"character_chosen":"IRONCLAD","items_purchased":[],"campfire_rested":0,"item_purchase_floors":[],"current_hp_per_floor":[78,71,71,80,80,80,80,80,80,80,80],"gold":168,"neow_bonus":"THREE_ENEMY_KILL","is_daily":false,"chose_seed":false,"campfire_upgraded":1,"win_rate":0.0,"timestamp":1613410869,"path_taken":["M","?","$","?","M","R","E","M","T","E"],"items_purchased_type":[],"build_version":"2020-12-22","purchased_purges":0,"victory":false,"max_hp_per_floor":[80,80,80,80,80,80,80,80,80,80,80],"relic_stats":{"Gremlin Horn":[1,1],"counters":[5,7],"Eternal Feather":0,"obtain_stats":[{"NeowsBlessing":0,"Gremlin Horn":7,"Eternal Feather":9,"Burning Blood":0},{"NeowsBlessing":0,"Gremlin Horn":3,"Eternal Feather":4,"Burning Blood":0},{"NeowsBlessing":0,"Gremlin Horn":3,"Eternal Feather":6,"Burning Blood":0}],"Burning Blood":8},"card_choices":[{"not_picked":["Rupture","Headbutt","Armaments"],"picked":"SKIP","floor":1},{"not_picked":["Rampage","Searing Blow","Shrug It Off"],"picked":"SKIP","floor":5},{"not_picked":["Wild Strike","Rage","Headbutt"],"picked":"SKIP","floor":7},{"not_picked":["Sentinel","Carnage","Rampage"],"picked":"SKIP","floor":8}],"player_experience":1545455,"relics_obtained":[{"floor":7,"key":"Gremlin Horn"},{"floor":9,"key":"Eternal Feather"}],"event_choices":[{"cards_removed":["Strike_R"],"damage_healed":0,"gold_gain":0,"player_choice":"Card Removal","damage_taken":7,"max_hp_gain":0,"max_hp_loss":0,"event_name":"Golden Wing","floor":2,"gold_loss":0},{"damage_healed":9,"gold_gain":0,"player_choice":"Full Heal","damage_taken":0,"max_hp_gain":0,"max_hp_loss":0,"event_name":"Wheel of Change","floor":4,"gold_loss":0}],"is_beta":false,"boss_relics":[],"items_purged_floors":[],"is_endless":false,"potions_floor_spawned":[1,7],"killed_by":"3 Sentries","ascension_level":10}}