{"host":"gfybn4j1d26rvz5e","time":1613358736,"event":{"mods":["BaseMod","Better Altar","Better Match","Better Note","Better Sensory Stone","Better Skull","Better Third Choice","BetterRewards","Highlight Path","Minty Spire (QoL Compilation)","Random Character Button","Relic Stats","StSLib"],"gold_per_floor":[116,116,129,54,54,54,83,83,83,109,125,46,56,75,75,170,170,186,186,186],"floor_reached":19,"language":"ENG","playtime":1219,"items_purged":["Strike_P"],"score":305,"play_id":"04676929-4e66-4fd7-9692-a38bd82e737e","local_time":"20210214211216","is_ascension_mode":true,"campfire_choices":[{"data":"CrushJoints","floor":6.0,"key":"SMITH"},{"data":"Wallop","floor":8.0,"key":"SMITH"},{"data":"BattleHymn","floor":15.0,"key":"SMITH"}],"circlet_count":0,"master_deck":["Strike_P","Strike_P","Strike_P","Defend_P","Defend_P","Defend_P","Defend_P","Eruption+1","Vigilance","SashWhip+1","CrushJoints+1","Protect","Crescendo","EmptyMind","Wallop+1","ClearTheMind","BattleHymn+1","ThirdEye","ConjureBlade"],"relics":["PureWater","Bag of Preparation","Singing Bowl","Centennial Puzzle","Nunchaku","Philosopher\u0027s Stone"],"acts_visited":["Exordium","TheCity"],"potions_floor_usage":[],"damage_taken":[{"damage":0.0,"enemies":"Cultist","floor":1.0,"turns":2.0},{"damage":0.0,"enemies":"2 Louse","floor":3.0,"turns":2.0},{"damage":16.0,"enemies":"3 Sentries","floor":7.0,"turns":10.0},{"damage":5.0,"enemies":"Gremlin Nob","floor":10.0,"turns":3.0},{"damage":0.0,"enemies":"Jaw Worm","floor":11.0,"turns":1.0},{"damage":2.0,"enemies":"Gremlin Gang","floor":13.0,"turns":4.0},{"damage":0.0,"enemies":"Large Slime","floor":14.0,"turns":3.0},{"damage":22.0,"enemies":"Hexaghost","floor":16.0,"turns":6.0},{"damage":4.0,"enemies":"Spheric Guardian","floor":18.0,"turns":3.0},{"damage":0,"enemies":"3 Byrds","floor":19,"turns":1}],"seed_played":"-1379537701706911318","potions_obtained":[{"floor":1.0,"key":"Weak Potion"},{"floor":7.0,"key":"Dexterity Potion"},{"floor":10.0,"key":"PowerPotion"}],"is_trial":false,"path_per_floor":["M","?","M","$","?","R","E","R","T","E","M","$","M","M","R","B",null,"M","M"],"character_chosen":"WATCHER","items_purchased":["Bag of Preparation","SashWhip","CrushJoints","Protect","BattleHymn"],"campfire_rested":0,"item_purchase_floors":[0,0,0,0,12],"current_hp_per_floor":[72,72,72,72,72,72,56,56,56,53,53,53,51,53,53,31,76,74,74,74],"gold":186,"neow_bonus":"","is_daily":false,"chose_seed":false,"campfire_upgraded":3,"win_rate":0.0,"timestamp":1613358736,"path_taken":["M","?","M","$","?","R","E","R","T","E","M","$","M","M","R","BOSS","M","?"],"items_purchased_type":["Relic","Card","Card","Card","Card"],"build_version":"2020-12-22","purchased_purges":1,"victory":false,"max_hp_per_floor":[72,72,72,72,72,72,72,72,72,74,74,74,74,76,76,76,76,78,78,78],"relic_stats":{"Centennial Puzzle":[12],"Nunchaku":[3],"Singing Bowl":6,"counters":[23,80],"Bag of Preparation":[20],"obtain_stats":[{"Torii":0,"Singing Bowl":7,"Golden Idol":11,"Vajra":26,"Pen Nib":7,"PreservedInsect":9,"Incense Burner":20,"Bag of Preparation":0,"Dream Catcher":14,"Centennial Puzzle":9,"Nunchaku":10,"Busted Crown":17,"Philosopher\u0027s Stone":17,"Art of War":12,"Necronomicon":19,"PureWater":0},{"Torii":0,"Singing Bowl":16,"Golden Idol":6,"Vajra":12,"Pen Nib":5,"PreservedInsect":6,"Incense Burner":10,"Bag of Preparation":13,"Dream Catcher":8,"Centennial Puzzle":16,"Nunchaku":17,"Busted Crown":9,"Philosopher\u0027s Stone":21,"Art of War":7,"Necronomicon":10,"PureWater":0},{"Torii":0,"Singing Bowl":59,"Golden Idol":16,"Vajra":40,"Pen Nib":13,"PreservedInsect":16,"Incense Burner":32,"Bag of Preparation":45,"Dream Catcher":24,"Centennial Puzzle":59,"Nunchaku":62,"Busted Crown":27,"Philosopher\u0027s Stone":76,"Art of War":20,"Necronomicon":32,"PureWater":0}]},"card_choices":[{"not_picked":["Halt","ThirdEye"],"picked":"Crescendo","floor":1.0},{"not_picked":["JustLucky","FlyingSleeves"],"picked":"EmptyMind","floor":3.0},{"not_picked":["Vault","EmptyMind"],"picked":"Wallop","floor":7.0},{"not_picked":["FlyingSleeves","SignatureMove","Evaluate"],"picked":"Singing Bowl","floor":10.0},{"not_picked":["EmptyBody","CrushJoints"],"picked":"ClearTheMind","floor":11.0},{"not_picked":["Crescendo","WaveOfTheHand"],"picked":"ThirdEye","floor":13.0},{"not_picked":["Protect","BowlingBash","ClearTheMind"],"picked":"Singing Bowl","floor":14.0},{"not_picked":["Vault","Blasphemy"],"picked":"ConjureBlade","floor":16.0},{"not_picked":["BowlingBash","ClearTheMind","CrushJoints+1"],"picked":"Singing Bowl","floor":18.0}],"player_experience":661901,"relics_obtained":[{"floor":7.0,"key":"Singing Bowl"},{"floor":9.0,"key":"Centennial Puzzle"},{"floor":10.0,"key":"Nunchaku"}],"event_choices":[{"damage_healed":0.0,"max_hp_gain":0.0,"max_hp_loss":0.0,"gold_gain":0.0,"event_name":"Living Wall","player_choice":"Grow","floor":2.0,"gold_loss":0.0,"damage_taken":0.0,"cards_upgraded":["Eruption"]},{"damage_healed":0.0,"max_hp_gain":0.0,"max_hp_loss":0.0,"gold_gain":0.0,"event_name":"Upgrade Shrine","player_choice":"Upgraded","floor":5.0,"gold_loss":0.0,"damage_taken":0.0,"cards_upgraded":["SashWhip"]}],"is_beta":false,"boss_relics":[{"not_picked":["Runic Pyramid","Pandora\u0027s Box"],"picked":"Philosopher\u0027s Stone"}],"items_purged_floors":[4],"is_endless":false,"potions_floor_spawned":[1,7,10,13,16,18],"killed_by":"3 Byrds","ascension_level":2}}