{"host":"iggyqwhh1tk9qczq","time":1613376208,"event":{"mods":["BaseMod","Minty Spire (QoL Compilation)","StSLib","Together in Spire"],"gold_per_floor":[109,126,6,181,456,485,503,530,554,567,567,602,269,288,288,389,389,399,416,139,139,139,139,168,178,223,233,250,279,279,297,297,398,398,410,410,410,410,54,54,89,89,89,89,99,131,0,14,14,14],"floor_reached":51,"language":"ENG","playtime":4157,"items_purged":["Defend_P","Regret","Strike_P","Doubt"],"score":813,"play_id":"5a68f720-db3b-4c9c-8e04-a1293ead47d0","local_time":"20210215000328","is_ascension_mode":false,"campfire_choices":[{"data":"Pray","floor":11.0,"key":"SMITH"},{"data":"Tantrum","floor":15.0,"key":"SMITH"},{"data":"SashWhip","floor":23.0,"key":"SMITH"},{"data":"Ragnarok","floor":30.0,"key":"SMITH"},{"data":"Wallop","floor":32.0,"key":"SMITH"},{"data":"Mayhem","floor":40.0,"key":"SMITH"}],"circlet_count":0,"master_deck":["Strike_P+1","Strike_P+1","Strike_P+1","Defend_P+1","Defend_P+1","Defend_P+1","Eruption+1","Vigilance+1","Deep Breath+1","JustLucky+1","Halt+1","Halt+1","Swivel+1","Wallop+1","Pray+1","Brilliance+1","Tantrum+1","CutThroughFate+1","Devotion+1","SashWhip+1","LessonLearned+1","Ragnarok+1","Prostrate+1","Vault+1","Mayhem+1","Nirvana+1"],"relics":["PureWater","Lantern","Orichalcum","Bronze Scales","Bottled Lightning","Melange","Coffee Dripper","Lizard Tail","InkBottle","Regal Pillow","Mango","Black Star","Mark of the Bloom","Happy Flower","Letter Opener","Vajra","Ancient Tea Set","Ginger","Ornamental Fan","Red Mask"],"acts_visited":[],"potions_floor_usage":[50,50,50],"damage_taken":[{"damage":0.0,"enemies":"Cultist","floor":1.0,"turns":2.0},{"damage":0.0,"enemies":"2 Louse","floor":2.0,"turns":2.0},{"damage":40.0,"enemies":"Gremlin Nob","floor":6.0,"turns":4.0},{"damage":0.0,"enemies":"Small Slimes","floor":7.0,"turns":2.0},{"damage":10.0,"enemies":"Lagavulin","floor":8.0,"turns":5.0},{"damage":0.0,"enemies":"Gremlin Gang","floor":10.0,"turns":2.0},{"damage":4.0,"enemies":"Gremlin Nob","floor":12.0,"turns":3.0},{"damage":6.0,"enemies":"Red Slaver","floor":14.0,"turns":2.0},{"damage":11.0,"enemies":"The Guardian","floor":16.0,"turns":5.0},{"damage":4.0,"enemies":"2 Thieves","floor":18.0,"turns":2.0},{"damage":2.0,"enemies":"Chosen","floor":19.0,"turns":3.0},{"damage":13.0,"enemies":"Gremlin Leader","floor":24.0,"turns":3.0},{"damage":0.0,"enemies":"3 Cultists","floor":25.0,"turns":2.0},{"damage":3.0,"enemies":"Shelled Parasite and Fungi","floor":27.0,"turns":2.0},{"damage":3.0,"enemies":"Snake Plant","floor":28.0,"turns":3.0},{"damage":0.0,"enemies":"Slavers","floor":29.0,"turns":1.0},{"damage":0.0,"enemies":"3 Cultists","floor":31.0,"turns":2.0},{"damage":23.0,"enemies":"Collector","floor":33.0,"turns":4.0},{"damage":6.0,"enemies":"3 Darklings","floor":35.0,"turns":2.0},{"damage":12.0,"enemies":"Nemesis","floor":41.0,"turns":5.0},{"damage":0,"enemies":"Orb Walker","floor":45,"turns":1},{"damage":0,"enemies":"Reptomancer","floor":46,"turns":2},{"damage":0,"enemies":"3 Darklings","floor":48,"turns":1},{"damage":14,"enemies":"Time Eater","floor":50,"turns":4}],"seed_played":"-1352119745587158197","potions_obtained":[{"floor":10.0,"key":"Regen Potion"},{"floor":14.0,"key":"AttackPotion"},{"floor":16.0,"key":"PowerPotion"},{"floor":28.0,"key":"Strength Potion"},{"floor":31.0,"key":"Block Potion"},{"floor":41.0,"key":"BottledMiracle"}],"is_trial":false,"path_per_floor":["M","M","$","?","?","E","M","E","T","M","R","E","$","M","R","B",null,"M","M","$","?","?","R","E","M","T","M","M","E","R","M","R","B",null,"M","?","?","?","$","R","E","R","T","R","M","E","?","M","R","B",null],"character_chosen":"WATCHER","items_purchased":["Halt","Tantrum","Melange","LessonLearned","Happy Flower","Weak Potion"],"campfire_rested":0,"item_purchase_floors":[3,13,13,20,39,39],"current_hp_per_floor":[72,72,72,72,72,32,32,22,22,22,22,30,30,24,24,13,72,68,66,66,66,66,66,53,53,53,50,47,61,61,61,61,38,86,80,80,80,80,80,80,68,68,68,68,68,68,68,68,68,54],"gold":14,"neow_bonus":"RANDOM_COLORLESS","is_daily":false,"chose_seed":false,"campfire_upgraded":6,"win_rate":0.0,"timestamp":1613376208,"path_taken":["M","M","?","?","?","E","M","E","T","?","R","E","?","M","R","BOSS","M","M","$","?","?","R","E","M","T","?","M","E","R","M","R","BOSS","M","?","?","?","$","R","E","R","T","R","M","E","?","M","R","BOSS"],"items_purchased_type":["Card","Card","Relic","Card","Relic","Potion"],"build_version":"2020-12-22","purchased_purges":4,"victory":true,"max_hp_per_floor":[72,72,72,72,72,72,72,72,72,72,72,72,72,72,72,72,72,72,72,72,72,72,72,72,72,72,72,72,86,86,86,86,86,86,86,86,86,86,86,86,86,86,86,86,86,86,86,86,86,86],"card_choices":[{"not_picked":["Trip","Good Instincts"],"picked":"Deep Breath","floor":0.0},{"not_picked":["EmptyBody","CrushJoints"],"picked":"JustLucky","floor":1.0},{"not_picked":["Wallop","BowlingBash"],"picked":"Halt","floor":2.0},{"not_picked":["Protect","Consecrate"],"picked":"Swivel","floor":6.0},{"not_picked":["CrushJoints","Protect"],"picked":"Wallop","floor":7.0},{"not_picked":["Evaluate","BattleHymn"],"picked":"Pray","floor":8.0},{"not_picked":["Protect","Weave"],"picked":"Evaluate","floor":10.0},{"not_picked":["FollowUp","Protect"],"picked":"Brilliance","floor":12.0},{"not_picked":["FollowUp","Collect"],"picked":"CutThroughFate","floor":14.0},{"not_picked":["Vault","Judgement"],"picked":"Devotion","floor":16.0},{"not_picked":["Crescendo","Collect+1","EmptyBody"],"picked":"SKIP","floor":18.0},{"not_picked":["Consecrate","Halt"],"picked":"SashWhip","floor":19.0},{"not_picked":["Sanctity","Protect","Consecrate"],"picked":"SKIP","floor":24.0},{"not_picked":["Crescendo","Collect+1","EmptyBody"],"picked":"SKIP","floor":25.0},{"not_picked":["Crescendo","Collect+1","EmptyBody"],"picked":"SKIP","floor":27.0},{"not_picked":["Consecrate","SashWhip","Halt"],"picked":"SKIP","floor":28.0},{"not_picked":["Protect+1","SashWhip"],"picked":"Ragnarok","floor":29.0},{"not_picked":["EmptyFist","Sanctity"],"picked":"Prostrate","floor":31.0},{"not_picked":["Brilliance","MasterReality"],"picked":"Vault","floor":33.0},{"not_picked":["FollowUp","Conclude","EmptyBody+1"],"picked":"SKIP","floor":35.0},{"not_picked":["PanicButton","Madness"],"picked":"Mayhem","floor":38.0},{"not_picked":["Adaptation","FlurryOfBlows"],"picked":"Nirvana+1","floor":41.0},{"not_picked":["Crescendo","Collect+1","EmptyBody"],"picked":"SKIP","floor":45},{"not_picked":["Consecrate","SashWhip+1","Halt"],"picked":"SKIP","floor":46},{"not_picked":["Protect+1","Ragnarok","SashWhip"],"picked":"SKIP","floor":48}],"player_experience":115309,"relics_obtained":[{"floor":6.0,"key":"Lantern"},{"floor":8.0,"key":"Orichalcum"},{"floor":9.0,"key":"Bronze Scales"},{"floor":12.0,"key":"Bottled Lightning"},{"floor":24.0,"key":"InkBottle"},{"floor":26.0,"key":"Regal Pillow"},{"floor":29.0,"key":"Mango"},{"floor":41.0,"key":"Letter Opener"},{"floor":41.0,"key":"Vajra"},{"floor":43.0,"key":"Ancient Tea Set"},{"floor":46,"key":"Ginger"},{"floor":46,"key":"Ornamental Fan"}],"event_choices":[{"damage_healed":0.0,"max_hp_gain":0.0,"max_hp_loss":0.0,"gold_gain":175.0,"event_name":"Liars Game","player_choice":"AGREE","floor":4.0,"gold_loss":0.0,"damage_taken":0.0,"cards_obtained":["Doubt"]},{"damage_healed":0.0,"max_hp_gain":0.0,"max_hp_loss":0.0,"gold_gain":275.0,"event_name":"Golden Shrine","player_choice":"Desecrate","floor":5.0,"gold_loss":0.0,"damage_taken":0.0,"cards_obtained":["Regret"]},{"damage_healed":0.0,"max_hp_gain":0.0,"max_hp_loss":0.0,"gold_gain":0.0,"event_name":"The Mausoleum","player_choice":"Opened","floor":21.0,"gold_loss":0.0,"damage_taken":0.0,"relics_obtained":["Lizard Tail"]},{"cards_removed":["Evaluate"],"damage_healed":0.0,"max_hp_gain":0.0,"max_hp_loss":0.0,"gold_gain":0.0,"event_name":"NoteForYourself","player_choice":"Took Card","floor":22.0,"gold_loss":0.0,"damage_taken":0.0,"cards_obtained":["Iron Wave"]},{"damage_healed":0.0,"max_hp_gain":0.0,"max_hp_loss":0.0,"gold_gain":0.0,"event_name":"MindBloom","player_choice":"Upgrade","floor":36.0,"gold_loss":0.0,"damage_taken":0.0,"cards_upgraded":["Strike_P","Strike_P","Defend_P","Defend_P","Defend_P","Eruption","Vigilance","Deep Breath","JustLucky","Halt","Halt","Swivel","Brilliance","CutThroughFate","Devotion","LessonLearned","Iron Wave","Prostrate","Vault"],"relics_obtained":["Mark of the Bloom"]},{"cards_removed":["Iron Wave"],"damage_healed":0.0,"max_hp_gain":0.0,"max_hp_loss":0.0,"gold_gain":0.0,"event_name":"Falling","player_choice":"Removed Attack","floor":37.0,"gold_loss":0.0,"damage_taken":0.0},{"damage_healed":0.0,"max_hp_gain":0.0,"max_hp_loss":0.0,"gold_gain":0.0,"event_name":"SensoryStone","player_choice":"Memory 1","floor":38.0,"gold_loss":0.0,"damage_taken":0.0},{"damage_healed":0,"gold_gain":0,"player_choice":"Paid","damage_taken":0,"relics_obtained":["Red Mask"],"max_hp_gain":0,"max_hp_loss":0,"event_name":"Tomb of Lord Red Mask","floor":47,"gold_loss":131}],"is_beta":false,"boss_relics":[{"not_picked":["VioletLotus","Calling Bell"],"picked":"Coffee Dripper"},{"not_picked":["Snecko Eye","Velvet Choker"],"picked":"Black Star"}],"items_purged_floors":[3,13,20,39],"is_endless":false,"potions_floor_spawned":[10,14,16,28,31,41,48],"ascension_level":0}}