{"host":"x4954lblgztusody","time":1613380023,"event":{"mods":["BaseMod","Colored Map","Curses Come First","Koishi","Minty Spire (QoL Compilation)","Rare Cards Sparkle","Shop Mod","StSLib","The Administrix","The Animator","The Servant 0.9.4","WarShipGirlsR/战舰少女R mod","Yuyuko"],"gold_per_floor":[111,125,125,139,139,139,139,157,181,193,268,314,345,377,389,497,509,536,566,136,136,153,153,182,182,182,31,31,431,530,549,549,645,645,665,665,120,139,159,184,201,201,226,226,226,226,236,236,236,236,236,236,20,53,53],"floor_reached":56,"language":"ENG","playtime":4533,"items_purged":["rmod:strick","rmod:strick"],"score":1270,"play_id":"0435fd08-0174-4ffe-b123-1f8430036602","local_time":"20210215010703","is_ascension_mode":false,"campfire_choices":[{"data":"rmod:generalist","floor":6.0,"key":"SMITH"},{"data":"rmod:goodfighter","floor":10.0,"key":"SMITH"},{"data":"rmod:rockthrower","floor":15.0,"key":"SMITH"},{"data":"rmod:expedition","floor":23,"key":"SMITH"},{"data":"rmod:expedition+1","floor":25,"key":"SMITH"},{"data":"rmod:circuitoustactics","floor":32,"key":"SMITH"},{"data":"rmod:expedition+2","floor":42,"key":"SMITH"},{"data":"rmod:heivgo","floor":44,"key":"SMITH"},{"floor":49,"key":"RECALL"},{"data":"rmod:unsinkable","floor":52,"key":"SMITH"}],"circlet_count":0,"master_deck":["rmod:strick+1","rmod:defend","rmod:defend+1","rmod:defend","rmod:basicallowance","rmod:maingunfire","rmod:generalist+1","rmod:goodfighter+1","rmod:steelsupply","rmod:firesupport","rmod:rockthrower+1","rmod:expedition+3","rmod:acesubmarine","rmod:unsinkable+1","rmod:diamondstrike","rmod:mineteam","rmod:secretscript+1","rmod:circuitoustactics+1","rmod:windflower","rmod:heivgo+1","Clumsy","Mayhem","Impatience","Mayhem","Mayhem","rmod:openingtorpedo"],"relics":["rmod:firstchargereward","MawBank","Bag of Preparation","Anchor","Coffee Dripper","Gambling Chip","Regal Pillow","HornCleat","Kunai","Old Coin","Bottled Lightning","Cursed Key","OrangePellets","Incense Burner","Eternal Feather","CaptainsWheel"],"acts_visited":["Exordium","TheCity","TheBeyond","TheEnding"],"potions_floor_usage":[31,47,55,55],"damage_taken":[{"damage":2.0,"enemies":"Small Slimes","floor":1.0,"turns":3.0},{"damage":0.0,"enemies":"Cultist","floor":2.0,"turns":3.0},{"damage":0.0,"enemies":"2 Louse","floor":4.0,"turns":2.0},{"damage":3.0,"enemies":"Looter","floor":8.0,"turns":3.0},{"damage":14.0,"enemies":"Gremlin Nob","floor":11.0,"turns":4.0},{"damage":0.0,"enemies":"Lagavulin","floor":12.0,"turns":6.0},{"damage":0.0,"enemies":"Exordium Wildlife","floor":13.0,"turns":3.0},{"damage":0.0,"enemies":"Exordium Thugs","floor":14.0,"turns":3.0},{"damage":11.0,"enemies":"The Guardian","floor":16.0,"turns":7.0},{"damage":0.0,"enemies":"Spheric Guardian","floor":18.0,"turns":3.0},{"damage":0.0,"enemies":"Shell Parasite","floor":19.0,"turns":3.0},{"damage":1,"enemies":"Snecko","floor":22,"turns":5},{"damage":17,"enemies":"Gremlin Leader","floor":24,"turns":6},{"damage":6,"enemies":"Colosseum Slavers","floor":29,"turns":3},{"damage":0,"enemies":"Colosseum Nobs","floor":29,"turns":2},{"damage":0,"enemies":"3 Cultists","floor":31,"turns":3},{"damage":0,"enemies":"Champ","floor":33,"turns":5},{"damage":10,"enemies":"Orb Walker","floor":35,"turns":4},{"damage":0,"enemies":"3 Darklings","floor":38,"turns":8},{"damage":0,"enemies":"Spire Growth","floor":39,"turns":3},{"damage":0,"enemies":"Giant Head","floor":40,"turns":5},{"damage":14,"enemies":"Jaw Worm Horde","floor":41,"turns":5},{"damage":0,"enemies":"4 Shapes","floor":47,"turns":4},{"damage":18,"enemies":"Time Eater","floor":50,"turns":6},{"damage":6,"enemies":"Shield and Spear","floor":54,"turns":5},{"damage":6,"enemies":"The Heart","floor":55,"turns":6}],"seed_played":"-4113863736948730552","potions_obtained":[{"floor":1.0,"key":"FearPotion"},{"floor":8.0,"key":"Energy Potion"},{"floor":14.0,"key":"BlessingOfTheForge"},{"floor":24,"key":"ColorlessPotion"},{"floor":33,"key":"FearPotion"},{"floor":39,"key":"SmokeBomb"},{"floor":40,"key":"Fruit Juice"},{"floor":47,"key":"Dexterity Potion"}],"is_trial":false,"path_per_floor":["M","M","?","M","?","R","?","M","T","R","?","E","M","M","R","B",null,"M","M","$","?","M","R","E","R","T","$","T","?","?","M","R","B",null,"M","?","$","M","M","E","M","R","T","R","?","T","M","?","R","B",null,"R","$","E","B",null],"character_chosen":"PRAEFECT","items_purchased":["rmod:diamondstrike","Gambling Chip","rmod:secretscript","OrangePellets","Incense Burner","Mayhem","rmod:openingtorpedo"],"campfire_rested":0,"item_purchase_floors":[20,20,27,37,37,53,53],"current_hp_per_floor":[80,80,80,80,64,64,57,54,54,54,40,40,40,40,40,29,82,82,82,82,82,81,81,64,64,64,64,64,58,58,58,58,58,82,72,72,72,72,72,72,58,70,70,82,82,82,87,77,87,69,87,87,87,81,75],"gold":53,"neow_bonus":"TEN_PERCENT_HP_BONUS","is_daily":false,"chose_seed":false,"campfire_upgraded":9,"win_rate":0.0,"timestamp":1613380023,"path_taken":["M","M","?","?","?","R","?","M","T","R","?","E","M","M","R","BOSS","M","M","$","?","M","R","E","R","T","$","?","?","?","M","R","BOSS","M","?","$","?","M","E","M","R","T","R","?","?","M","?","R","BOSS","R","$","E","BOSS"],"items_purchased_type":["Card","Relic","Card","Relic","Relic","Card","Card"],"build_version":"2020-12-22","purchased_purges":2,"victory":true,"max_hp_per_floor":[82,82,82,82,82,82,82,82,82,82,82,82,82,82,82,82,82,82,82,82,82,82,82,82,82,82,82,82,82,82,82,82,82,82,82,82,82,82,82,82,82,82,82,82,82,82,87,87,87,87,87,87,87,87,87],"card_choices":[{"not_picked":["rmod:wife","rmod:launchingtorpedo"],"picked":"rmod:generalist","floor":1.0},{"not_picked":["rmod:unsinkable","rmod:fuelsupply"],"picked":"rmod:goodfighter","floor":2.0},{"not_picked":["rmod:robin","rmod:fletcherpendant","rmod:victimresponsibility"],"picked":"SKIP","floor":4.0},{"not_picked":["rmod:fletcherpendant","rmod:steelsupply","rmod:spoils"],"picked":"SKIP","floor":8.0},{"not_picked":["rmod:tearstotiara","rmod:openingtorpedo"],"picked":"rmod:steelsupply","floor":11.0},{"not_picked":["rmod:fuelsupply","rmod:capitalist"],"picked":"rmod:firesupport","floor":12.0},{"not_picked":["rmod:fletcherpendant","rmod:punchline"],"picked":"rmod:rockthrower","floor":13.0},{"not_picked":["rmod:salvage","rmod:aluminumsupply"],"picked":"rmod:expedition","floor":14.0},{"not_picked":["rmod:saltedfish","rmod:highspeedmaneuver"],"picked":"rmod:acesubmarine","floor":16.0},{"not_picked":["rmod:steelsupply","rmod:firesupport+1"],"picked":"rmod:unsinkable","floor":18.0},{"not_picked":["rmod:circuitoustactics","rmod:lonelyqueen","rmod:intelligenceanalysis"],"picked":"SKIP","floor":19.0},{"not_picked":["rmod:chargemoney","rmod:circuitoustactics+1"],"picked":"rmod:mineteam","floor":22},{"not_picked":["rmod:aviationdawn","rmod:fuelsupply","rmod:victimresponsibility+1"],"picked":"SKIP","floor":24},{"not_picked":["rmod:victimresponsibility","rmod:diamondstrike"],"picked":"rmod:circuitoustactics","floor":29},{"not_picked":["rmod:unsinkable+1","rmod:ammunitionsupply","rmod:u235"],"picked":"SKIP","floor":31},{"not_picked":["rmod:fletcher","rmod:u235"],"picked":"rmod:windflower","floor":33},{"not_picked":["rmod:luckystar","rmod:maintain","rmod:steelsupply+1"],"picked":"SKIP","floor":35},{"not_picked":["rmod:firesupport+1","rmod:goodfighter","rmod:salvage+1"],"picked":"SKIP","floor":38},{"not_picked":["rmod:mineteam+1","rmod:firesupport","rmod:tearstotiara"],"picked":"SKIP","floor":39},{"not_picked":["rmod:mineteam+1","rmod:firesupport","rmod:tearstotiara"],"picked":"SKIP","floor":39},{"not_picked":["rmod:chargemoney+1","rmod:aluminumsupply+1"],"picked":"rmod:heivgo","floor":40},{"not_picked":["rmod:wife+1","rmod:victimresponsibility+1","rmod:chargemoney"],"picked":"SKIP","floor":41},{"not_picked":["rmod:aviationdawn+1","rmod:openingtorpedo","rmod:luckystar"],"picked":"SKIP","floor":47},{"not_picked":["PanicButton","The Bomb"],"picked":"Mayhem","floor":48},{"not_picked":["Forethought","Purity"],"picked":"Impatience","floor":48},{"not_picked":["Mind Blast","Bandage Up"],"picked":"Mayhem","floor":48},{"not_picked":["rmod:launchingtorpedo+1","rmod:openingtorpedo+1","rmod:aggressivemary"],"picked":"SKIP","floor":54}],"player_experience":30940,"relics_obtained":[{"floor":9.0,"key":"MawBank"},{"floor":11.0,"key":"Bag of Preparation"},{"floor":12.0,"key":"Anchor"},{"floor":24,"key":"Regal Pillow"},{"floor":26,"key":"HornCleat"},{"floor":28,"key":"Kunai"},{"floor":29,"key":"Old Coin"},{"floor":29,"key":"Bottled Lightning"},{"floor":40,"key":"Eternal Feather"},{"floor":54,"key":"CaptainsWheel"}],"event_choices":[{"damage_healed":0.0,"max_hp_gain":0.0,"max_hp_loss":0.0,"gold_gain":0.0,"event_name":"FaceTrader","player_choice":"Leave","floor":3.0,"gold_loss":0.0,"damage_taken":0.0},{"damage_healed":0.0,"max_hp_gain":0.0,"max_hp_loss":0.0,"gold_gain":0.0,"event_name":"Shining Light","player_choice":"Entered Light","floor":5.0,"gold_loss":0.0,"damage_taken":16.0,"cards_upgraded":["rmod:strick","rmod:defend"]},{"cards_removed":["rmod:strick"],"damage_healed":0.0,"max_hp_gain":0.0,"max_hp_loss":0.0,"gold_gain":0.0,"event_name":"Golden Wing","player_choice":"Card Removal","floor":7.0,"gold_loss":0.0,"damage_taken":7.0},{"damage_healed":0.0,"max_hp_gain":0.0,"max_hp_loss":0.0,"gold_gain":0.0,"event_name":"Dead Adventurer","player_choice":"Searched \u00271\u0027 times","floor":11.0,"gold_loss":0.0,"damage_taken":0.0},{"cards_removed":["rmod:defend"],"damage_healed":0,"gold_gain":0,"player_choice":"Offered Basic","damage_taken":0,"max_hp_gain":0,"max_hp_loss":0,"event_name":"Bonfire Elementals","floor":21,"gold_loss":0},{"damage_healed":0,"gold_gain":0,"player_choice":"Fight","damage_taken":0,"max_hp_gain":0,"max_hp_loss":0,"event_name":"Colosseum","floor":29,"gold_loss":0},{"damage_healed":0,"gold_gain":0,"player_choice":"Fought Nobs","damage_taken":0,"max_hp_gain":0,"max_hp_loss":0,"event_name":"Colosseum","floor":29,"gold_loss":0},{"damage_healed":0,"gold_gain":99,"player_choice":"Stole From Cult","damage_taken":0,"max_hp_gain":0,"max_hp_loss":0,"event_name":"Nest","floor":30,"gold_loss":0},{"damage_healed":0,"gold_gain":0,"player_choice":"Forge","damage_taken":0,"max_hp_gain":0,"max_hp_loss":0,"event_name":"Accursed Blacksmith","floor":36,"gold_loss":0,"cards_upgraded":["rmod:secretscript"]},{"damage_healed":0,"gold_gain":0,"player_choice":"Ignored","damage_taken":0,"max_hp_gain":0,"max_hp_loss":0,"event_name":"Tomb of Lord Red Mask","floor":45,"gold_loss":0},{"damage_healed":0,"gold_gain":0,"player_choice":"Memory 3","damage_taken":10,"max_hp_gain":0,"max_hp_loss":0,"event_name":"SensoryStone","floor":48,"gold_loss":0}],"is_beta":false,"boss_relics":[{"not_picked":["Runic Dome","Ectoplasm"],"picked":"Coffee Dripper"},{"not_picked":["rmod:monthlycard","SacredBark"],"picked":"Cursed Key"}],"items_purged_floors":[20,37],"is_endless":false,"potions_floor_spawned":[1,8,14,24,29,33,39,40,47],"ascension_level":0}}