{"host":"p9vmbvw2hh2n16dn","time":1613406530,"event":{"mods":["AchievementEnabler","BaseMod","Block Reminder","Minty Spire (QoL Compilation)","Relic Stats","SuperFastMode"],"gold_per_floor":[115,41,54,65,65,65,91,91,114,114,64,64,105,121,121,214,214,239,252,252,50,75,115,128,172,172,213,213,234,234,149,149,245,245,264,264,288,121,135,170,170,506,531,202,202,252,283,302,302,302],"floor_reached":51,"language":"ENG","playtime":1500,"items_purged":["Strike_R","Strike_R","Normality"],"score":1692,"play_id":"c55dbc79-8d1b-4bd3-9583-8b5bc90f458f","local_time":"20210215172850","is_ascension_mode":true,"campfire_choices":[{"data":"Searing Blow","floor":6.0,"key":"SMITH"},{"data":"Searing Blow+1","floor":8.0,"key":"SMITH"},{"data":"Searing Blow+2","floor":10.0,"key":"SMITH"},{"data":"Searing Blow+3","floor":15.0,"key":"SMITH"},{"data":"Dual Wield","floor":28.0,"key":"SMITH"},{"data":"Searing Blow+4","floor":30.0,"key":"SMITH"},{"floor":32.0,"key":"REST"},{"data":"Searing Blow+5","floor":41.0,"key":"SMITH"},{"data":"Searing Blow+6","floor":49.0,"key":"SMITH"}],"circlet_count":0,"master_deck":["AscendersBane","Strike_R","Strike_R","Defend_R+1","Defend_R+1","Defend_R","Defend_R","Bash","Immolate+1","Searing Blow+7","Battle Trance+1","Demon Form","Dual Wield+1","Bludgeon","True Grit","Seeing Red","Shockwave","Double Tap","Reaper","Clash","Armaments+1","Flame Barrier","Flame Barrier"],"relics":["Burning Blood","Dream Catcher","Smiling Mask","Orichalcum","Golden Idol","Bottled Flame","Snecko Eye","Strawberry","Centennial Puzzle","Blue Candle","Mercury Hourglass","Cursed Key","Bag of Preparation","Boot","Old Coin","MawBank","Membership Card","War Paint","Peace Pipe"],"acts_visited":["Exordium","TheCity","TheBeyond"],"potions_floor_usage":[],"damage_taken":[{"damage":0.0,"enemies":"Small Slimes","floor":1.0,"turns":2.0},{"damage":0.0,"enemies":"Cultist","floor":3.0,"turns":2.0},{"damage":7.0,"enemies":"Jaw Worm","floor":4.0,"turns":3.0},{"damage":24.0,"enemies":"Lagavulin","floor":7.0,"turns":7.0},{"damage":4.0,"enemies":"3 Sentries","floor":13.0,"turns":5.0},{"damage":8.0,"enemies":"3 Louse","floor":14.0,"turns":2.0},{"damage":29.0,"enemies":"The Guardian","floor":16.0,"turns":8.0},{"damage":15.0,"enemies":"Shell Parasite","floor":18.0,"turns":2.0},{"damage":12.0,"enemies":"2 Thieves","floor":19.0,"turns":3.0},{"damage":0.0,"enemies":"Cultist and Chosen","floor":22.0,"turns":3.0},{"damage":0.0,"enemies":"Gremlin Leader","floor":23.0,"turns":1.0},{"damage":1.0,"enemies":"3 Cultists","floor":24.0,"turns":4.0},{"damage":45.0,"enemies":"Slavers","floor":25.0,"turns":5.0},{"damage":0.0,"enemies":"Gremlin Leader","floor":27.0,"turns":4.0},{"damage":16.0,"enemies":"Snake Plant","floor":29.0,"turns":3.0},{"damage":30.0,"enemies":"Automaton","floor":33.0,"turns":6.0},{"damage":14.0,"enemies":"3 Shapes","floor":35.0,"turns":1.0},{"damage":0.0,"enemies":"Orb Walker","floor":37.0,"turns":1.0},{"damage":0.0,"enemies":"Maw","floor":39.0,"turns":4.0},{"damage":0.0,"enemies":"Nemesis","floor":40.0,"turns":1.0},{"damage":25.0,"enemies":"Reptomancer","floor":42.0,"turns":3.0},{"damage":38.0,"enemies":"Nemesis","floor":47.0,"turns":5.0},{"damage":6.0,"enemies":"Sphere and 2 Shapes","floor":48.0,"turns":3.0},{"damage":103,"enemies":"Awakened One","floor":50,"turns":9}],"seed_played":"1506519588289168981","potions_obtained":[{"floor":4.0,"key":"SpeedPotion"},{"floor":7.0,"key":"Block Potion"},{"floor":13.0,"key":"EssenceOfSteel"},{"floor":16.0,"key":"SkillPotion"},{"floor":20.0,"key":"CultistPotion"},{"floor":20.0,"key":"FearPotion"},{"floor":23.0,"key":"Fruit Juice"},{"floor":24.0,"key":"BlessingOfTheForge"},{"floor":25.0,"key":"EssenceOfSteel"},{"floor":27.0,"key":"SteroidPotion"},{"floor":37.0,"key":"ColorlessPotion"},{"floor":39.0,"key":"EssenceOfSteel"},{"floor":47.0,"key":"FairyPotion"}],"is_trial":false,"path_per_floor":["M","?","M","M","?","R","E","R","T","R","$","?","E","M","R","B",null,"M","M","?","$","M","E","M","E","T","E","R","M","R","$","R","B",null,"M","?","M","$","M","E","R","E","T","$","?","?","E","M","R","B",null],"character_chosen":"IRONCLAD","items_purchased":["Bludgeon","Double Tap","Bag of Preparation","Membership Card","War Paint","Flame Barrier"],"campfire_rested":1,"item_purchase_floors":[21,31,38,44,44,44],"current_hp_per_floor":[74,74,75,74,51,51,33,33,33,33,33,33,35,33,33,10,54,45,39,39,39,45,63,68,29,29,35,35,25,25,25,49,25,66,58,58,64,64,75,80,80,61,61,61,61,61,34,44,44,11],"gold":302,"neow_bonus":"ONE_RANDOM_RARE_CARD","is_daily":false,"chose_seed":false,"campfire_upgraded":8,"win_rate":0.0,"timestamp":1613406530,"path_taken":["M","?","?","?","?","R","E","R","T","R","$","?","E","M","R","BOSS","M","M","?","$","M","E","M","E","T","E","R","M","R","$","R","BOSS","M","?","?","?","M","E","R","E","T","$","?","?","E","?","R","BOSS"],"items_purchased_type":["Card","Card","Relic","Relic","Relic","Card"],"build_version":"2020-12-22","purchased_purges":3,"victory":true,"max_hp_per_floor":[75,75,75,75,75,75,75,75,75,75,75,68,68,68,68,68,68,68,68,68,68,68,80,80,80,80,80,80,80,80,80,80,80,80,80,80,80,80,80,80,80,80,80,80,80,80,80,80,80,80],"relic_stats":{"counters":[24,87],"Golden Idol":149,"Blue Candle":[0],"Bag of Preparation":[12],"Orichalcum":[156],"War Paint":["Battle Trance","Defend_R"],"Smiling Mask":88,"Cursed Key":1,"Boot":[14],"MawBank":12,"Burning Blood":138,"Mercury Hourglass":[143],"Peace Pipe":0,"Dream Catcher":1,"Centennial Puzzle":[21],"Snecko Eye":[101,104,107,112],"obtain_stats":[{"Golden Idol":12,"Blue Candle":26,"Bag of Preparation":38,"Orichalcum":9,"War Paint":44,"Smiling Mask":7,"Cursed Key":34,"Boot":40,"MawBank":43,"Burning Blood":0,"Mercury Hourglass":27,"Old Coin":42,"Peace Pipe":47,"Dream Catcher":2,"Bottled Flame":13,"Centennial Puzzle":25,"Strawberry":23,"Snecko Eye":17,"Membership Card":44},{"Golden Idol":4,"Blue Candle":13,"Bag of Preparation":18,"Orichalcum":4,"War Paint":21,"Smiling Mask":4,"Cursed Key":16,"Boot":20,"MawBank":21,"Burning Blood":0,"Mercury Hourglass":14,"Old Coin":21,"Peace Pipe":22,"Dream Catcher":1,"Bottled Flame":5,"Centennial Puzzle":13,"Strawberry":11,"Snecko Eye":7,"Membership Card":21},{"Golden Idol":14,"Blue Candle":47,"Bag of Preparation":62,"Orichalcum":14,"War Paint":70,"Smiling Mask":14,"Cursed Key":60,"Boot":67,"MawBank":70,"Burning Blood":0,"Mercury Hourglass":51,"Old Coin":70,"Peace Pipe":75,"Dream Catcher":2,"Bottled Flame":19,"Centennial Puzzle":47,"Strawberry":38,"Snecko Eye":29,"Membership Card":70}]},"card_choices":[{"not_picked":["Flex","Rage","Wild Strike"],"picked":"SKIP","floor":1.0},{"not_picked":["Second Wind","Clash"],"picked":"Searing Blow","floor":3.0},{"not_picked":["Anger","Havoc"],"picked":"Battle Trance","floor":4.0},{"not_picked":["Headbutt","Rage","Blood for Blood"],"picked":"SKIP","floor":7.0},{"not_picked":["Headbutt","Rage","Blood for Blood"],"picked":"SKIP","floor":7.0},{"not_picked":["Cleave","Pommel Strike","Rage"],"picked":"SKIP","floor":13.0},{"not_picked":["Twin Strike","Infernal Blade","Flex"],"picked":"SKIP","floor":14.0},{"not_picked":["Corruption","Fiend Fire"],"picked":"Demon Form","floor":16.0},{"not_picked":["Bloodletting","Sever Soul","Flex"],"picked":"SKIP","floor":18.0},{"not_picked":["Searing Blow+1","Intimidate"],"picked":"Dual Wield","floor":19.0},{"not_picked":["Clash+1","Carnage","Warcry"],"picked":"SKIP","floor":22.0},{"not_picked":["Barricade","Power Through","Headbutt"],"picked":"SKIP","floor":23.0},{"not_picked":["Clothesline","Ghostly Armor"],"picked":"True Grit","floor":24.0},{"not_picked":["Whirlwind","Warcry"],"picked":"Seeing Red","floor":25.0},{"not_picked":["Second Wind","Clash","Power Through"],"picked":"SKIP","floor":27.0},{"not_picked":["Rage","Headbutt"],"picked":"Shockwave","floor":29.0},{"not_picked":["Exhume","Feed"],"picked":"Reaper","floor":33.0},{"not_picked":["Iron Wave","Clothesline","Pummel"],"picked":"SKIP","floor":35.0},{"not_picked":["Sword Boomerang+1","Headbutt","Body Slam"],"picked":"SKIP","floor":37.0},{"not_picked":["Wild Strike","Perfected Strike+1","Headbutt"],"picked":"SKIP","floor":39.0},{"not_picked":["Barricade","Warcry"],"picked":"Armaments+1","floor":40.0},{"not_picked":["Rage+1","Bloodletting"],"picked":"Flame Barrier","floor":42.0},{"not_picked":["Pummel","Feel No Pain","Headbutt"],"picked":"SKIP","floor":47.0},{"not_picked":["Infernal Blade","Cleave","Body Slam"],"picked":"SKIP","floor":48.0}],"player_experience":337388,"relics_obtained":[{"floor":7.0,"key":"Smiling Mask"},{"floor":9.0,"key":"Orichalcum"},{"floor":13.0,"key":"Bottled Flame"},{"floor":23.0,"key":"Strawberry"},{"floor":25.0,"key":"Centennial Puzzle"},{"floor":26.0,"key":"Blue Candle"},{"floor":27.0,"key":"Mercury Hourglass"},{"floor":40.0,"key":"Boot"},{"floor":42.0,"key":"Old Coin"},{"floor":43.0,"key":"MawBank"},{"floor":47.0,"key":"Peace Pipe"}],"event_choices":[{"damage_healed":0.0,"max_hp_gain":0.0,"max_hp_loss":0.0,"gold_gain":0.0,"event_name":"WeMeetAgain","player_choice":"Paid Gold","floor":2.0,"gold_loss":74.0,"damage_taken":0.0,"relics_obtained":["Dream Catcher"]},{"damage_healed":0.0,"max_hp_gain":0.0,"max_hp_loss":0.0,"gold_gain":0.0,"event_name":"Shining Light","player_choice":"Entered Light","floor":5.0,"gold_loss":0.0,"damage_taken":23.0,"cards_upgraded":["Immolate","Defend_R"]},{"damage_healed":0.0,"max_hp_gain":0.0,"max_hp_loss":7.0,"gold_gain":0.0,"event_name":"Golden Idol","player_choice":"Lose Max HP","floor":12.0,"gold_loss":0.0,"damage_taken":0.0,"relics_obtained":["Golden Idol"]},{"damage_healed":0.0,"max_hp_gain":0.0,"max_hp_loss":0.0,"gold_gain":0.0,"event_name":"Lab","player_choice":"Got Potions","floor":20.0,"gold_loss":0.0,"damage_taken":0.0},{"damage_healed":0.0,"max_hp_gain":0.0,"max_hp_loss":0.0,"gold_gain":0.0,"cards_transformed":["Strike_R"],"event_name":"Transmorgrifier","player_choice":"Transformed","floor":36.0,"gold_loss":0.0,"damage_taken":0.0,"cards_obtained":["Clash"]},{"damage_healed":0.0,"max_hp_gain":0.0,"max_hp_loss":0.0,"gold_gain":0.0,"event_name":"SensoryStone","player_choice":"Memory 1","floor":45.0,"gold_loss":0.0,"damage_taken":0.0},{"damage_healed":0.0,"max_hp_gain":0.0,"max_hp_loss":0.0,"gold_gain":50.0,"event_name":"Golden Shrine","player_choice":"Pray","floor":46.0,"gold_loss":0.0,"damage_taken":0.0}],"is_beta":false,"boss_relics":[{"not_picked":["SacredBark","Astrolabe"],"picked":"Snecko Eye"},{"not_picked":["Fusion Hammer","Runic Dome"],"picked":"Cursed Key"}],"items_purged_floors":[11,21,44],"is_endless":false,"potions_floor_spawned":[4,7,13,16,22,23,24,25,27,37,39,47],"ascension_level":18}}