{"host":"5raohst9sk3kvp5v","time":1613412964,"event":{"mods":["BaseMod","Colored Powertips","Highlight Path","Minty Spire (QoL Compilation)","Quick Restart","Relic Stats","StSLib"],"gold_per_floor":[114,114,8,21,96,129,129,142,142,155,169,202,48,66,66,66,66],"floor_reached":16,"language":"ENG","playtime":414,"items_purged":["Strike_R"],"score":267,"play_id":"7824d572-a23b-41f9-b94b-9492c64bce19","local_time":"20210215121604","is_ascension_mode":true,"campfire_choices":[{"data":"Flex","floor":7.0,"key":"SMITH"},{"floor":15.0,"key":"REST"}],"circlet_count":0,"master_deck":["AscendersBane","Strike_R","Strike_R","Strike_R","Strike_R","Defend_R","Defend_R","Defend_R","Defend_R","Bash","Shrug It Off","Feel No Pain","Flex+1","Battle Trance","Pommel Strike","Evolve","Body Slam","Spot Weakness","Corruption","Dark Embrace","Rage"],"relics":["Burning Blood","NeowsBlessing","Paper Frog","The Courier","Ornamental Fan","Singing Bowl"],"acts_visited":["Exordium"],"potions_floor_usage":[],"damage_taken":[{"damage":0.0,"enemies":"Small Slimes","floor":1.0,"turns":1.0},{"damage":0.0,"enemies":"2 Louse","floor":4.0,"turns":1.0},{"damage":0.0,"enemies":"3 Sentries","floor":6.0,"turns":2.0},{"damage":7.0,"enemies":"Jaw Worm","floor":8.0,"turns":2.0},{"damage":18.0,"enemies":"Exordium Thugs","floor":10.0,"turns":7.0},{"damage":16.0,"enemies":"Blue Slaver","floor":11.0,"turns":4.0},{"damage":9.0,"enemies":"Gremlin Nob","floor":12.0,"turns":3.0},{"damage":25.0,"enemies":"3 Louse","floor":14.0,"turns":5.0},{"damage":0,"enemies":"The Guardian","floor":16,"turns":1}],"seed_played":"-5409746045843183581","potions_obtained":[{"floor":4.0,"key":"SkillPotion"},{"floor":6.0,"key":"Fire Potion"},{"floor":10.0,"key":"ElixirPotion"}],"is_trial":false,"path_per_floor":["M","?","$","M","?","E","R","M","T","M","M","E","$","M","R","B"],"character_chosen":"IRONCLAD","items_purchased":["Feel No Pain","Flex","Dark Embrace","Rage"],"campfire_rested":1,"item_purchase_floors":[3,3,13,13],"current_hp_per_floor":[74,63,63,69,58,64,64,63,63,51,41,38,38,21,44,44,44],"gold":66,"neow_bonus":"THREE_ENEMY_KILL","is_daily":false,"chose_seed":false,"campfire_upgraded":1,"win_rate":0.0,"timestamp":1613412964,"path_taken":["M","?","$","M","?","E","R","M","T","?","M","E","$","M","R","BOSS"],"items_purchased_type":["Card","Card","Card","Card"],"build_version":"2020-12-22","purchased_purges":1,"victory":false,"max_hp_per_floor":[75,75,75,75,75,75,75,75,75,75,75,75,75,77,77,77,77],"relic_stats":{"Singing Bowl":2,"counters":[9,26],"Ornamental Fan":[0],"obtain_stats":[{"NeowsBlessing":0,"Singing Bowl":12,"Ornamental Fan":9,"The Courier":6,"Burning Blood":0,"Paper Frog":2},{"NeowsBlessing":0,"Singing Bowl":7,"Ornamental Fan":4,"The Courier":3,"Burning Blood":0,"Paper Frog":1},{"NeowsBlessing":0,"Singing Bowl":20,"Ornamental Fan":6,"The Courier":4,"Burning Blood":0,"Paper Frog":1}],"Burning Blood":48},"card_choices":[{"not_picked":["Clothesline","Combust"],"picked":"Shrug It Off","floor":1.0},{"not_picked":["Warcry","Flex"],"picked":"Battle Trance","floor":4.0},{"not_picked":["Cleave","Bloodletting"],"picked":"Pommel Strike","floor":6.0},{"not_picked":["Flex","Thunderclap"],"picked":"Evolve","floor":8.0},{"not_picked":["Reaper","Rupture"],"picked":"Body Slam","floor":10.0},{"not_picked":["Twin Strike","Sword Boomerang"],"picked":"Spot Weakness","floor":11.0},{"not_picked":["Rampage","Uppercut"],"picked":"Corruption","floor":12.0},{"not_picked":["Metallicize","Inflame","Pommel Strike"],"picked":"Singing Bowl","floor":14.0}],"player_experience":1733066,"relics_obtained":[{"floor":6.0,"key":"The Courier"},{"floor":9.0,"key":"Ornamental Fan"},{"floor":12.0,"key":"Singing Bowl"}],"event_choices":[{"damage_healed":0.0,"max_hp_gain":0.0,"max_hp_loss":0.0,"gold_gain":0.0,"event_name":"Scrap Ooze","player_choice":"Success","floor":2.0,"gold_loss":0.0,"damage_taken":11.0,"relics_obtained":["Paper Frog"]},{"damage_healed":0.0,"max_hp_gain":0.0,"max_hp_loss":0.0,"gold_gain":75.0,"event_name":"World of Goop","player_choice":"Gather Gold","floor":5.0,"gold_loss":0.0,"damage_taken":11.0}],"is_beta":false,"boss_relics":[],"items_purged_floors":[13],"is_endless":false,"potions_floor_spawned":[4,6,8,10],"killed_by":"The Guardian","ascension_level":19}}