{"host":"ftf7rwqr5w72pdsx","time":1613433082,"event":{"mods":["BaseMod","Bestiary","Minty Spire (QoL Compilation)","Relic Stats","Slay the Relics Exporter"],"gold_per_floor":[109,126,126,141,152,152,181,181,230,244,264,278,278,278,278,373,373,390,390,10,10,10,10,29,9,54,54,65,77,105,118,118,219,219,236,255,269,5,22,47,47,73,73,73,106,106,116,143,143,143,143,143,23,53,53,53],"floor_reached":55,"language":"ENG","playtime":3184,"items_purged":[],"score":1315,"play_id":"f9621d12-6f50-4603-8f78-600c8cab57c3","local_time":"20210215175122","is_ascension_mode":true,"campfire_choices":[{"data":"Coolheaded","floor":6.0,"key":"SMITH"},{"data":"Capacitor","floor":8.0,"key":"SMITH"},{"floor":15.0,"key":"REST"},{"data":"Ghostly","floor":23.0,"key":"SMITH"},{"floor":27.0,"key":"REST"},{"data":"Ghostly","floor":32.0,"key":"SMITH"},{"data":"Apotheosis","floor":41.0,"key":"SMITH"},{"floor":44.0,"key":"RECALL"},{"data":"Seek","floor":49.0,"key":"SMITH"},{"data":"Reinforced Body","floor":52,"key":"SMITH"}],"circlet_count":0,"master_deck":["AscendersBane","Defend_B","Defend_B","Defend_B","Defend_B","Zap","Dualcast","Ball Lightning","Static Discharge","Ball Lightning","Coolheaded+1","Capacitor+1","Go for the Eyes+1","Sweeping Beam+1","Reboot","Electrodynamics","Capacitor+1","Bite+1","Bite","Bite","Bite","Bite","Defragment","Necronomicurse","Ghostly+1","Ghostly","Ghostly+1","Ghostly","Ghostly","Conserve Battery","Barrage","Self Repair","Chaos","Doom and Gloom+1","Aggregate+1","Biased Cognition","Hologram+1","Consume+1","Chill+1","Apotheosis+1","Coolheaded","Cold Snap","Aggregate+1","Loop","Steam+1","Seek+1","Reinforced Body+1","Recycle","Leap+1","Consume+1","Force Field","Coolheaded+1"],"relics":["Sozu","The Courier","Inserter","HornCleat","Whetstone","Necronomicon","Bronze Scales","Smiling Mask","Runic Pyramid","Orrery","PreservedInsect","Ancient Tea Set","Eternal Feather","Bottled Tornado","Medical Kit","Vajra"],"acts_visited":["Exordium","TheCity","TheBeyond","TheEnding"],"potions_floor_usage":[],"damage_taken":[{"damage":0.0,"enemies":"Small Slimes","floor":1.0,"turns":3.0},{"damage":0.0,"enemies":"Cultist","floor":2.0,"turns":3.0},{"damage":2.0,"enemies":"Jaw Worm","floor":4.0,"turns":4.0},{"damage":11.0,"enemies":"Blue Slaver","floor":5.0,"turns":3.0},{"damage":25.0,"enemies":"Lagavulin","floor":7.0,"turns":5.0},{"damage":0.0,"enemies":"Large Slime","floor":10.0,"turns":5.0},{"damage":9.0,"enemies":"Exordium Wildlife","floor":11.0,"turns":3.0},{"damage":10.0,"enemies":"Exordium Thugs","floor":12.0,"turns":4.0},{"damage":7.0,"enemies":"The Guardian","floor":16.0,"turns":9.0},{"damage":11.0,"enemies":"3 Byrds","floor":18.0,"turns":4.0},{"damage":19.0,"enemies":"Spheric Guardian","floor":24.0,"turns":4.0},{"damage":2.0,"enemies":"3 Cultists","floor":28.0,"turns":6.0},{"damage":30.0,"enemies":"Cultist and Chosen","floor":29.0,"turns":4.0},{"damage":1.0,"enemies":"Gremlin Leader","floor":30.0,"turns":7.0},{"damage":1.0,"enemies":"Snake Plant","floor":31.0,"turns":5.0},{"damage":13.0,"enemies":"Automaton","floor":33.0,"turns":8.0},{"damage":12.0,"enemies":"3 Shapes","floor":35.0,"turns":2.0},{"damage":23.0,"enemies":"Orb Walker","floor":36.0,"turns":5.0},{"damage":25.0,"enemies":"Writhing Mass","floor":37.0,"turns":7.0},{"damage":2.0,"enemies":"Spire Growth","floor":39.0,"turns":4.0},{"damage":36.0,"enemies":"Nemesis","floor":40.0,"turns":11.0},{"damage":0.0,"enemies":"Giant Head","floor":42.0,"turns":8.0},{"damage":8.0,"enemies":"Nemesis","floor":45.0,"turns":5.0},{"damage":13.0,"enemies":"4 Shapes","floor":47.0,"turns":5.0},{"damage":6.0,"enemies":"Reptomancer","floor":48.0,"turns":8.0},{"damage":35.0,"enemies":"Awakened One","floor":50.0,"turns":15.0},{"damage":24,"enemies":"Shield and Spear","floor":54,"turns":6},{"damage":51,"enemies":"The Heart","floor":55,"turns":2}],"seed_played":"4969506871749787186","potions_obtained":[],"is_trial":false,"path_per_floor":["M","M","?","M","M","R","E","R","T","M","M","M","?","?","R","B",null,"M","?","$","?","?","R","M","$","T","R","M","M","E","M","R","B",null,"M","M","M","$","M","E","R","E","T","R","E","?","M","E","R","B",null,"R","$","E","B"],"character_chosen":"DEFECT","items_purchased":["Defragment","HornCleat","Whetstone","Barrage","Apotheosis","Orrery","Medical Kit"],"campfire_rested":2,"item_purchase_floors":[20,20,20,25,38,38,53],"current_hp_per_floor":[68,68,68,66,55,55,30,30,30,32,25,17,10,10,32,27,63,54,54,54,38,37,37,20,20,20,31,37,11,27,37,37,37,37,32,27,18,18,37,24,24,37,37,37,36,36,35,37,37,30,35,37,37,13,0,0],"gold":53,"neow_bonus":"BOSS_RELIC","is_daily":false,"chose_seed":false,"campfire_upgraded":7,"win_rate":0.0,"timestamp":1613433082,"path_taken":["M","M","?","M","?","R","E","R","T","M","M","M","?","?","R","BOSS","M","?","$","?","?","R","?","?","T","R","M","M","E","M","R","BOSS","M","M","M","$","M","E","R","E","T","R","E","?","?","E","R","BOSS","R","$","E","BOSS"],"items_purchased_type":["Card","Relic","Relic","Card","Card","Relic","Relic"],"build_version":"2020-12-22","purchased_purges":0,"victory":false,"max_hp_per_floor":[75,75,75,75,75,75,75,75,75,75,75,75,75,75,75,75,75,75,75,75,75,37,37,37,37,37,37,37,37,37,37,37,37,37,37,37,37,37,37,37,37,37,37,37,37,37,37,37,37,37,37,37,37,37,37,37],"relic_stats":{"Sozu":13,"Inserter":[47],"counters":[28,155],"Bronze Scales":[401],"Eternal Feather":2,"PreservedInsect":318,"Necronomicon":[12],"Whetstone":["Bite","Sweeping Beam"],"Smiling Mask":0,"Medical Kit":[1],"obtain_stats":[{"Inserter":17,"Vajra":54,"Eternal Feather":45,"The Courier":7,"PreservedInsect":40,"Whetstone":20,"Bottled Tornado":48,"Smiling Mask":30,"Ancient Tea Set":42,"Medical Kit":53,"Sozu":0,"Blood Vial":9,"HornCleat":20,"Bronze Scales":26,"Orrery":38,"Necronomicon":21,"Cracked Core":0,"Runic Pyramid":34},{"Inserter":9,"Vajra":27,"Eternal Feather":23,"The Courier":5,"PreservedInsect":21,"Whetstone":10,"Bottled Tornado":25,"Smiling Mask":14,"Ancient Tea Set":22,"Medical Kit":26,"Sozu":0,"Blood Vial":5,"HornCleat":10,"Bronze Scales":11,"Orrery":19,"Necronomicon":10,"Cracked Core":0,"Runic Pyramid":16},{"Inserter":39,"Vajra":153,"Eternal Feather":119,"The Courier":18,"PreservedInsect":106,"Whetstone":43,"Bottled Tornado":132,"Smiling Mask":64,"Ancient Tea Set":114,"Medical Kit":147,"Sozu":0,"Blood Vial":18,"HornCleat":43,"Bronze Scales":47,"Orrery":91,"Necronomicon":43,"Cracked Core":0,"Runic Pyramid":77}]},"card_choices":[{"not_picked":["Rebound","Beam Cell"],"picked":"Ball Lightning","floor":1.0},{"not_picked":["Barrage","Leap"],"picked":"Static Discharge","floor":2.0},{"not_picked":["Compile Driver","Leap"],"picked":"Ball Lightning","floor":4.0},{"not_picked":["Capacitor","Rip and Tear"],"picked":"Coolheaded","floor":5.0},{"not_picked":["Consume","Leap"],"picked":"Capacitor","floor":7.0},{"not_picked":["Beam Cell","Streamline"],"picked":"Go for the Eyes","floor":10.0},{"not_picked":["Double Energy","Rebound"],"picked":"Sweeping Beam","floor":11.0},{"not_picked":["Melter","Go for the Eyes"],"picked":"Reboot","floor":12.0},{"not_picked":["Rainbow","Amplify"],"picked":"Electrodynamics","floor":16.0},{"not_picked":["Steam","Heatsinks+1"],"picked":"Capacitor+1","floor":18.0},{"not_picked":["Gash+1","Double Energy"],"picked":"Conserve Battery","floor":24.0},{"not_picked":["Gash+1","Hologram+1"],"picked":"Self Repair","floor":28.0},{"not_picked":["Steam","Rip and Tear"],"picked":"Chaos","floor":29.0},{"not_picked":["Rebound","Compile Driver"],"picked":"Doom and Gloom+1","floor":30.0},{"not_picked":["Beam Cell","Reprogram+1"],"picked":"Aggregate+1","floor":31.0},{"not_picked":["All For One","Buffer"],"picked":"Biased Cognition","floor":33.0},{"not_picked":["Gash+1","Heatsinks"],"picked":"Hologram+1","floor":35.0},{"not_picked":["Coolheaded+1","Fusion"],"picked":"Consume+1","floor":36.0},{"not_picked":["Rebound+1","Redo+1"],"picked":"Chill+1","floor":37.0},{"not_picked":["Chill+1","Capacitor+1"],"picked":"Coolheaded","floor":38.0},{"not_picked":["Buffer","White Noise"],"picked":"Cold Snap","floor":38.0},{"not_picked":["Doom and Gloom","Scrape+1"],"picked":"Aggregate+1","floor":38.0},{"not_picked":["Streamline+1","Genetic Algorithm+1"],"picked":"Loop","floor":38.0},{"not_picked":["Beam Cell","Streamline+1"],"picked":"Steam+1","floor":38.0},{"not_picked":["Conserve Battery+1","Coolheaded+1"],"picked":"Seek","floor":39.0},{"not_picked":["Buffer","Compile Driver+1"],"picked":"Reinforced Body","floor":40.0},{"not_picked":["Steam Power","Scrape+1"],"picked":"Recycle","floor":42.0},{"not_picked":["Gash","Rebound"],"picked":"Leap+1","floor":45.0},{"not_picked":["Conserve Battery+1","Compile Driver+1"],"picked":"Consume+1","floor":47.0},{"not_picked":["Compile Driver","Barrage"],"picked":"Force Field","floor":48.0},{"not_picked":["Loop+1","Conserve Battery"],"picked":"Coolheaded+1","floor":54}],"player_experience":814874,"relics_obtained":[{"floor":7.0,"key":"The Courier"},{"floor":9.0,"key":"Blood Vial"},{"floor":21.0,"key":"Necronomicon"},{"floor":26.0,"key":"Bronze Scales"},{"floor":30.0,"key":"Smiling Mask"},{"floor":40.0,"key":"PreservedInsect"},{"floor":42.0,"key":"Ancient Tea Set"},{"floor":45.0,"key":"Eternal Feather"},{"floor":48.0,"key":"Bottled Tornado"},{"floor":54,"key":"Vajra"}],"event_choices":[{"damage_healed":0.0,"max_hp_gain":0.0,"max_hp_loss":0.0,"gold_gain":0.0,"event_name":"Lab","player_choice":"Got Potions","floor":3.0,"gold_loss":0.0,"damage_taken":0.0},{"cards_removed":["Strike_B"],"damage_healed":0.0,"max_hp_gain":0.0,"max_hp_loss":0.0,"gold_gain":0.0,"event_name":"Golden Wing","player_choice":"Card Removal","floor":13.0,"gold_loss":0.0,"damage_taken":7.0},{"damage_healed":0.0,"max_hp_gain":0.0,"max_hp_loss":0.0,"gold_gain":0.0,"event_name":"Living Wall","player_choice":"Grow","floor":14.0,"gold_loss":0.0,"damage_taken":0.0,"cards_upgraded":["Go for the Eyes"]},{"damage_healed":0.0,"max_hp_gain":0.0,"max_hp_loss":0.0,"gold_gain":0.0,"event_name":"Vampires","player_choice":"Became a vampire (Vial)","floor":19.0,"relics_lost":["Blood Vial"],"gold_loss":0.0,"damage_taken":0.0,"cards_obtained":["Bite","Bite","Bite","Bite","Bite"]},{"damage_healed":0.0,"max_hp_gain":0.0,"max_hp_loss":0.0,"gold_gain":0.0,"event_name":"Cursed Tome","player_choice":"Obtained Book","floor":21.0,"gold_loss":0.0,"damage_taken":16.0},{"damage_healed":0.0,"max_hp_gain":0.0,"max_hp_loss":38.0,"gold_gain":0.0,"event_name":"Ghosts","player_choice":"Became a Ghost","floor":22.0,"gold_loss":0.0,"damage_taken":0.0,"cards_obtained":["Ghostly","Ghostly","Ghostly","Ghostly","Ghostly"]},{"damage_healed":0.0,"max_hp_gain":0.0,"max_hp_loss":0.0,"gold_gain":0.0,"event_name":"The Woman in Blue","player_choice":"Bought 0 Potions","floor":46.0,"gold_loss":0.0,"damage_taken":0.0}],"is_beta":false,"boss_relics":[{"not_picked":["Coffee Dripper","SacredBark"],"picked":"Inserter"},{"not_picked":["Calling Bell","Busted Crown"],"picked":"Runic Pyramid"}],"items_purged_floors":[],"is_endless":false,"potions_floor_spawned":[2,4,7,18,28,36,39,42,47,48],"killed_by":"The Heart","ascension_level":11}}