{"host":"z2r47mjvjk8xjm2k","time":1613401579,"event":{"mods":["Act Like it!","BaseMod","Colored Map","Downfall","KinomotoSakuraMod(ƒæ÷Æ±æ”£)","Koishi","Marisa£®ÏF”Í°°ƒß¿Ì…≥£©","Minty Spire (QoL Compilation)","Reimu£®≤©¿ˆ¡È√Œ£©","Replay The Spire","StSLib","The Jungle","Yakumo Yukari mod"],"gold_per_floor":[114,168,178,178,188,199,108,137,137,152,169,169,232,246,246,303,303,323,302,312,152,152,152,112,112],"floor_reached":24,"language":"ZHS","playtime":3080,"items_purged":["ReplayTheSpireMod:Restless Dread"],"score":200,"play_id":"6ce08f70-3643-4ade-b6d3-ff434d99b7ed","local_time":"20210215230619","is_ascension_mode":false,"campfire_choices":[{"data":"SpringWay:ReiMu","floor":12,"key":"SMITH"},{"data":"Free:ReiMu","floor":15,"key":"SMITH"},{"floor":23,"key":"DIG"}],"circlet_count":0,"master_deck":["Strike_Lin:ReiMu","Strike_Lin:ReiMu","Strike_Lin:ReiMu","Defend_Lin:ReiMu","Defend_Lin:ReiMu","Defend_Lin:ReiMu","Defend_Lin:ReiMu","NB:ReiMu","Stagnation:ReiMu","CareerPray:ReiMu","Enchanting:ReiMu","SubAcupoint:ReiMu","RainPray2:ReiMu","OctopathSalyBorderN:ReiMu","EmergencyTakeOff:ReiMu","Amulet:ReiMu","PrepareRite:ReiMu","Conquer:ReiMu","DependentForm:ReiMu","CareerPray:ReiMu","SpringWay:ReiMu+1","BarrageOfMoneybags:ReiMu","Free:ReiMu+1","KamiRite:ReiMu","Voices","Spreading Infection","WonderfulDomain:ReiMu","SubcavityInstant:ReiMu+1","Authority:ReiMu","Good Instincts","RitualDagger"],"relics":["FlyPower:ReiMu","Pen Nib","Replay:Rubber Ducky","Replay:Accelerometer","Mirror","Replay:Ancient Bell","Replay:Baseball","BodyOfKamiR:ReiMu","Shovel","Ancient Tea Set"],"acts_visited":["Exordium","TheCity"],"potions_floor_usage":[19,19],"damage_taken":[{"damage":0.0,"enemies":"Small Slimes","floor":1.0,"turns":5.0},{"damage":4.0,"enemies":"Jaw Worm","floor":3.0,"turns":6.0},{"damage":0.0,"enemies":"Cultist","floor":5.0,"turns":2.0},{"damage":9.0,"enemies":"Red Slaver","floor":6.0,"turns":3.0},{"damage":1.0,"enemies":"Gremlin Nob","floor":8.0,"turns":4.0},{"damage":0,"enemies":"Blue Slaver","floor":10,"turns":4},{"damage":0,"enemies":"Large Slime","floor":11,"turns":4},{"damage":4,"enemies":"Lagavulin Event","floor":13,"turns":5},{"damage":0,"enemies":"Gremlin Gang","floor":14,"turns":1},{"damage":20,"enemies":"Hexaghost","floor":16,"turns":10},{"damage":0,"enemies":"Shell Parasite","floor":18,"turns":3},{"damage":5,"enemies":"2 Thieves","floor":19,"turns":3},{"damage":2,"enemies":"Snake Plant","floor":20,"turns":5},{"damage":52,"enemies":"Book of Stabbing","floor":24,"turns":5}],"seed_played":"-2939671059457181107","potions_obtained":[{"floor":2.0,"key":"GamblersBrew"},{"floor":5.0,"key":"Fire Potion"},{"floor":8,"key":"DuplicationPotion"},{"floor":20,"key":"SpeedPotion"}],"is_trial":false,"path_per_floor":["M","?","M","?","M","M","$","E","T","M","M","R","?","M","R","B",null,"M","M","M","$","?","R","E"],"character_chosen":"REIMU","items_purchased":["PrepareRite:ReiMu","Conquer:ReiMu","Good Instincts"],"campfire_rested":0,"item_purchase_floors":[7,7,21],"current_hp_per_floor":[71,71,67,67,67,58,58,57,57,57,57,57,53,53,53,33,71,71,66,64,64,58,58,6,6],"gold":112,"neow_bonus":"TEN_PERCENT_HP_BONUS","is_daily":false,"chose_seed":false,"campfire_upgraded":2,"win_rate":0.0,"timestamp":1613401579,"path_taken":["M","?","M","?","?","M","?","E","T","M","M","R","?","M","R","BOSS","M","M","M","$","?","R","E"],"items_purchased_type":["Card","Card","Card"],"build_version":"2020-12-22","purchased_purges":1,"victory":false,"max_hp_per_floor":[71,71,71,71,71,71,71,71,71,71,71,71,71,71,71,71,71,71,71,71,71,71,71,71,71],"card_choices":[{"not_picked":["SafetyPray:ReiMu","TightArray:ReiMu"],"picked":"CareerPray:ReiMu","floor":1.0},{"not_picked":["SpiritualOutbreak2:ReiMu","SpreadBorder2:ReiMu"],"picked":"Enchanting:ReiMu","floor":2.0},{"not_picked":["OrbThrow:ReiMu","SafetyPray:ReiMu"],"picked":"SubAcupoint:ReiMu","floor":2.0},{"not_picked":["MikOfLucky:ReiMu","MountainWay:ReiMu"],"picked":"RainPray2:ReiMu","floor":3.0},{"not_picked":["DependentForm:ReiMu","Revelation:ReiMu"],"picked":"EmergencyTakeOff:ReiMu","floor":5.0},{"not_picked":["Enchanting:ReiMu","OrbThrow:ReiMu"],"picked":"Amulet:ReiMu","floor":6.0},{"not_picked":["SubAcupoint:ReiMu","LovePray:ReiMu"],"picked":"DependentForm:ReiMu","floor":8},{"not_picked":["Enchanting:ReiMu","Amulet:ReiMu"],"picked":"CareerPray:ReiMu","floor":10},{"not_picked":["SubAcupoint:ReiMu","ForcedLanding:ReiMu"],"picked":"SpringWay:ReiMu","floor":11},{"not_picked":["Intuition:ReiMu","WonderfulDomain:ReiMu"],"picked":"BarrageOfMoneybags:ReiMu","floor":13},{"not_picked":["SafetyPray:ReiMu","Mountainwind:ReiMu"],"picked":"Free:ReiMu","floor":14},{"not_picked":["OctopathSalyBorderN:ReiMu","Authority:ReiMu"],"picked":"KamiRite:ReiMu","floor":16},{"not_picked":["Writhe","AbeCurse"],"picked":"Voices","floor":17},{"not_picked":["Wraith","Amnesia"],"picked":"Spreading Infection","floor":17},{"not_picked":["Wraith","Shame"],"picked":"ReplayTheSpireMod:Restless Dread","floor":17},{"not_picked":["Intuition:ReiMu","AirStrike:ReiMu"],"picked":"WonderfulDomain:ReiMu","floor":18},{"not_picked":["NineCharacters:ReiMu","EmergencyTakeOff:ReiMu"],"picked":"SubcavityInstant:ReiMu+1","floor":19},{"not_picked":["InherentArray:ReiMu+1","SpringWay:ReiMu+1"],"picked":"Authority:ReiMu","floor":20}],"player_experience":494592,"relics_obtained":[{"floor":2.0,"key":"Pen Nib"},{"floor":8,"key":"Replay:Rubber Ducky"},{"floor":9,"key":"Replay:Accelerometer"},{"floor":13,"key":"Mirror"},{"floor":23,"key":"Ancient Tea Set"}],"event_choices":[{"damage_healed":0.0,"max_hp_gain":0.0,"max_hp_loss":0.0,"gold_gain":0.0,"cards_transformed":["Strike_Lin:ReiMu"],"event_name":"Transmorgrifier","player_choice":"Transformed","floor":4.0,"gold_loss":0.0,"damage_taken":0.0,"cards_obtained":["OctopathSalyBorderN:ReiMu"]},{"damage_healed":0,"gold_gain":30,"player_choice":"Searched \u00273\u0027 times","damage_taken":0,"max_hp_gain":0,"max_hp_loss":0,"event_name":"Dead Adventurer","floor":13,"gold_loss":0},{"damage_healed":0,"gold_gain":0,"player_choice":"Joined the Cult","damage_taken":6,"max_hp_gain":0,"max_hp_loss":0,"event_name":"Nest","floor":22,"gold_loss":0,"cards_obtained":["RitualDagger"]}],"is_beta":false,"boss_relics":[{"not_picked":["Replay:Drink Me","Ectoplasm"],"picked":"Replay:Ancient Bell"},{"not_picked":["Boot","Bag of Preparation"],"picked":"Replay:Baseball"},{"not_picked":["HornCleat","Onion Ring"],"picked":"BodyOfKamiR:ReiMu"},{"not_picked":["Du-Vu Doll","Peace Pipe"],"picked":"Shovel"}],"items_purged_floors":[21],"is_endless":false,"potions_floor_spawned":[5,8,10,16,20],"killed_by":"Book of Stabbing","ascension_level":0}}