{"host":"6q94iy5iz6612v89","time":1613348900,"event":{"mods":["2.2 Compatiblity","AchievementEnabler","BaseMod","Colored Map","DeckTracker","Keyboard Shortcuts","Minty Spire (QoL Compilation)","Permanent Neow","StSLib","SuperFastMode"],"gold_per_floor":[109,122,122,132,149,175,175,203,203,203,218,218,143,68,68,142,142,156,156,175,375,389,389,419,419,419,434,451,482,302,333,333,410,410,423,423,441,441,460,494,507,532,532,542,542,576,589,22,22,22,22,22,22,22,49,49],"floor_reached":57,"language":"KOR","playtime":1694,"items_purged":["Strike_R","Strike_R+1","Strike_R+1"],"score":3324,"play_id":"f7061c19-2004-4819-832d-c2e7b66afd4f","local_time":"20210215092820","is_ascension_mode":true,"campfire_choices":[{"data":"Sword Boomerang","floor":7,"key":"SMITH"},{"data":"1","floor":10,"key":"LIFT"},{"data":"2","floor":12,"key":"LIFT"},{"data":"3","floor":15,"key":"LIFT"},{"data":"Heavy Blade","floor":23,"key":"SMITH"},{"data":"Corruption","floor":25,"key":"SMITH"},{"floor":32,"key":"RECALL"},{"floor":45,"key":"REST"},{"data":"Impervious","floor":49,"key":"SMITH"},{"data":"Impervious","floor":53,"key":"SMITH"}],"circlet_count":0,"master_deck":["AscendersBane","Strike_R+1","Defend_R+1","Defend_R+1","Defend_R+1","Defend_R+1","Bash","Entrench","Inflame+1","Sword Boomerang+1","Cleave","Impervious+1","Heavy Blade+1","Uppercut","Corruption+1","Shrug It Off+1","Evolve","Barricade","Havoc+1","Impervious+1"],"relics":["Burning Blood","Ancient Tea Set","Girya","Dead Branch","Busted Crown","Unceasing Top","Paper Frog","Bag of Preparation","StrikeDummy","Snecko Eye","Boot","Red Skull","FossilizedHelix","Pear","DollysMirror","White Beast Statue"],"acts_visited":["Exordium","TheCity","TheBeyond","TheEnding"],"potions_floor_usage":[6,16,29,33,42,56,56],"damage_taken":[{"damage":7.0,"enemies":"Small Slimes","floor":1.0,"turns":5.0},{"damage":6.0,"enemies":"Cultist","floor":2.0,"turns":3.0},{"damage":4.0,"enemies":"Jaw Worm","floor":4.0,"turns":5.0},{"damage":5.0,"enemies":"Exordium Wildlife","floor":5.0,"turns":3.0},{"damage":26,"enemies":"Gremlin Nob","floor":6,"turns":4},{"damage":15,"enemies":"Lagavulin","floor":8,"turns":5},{"damage":0,"enemies":"2 Fungi Beasts","floor":11,"turns":2},{"damage":39,"enemies":"The Guardian","floor":16,"turns":10},{"damage":11,"enemies":"Spheric Guardian","floor":18,"turns":3},{"damage":0,"enemies":"Chosen","floor":20,"turns":3},{"damage":3,"enemies":"Centurion and Healer","floor":22,"turns":5},{"damage":2,"enemies":"Gremlin Leader","floor":24,"turns":3},{"damage":22,"enemies":"Sentry and Sphere","floor":27,"turns":4},{"damage":6,"enemies":"3 Cultists","floor":28,"turns":3},{"damage":3,"enemies":"Book of Stabbing","floor":29,"turns":4},{"damage":0,"enemies":"Gremlin Leader","floor":31,"turns":3},{"damage":55,"enemies":"Automaton","floor":33,"turns":7},{"damage":14,"enemies":"3 Darklings","floor":35,"turns":4},{"damage":0,"enemies":"3 Shapes","floor":37,"turns":3},{"damage":14,"enemies":"Spire Growth","floor":39,"turns":3},{"damage":1,"enemies":"Giant Head","floor":40,"turns":4},{"damage":0,"enemies":"Maw","floor":41,"turns":4},{"damage":41,"enemies":"Reptomancer","floor":42,"turns":5},{"damage":0,"enemies":"Jaw Worm Horde","floor":44,"turns":2},{"damage":0,"enemies":"Giant Head","floor":46,"turns":5},{"damage":0,"enemies":"4 Shapes","floor":47,"turns":3},{"damage":0,"enemies":"Awakened One","floor":50,"turns":9},{"damage":11,"enemies":"Time Eater","floor":51,"turns":9},{"damage":26,"enemies":"Shield and Spear","floor":55,"turns":8},{"damage":12,"enemies":"The Heart","floor":56,"turns":8}],"seed_played":"-5340611380212182808","potions_obtained":[{"floor":0.0,"key":"PowerPotion"},{"floor":0.0,"key":"BloodPotion"},{"floor":11,"key":"DistilledChaos"},{"floor":20,"key":"Regen Potion"},{"floor":31,"key":"SpeedPotion"},{"floor":33,"key":"ColorlessPotion"},{"floor":42,"key":"Fire Potion"},{"floor":44,"key":"HeartOfIron"}],"is_trial":false,"path_per_floor":["M","M","?","M","M","E","R","E","T","R","M","R","?","$","R","B",null,"M","?","M","?","M","R","E","R","T","M","M","E","$","E","R","B",null,"M","?","M","?","M","E","M","E","T","M","R","E","M","$","R","B","B",null,"R","$","E","B",null],"character_chosen":"IRONCLAD","items_purchased":["Evolve","Pear","DollysMirror"],"campfire_rested":1,"item_purchase_floors":[30,48,48],"current_hp_per_floor":[67,67,67,69,70,50,50,41,41,41,47,47,47,47,47,14,60,55,55,61,61,64,64,68,68,68,52,52,67,67,73,73,39,66,58,58,64,64,56,61,67,32,32,38,59,65,71,81,81,81,76,80,80,80,60,54],"gold":49,"neow_bonus":"THREE_SMALL_POTIONS","is_daily":false,"chose_seed":false,"campfire_upgraded":5,"win_rate":0.0,"timestamp":1613348900,"path_taken":["M","M","?","M","?","E","R","E","T","R","M","R","?","$","R","BOSS","M","?","M","?","M","R","E","R","T","M","M","E","$","E","R","BOSS","M","?","M","?","M","E","M","E","T","M","R","E","M","?","R","BOSS","BOSS","R","$","E","BOSS"],"items_purchased_type":["Card","Relic","Relic"],"build_version":"2020-12-22","purchased_purges":3,"victory":true,"max_hp_per_floor":[75,75,75,75,75,75,75,75,75,75,75,75,75,75,75,75,75,75,75,75,75,75,75,75,75,75,75,75,75,75,75,75,75,75,75,71,71,71,71,71,71,71,71,71,71,71,71,81,81,81,81,81,81,81,81,81],"card_choices":[{"not_picked":["True Grit","Flex"],"picked":"Entrench","floor":1.0},{"not_picked":["Thunderclap","Havoc"],"picked":"Inflame","floor":2.0},{"not_picked":["Disarm","Rampage"],"picked":"Sword Boomerang","floor":4.0},{"not_picked":["Spot Weakness","Body Slam"],"picked":"Cleave","floor":5},{"not_picked":["Burning Pact","Fire Breathing"],"picked":"Impervious","floor":6},{"not_picked":["Sword Boomerang","Feel No Pain"],"picked":"Heavy Blade","floor":8},{"not_picked":["Wild Strike","Havoc"],"picked":"Uppercut","floor":11},{"not_picked":["Impervious","Bludgeon"],"picked":"Corruption","floor":16},{"not_picked":["Thunderclap"],"picked":"SKIP","floor":18},{"not_picked":["Iron Wave"],"picked":"SKIP","floor":20},{"not_picked":["Blood for Blood"],"picked":"SKIP","floor":22},{"not_picked":["Corruption"],"picked":"SKIP","floor":24},{"not_picked":["Inflame"],"picked":"SKIP","floor":27},{"not_picked":[],"picked":"Shrug It Off+1","floor":28},{"not_picked":["Wild Strike"],"picked":"SKIP","floor":29},{"not_picked":["Body Slam"],"picked":"SKIP","floor":31},{"not_picked":[],"picked":"Barricade","floor":33},{"not_picked":["Clash"],"picked":"SKIP","floor":35},{"not_picked":["Sword Boomerang"],"picked":"SKIP","floor":37},{"not_picked":["Clash+1"],"picked":"SKIP","floor":39},{"not_picked":["Ghostly Armor+1"],"picked":"SKIP","floor":40},{"not_picked":[],"picked":"Havoc+1","floor":41},{"not_picked":["Iron Wave+1"],"picked":"SKIP","floor":42},{"not_picked":["Cleave"],"picked":"SKIP","floor":44},{"not_picked":["Berserk"],"picked":"SKIP","floor":46},{"not_picked":["Flex+1"],"picked":"SKIP","floor":47},{"not_picked":["Reckless Charge"],"picked":"SKIP","floor":55}],"player_experience":1484581,"relics_obtained":[{"floor":6,"key":"Ancient Tea Set"},{"floor":8,"key":"Girya"},{"floor":9,"key":"Dead Branch"},{"floor":24,"key":"Unceasing Top"},{"floor":26,"key":"Paper Frog"},{"floor":29,"key":"Bag of Preparation"},{"floor":31,"key":"StrikeDummy"},{"floor":40,"key":"Boot"},{"floor":42,"key":"Red Skull"},{"floor":46,"key":"FossilizedHelix"},{"floor":55,"key":"White Beast Statue"}],"event_choices":[{"damage_healed":0.0,"max_hp_gain":0.0,"max_hp_loss":0.0,"gold_gain":0.0,"event_name":"Accursed Blacksmith","player_choice":"Forge","floor":3.0,"gold_loss":0.0,"damage_taken":0.0,"cards_upgraded":["Inflame"]},{"cards_removed":["Strike_R"],"damage_healed":0,"gold_gain":0,"player_choice":"Card Removal","damage_taken":0,"max_hp_gain":0,"max_hp_loss":0,"event_name":"The Cleric","floor":13,"gold_loss":75},{"damage_healed":0,"gold_gain":0,"player_choice":"Simplicity","damage_taken":0,"max_hp_gain":0,"max_hp_loss":0,"event_name":"Back to Basics","floor":19,"gold_loss":0,"cards_upgraded":["Strike_R","Strike_R","Strike_R","Defend_R","Defend_R","Defend_R","Defend_R"]},{"damage_healed":0,"gold_gain":250,"player_choice":"Bet on Owner","damage_taken":0,"max_hp_gain":0,"max_hp_loss":0,"event_name":"The Joust","floor":21,"gold_loss":50},{"damage_healed":0,"gold_gain":0,"player_choice":"Max HP","damage_taken":0,"max_hp_gain":0,"max_hp_loss":4,"event_name":"Winding Halls","floor":36,"gold_loss":0},{"damage_healed":0,"gold_gain":0,"player_choice":"Memory 1","damage_taken":0,"max_hp_gain":0,"max_hp_loss":0,"event_name":"SensoryStone","floor":38,"gold_loss":0}],"is_beta":false,"boss_relics":[{"not_picked":["Black Star","Runic Pyramid"],"picked":"Busted Crown"},{"not_picked":["Black Blood","Cursed Key"],"picked":"Snecko Eye"}],"items_purged_floors":[14,30,48],"is_endless":false,"potions_floor_spawned":[4,5,11,20,22,24,31,33,40,42,44,55],"ascension_level":20}}