{"host":"iq8y45rd2spacc1d","time":1613382718,"event":{"mods":["Aspiration","BaseMod","DeckTracker","GifTheSpireLib","Halation","Hermit","Hubris","Infinite Spire","Minty Spire (QoL Compilation)","Replay The Spire","StSLib","The Bug Knight","The Cursed","The Disciple"],"gold_per_floor":[111,111,111,111,124,154,154,11,11,11,11,36,36,62,62,164,164,176,176,176,176,191,191,191,191,239,254,280,280,280,313,313,313,313],"floor_reached":33,"language":"ENG","playtime":2159,"items_purged":[],"score":499,"play_id":"27f60da7-e537-40db-ba2b-96deef518ad9","local_time":"20210215105158","is_ascension_mode":true,"campfire_choices":[{"data":"infinitespire:Oblivion","floor":7,"key":"SMITH"},{"data":"Parity","floor":13,"key":"SMITH"},{"data":"BeatsPerMinute","floor":15,"key":"SMITH"},{"data":"Keepsakes","floor":23,"key":"SMITH"},{"data":"ReapSow","floor":29,"key":"SMITH"},{"data":"Hallucinations","floor":32,"key":"PURGE"}],"circlet_count":0,"master_deck":["Allargando+1","Keepsakes+1","Strike_Br+1","Strike_Br+1","Strike_Br+1","Strike_Br+1","Defend_Br+1","Defend_Br+1","Defend_Br+1","Defend_Br+1","SecondHand","PatternShift","Parity+1","infinitespire:Oblivion+1","Keepsakes+1","ExoVibe","PrimeTime","BeatsPerMinute+1","SwitchThreat","CommonCold","ReapSow+4","ReapSow+1","LockedScales+1"],"relics":["Chronometer","NeowsBlessing","aspiration:HummingbirdHeart","Replay:Baseball","Sling","PreservedInsect","aspiration:BabyByrd","Snack Pack","infinitespire:PuzzleCube","Singing Bowl","Replay:Ancient Bell","Juzu Bracelet","Onion Ring","aspiration:DSix","aspiration:RitualStick","Bag of Preparation","Replay:Wax Seal","ReplayTheSpireMod:TigerMarble","infinitespire:BottledMercury"],"acts_visited":["Exordium","TheCity"],"potions_floor_usage":[18,28,33,33],"damage_taken":[{"damage":0,"enemies":"2 Louse","floor":1,"turns":2},{"damage":0,"enemies":"Cultist","floor":5,"turns":1},{"damage":0,"enemies":"3 Sentries","floor":6,"turns":1},{"damage":0,"enemies":"Replay:BlueRogue","floor":12,"turns":2},{"damage":0,"enemies":"3 Sentries","floor":14,"turns":2},{"damage":34,"enemies":"Fading Forest","floor":16,"turns":11},{"damage":8,"enemies":"3 Byrds","floor":18,"turns":5},{"damage":0,"enemies":"Chosen","floor":22,"turns":4},{"damage":7,"enemies":"Centurion and Healer","floor":27,"turns":3},{"damage":4,"enemies":"Gremlin Leader","floor":28,"turns":3},{"damage":0,"enemies":"Book of Stabbing","floor":31,"turns":2},{"damage":56,"enemies":"hubris:MusketHawk","floor":33,"turns":7}],"seed_played":"2717472212486901545","potions_obtained":[{"floor":1,"key":"HastePotion"},{"floor":5,"key":"Strength Potion"},{"floor":6,"key":"LifebloodPotion"},{"floor":12,"key":"Fire Potion"},{"floor":27,"key":"Fruit Juice"},{"floor":31,"key":"Energy Potion"}],"is_trial":false,"path_per_floor":["M","?","T","$","M","E","R","$","T","?","T","E","R","E","R","B",null,"M","?","?","?","M","R","?","?","T","M","E","R","?","E","R","B"],"character_chosen":"CHRONO_CLASS","items_purchased":["Sling"],"campfire_rested":0,"item_purchase_floors":[8],"current_hp_per_floor":[65,49,49,49,49,49,49,49,49,49,49,53,53,55,55,33,67,64,64,64,51,55,55,55,43,43,38,41,41,41,45,45,0,0],"gold":313,"neow_bonus":"THREE_ENEMY_KILL","is_daily":false,"chose_seed":false,"campfire_upgraded":5,"win_rate":0.0,"timestamp":1613382718,"path_taken":["M","?","?","$","M","E","R","?","T","?","?","E","R","E","R","BOSS","M","?","?","?","M","R","?","?","T","M","E","R","?","E","R","BOSS"],"items_purchased_type":["Relic"],"build_version":"2020-12-22","purchased_purges":0,"victory":false,"max_hp_per_floor":[65,65,65,65,65,65,65,65,65,65,65,65,65,65,65,67,67,67,67,67,67,69,69,69,74,74,74,79,79,79,81,81,81,81],"card_choices":[{"not_picked":["LockedMedicine","AlternateTimeline"],"picked":"Parity","floor":1},{"not_picked":["ReplayTheSpireMod:Chaos Vortex","infinitespire:SevenWalls"],"picked":"infinitespire:Oblivion","floor":2},{"not_picked":["WindUp","Echoward"],"picked":"Keepsakes","floor":5},{"not_picked":["MasterKey","TiringSlam"],"picked":"ExoVibe","floor":6},{"not_picked":["Goo","LockedAnchor"],"picked":"PrimeTime","floor":12},{"not_picked":["Echoward","Keepsakes"],"picked":"BeatsPerMinute","floor":14},{"not_picked":["LockedLightning","LockedFlame","OracleForm"],"picked":"Singing Bowl","floor":16},{"not_picked":["Amnesia","Pain"],"picked":"SwitchThreat","floor":17},{"not_picked":["Looming Evil","Delirium"],"picked":"CommonCold","floor":17},{"not_picked":["SwitchConfidence","ReplayTheSpireMod:Restless Dread"],"picked":"Hallucinations","floor":17},{"not_picked":["TiringSlam","CrunchTime"],"picked":"ReapSow","floor":18},{"not_picked":["LockedScales","EscortCommand","LockedBlood"],"picked":"Singing Bowl","floor":22},{"not_picked":["LockedMercury","BiteCommand"],"picked":"ReapSow+1","floor":27},{"not_picked":["BiteCommand","PrimeTime"],"picked":"LockedScales+1","floor":28},{"not_picked":["BeatsPerMinute","CrunchTime+1","BlueShift"],"picked":"Singing Bowl","floor":31}],"player_experience":339222,"relics_obtained":[{"floor":3,"key":"aspiration:HummingbirdHeart"},{"floor":6,"key":"Replay:Baseball"},{"floor":9,"key":"PreservedInsect"},{"floor":11,"key":"Snack Pack"},{"floor":12,"key":"infinitespire:PuzzleCube"},{"floor":14,"key":"Singing Bowl"},{"floor":26,"key":"Replay:Wax Seal"},{"floor":28,"key":"ReplayTheSpireMod:TigerMarble"},{"floor":31,"key":"infinitespire:BottledMercury"}],"event_choices":[{"damage_healed":0,"gold_gain":0,"player_choice":"Ignored","damage_taken":0,"max_hp_gain":0,"max_hp_loss":0,"event_name":"Vampires","floor":20,"gold_loss":0},{"damage_healed":0,"gold_gain":0,"player_choice":"Gave Potion","damage_taken":0,"relics_obtained":["Bag of Preparation"],"max_hp_gain":0,"max_hp_loss":0,"event_name":"WeMeetAgain","floor":24,"gold_loss":0},{"damage_healed":0,"gold_gain":0,"player_choice":"Shed Blood","damage_taken":17,"max_hp_gain":5,"max_hp_loss":0,"event_name":"Forgotten Altar","floor":25,"gold_loss":0},{"damage_healed":0,"gold_gain":0,"player_choice":"Simplicity","damage_taken":0,"max_hp_gain":0,"max_hp_loss":0,"event_name":"Back to Basics","floor":30,"gold_loss":0,"cards_upgraded":["Strike_Br","Strike_Br","Strike_Br","Strike_Br","Defend_Br","Defend_Br","Defend_Br","Defend_Br"]}],"is_beta":false,"boss_relics":[{"not_picked":["aspiration:DefectSkillbook","Cursed Key"],"picked":"Replay:Ancient Bell"},{"not_picked":["Boot","Omamori"],"picked":"Juzu Bracelet"},{"not_picked":["hubris:Reverence","Mirror"],"picked":"Onion Ring"},{"not_picked":["Peace Pipe","Replay:Kaleidoscope"],"picked":"aspiration:DSix"}],"items_purged_floors":[],"is_endless":false,"potions_floor_spawned":[1,5,6,12,27,31],"killed_by":"hubris:MusketHawk","ascension_level":4}}