{"host":"6406jj8da6015sxr","time":1613373366,"event":{"mods":["AchievementEnabler","BaseMod","Colored Map","DeckTracker","Minty Spire (QoL Compilation)","Permanent Neow","SuperFastMode","everything is the same but u backflip on backflip"],"gold_per_floor":[116,136,211,224,224,237,237,47,74,74,92,92,109,128,128,228,228,246,258,270,270,32,32,57,57,57,71,71,102,121,121,121],"floor_reached":31,"language":"KOR","playtime":1236,"items_purged":[],"score":294,"play_id":"3e931aeb-f03c-4123-a923-e91e81089faf","local_time":"20210215161606","is_ascension_mode":false,"campfire_choices":[{"data":"Poisoned Stab","floor":7,"key":"SMITH"},{"data":"Noxious Fumes","floor":10,"key":"SMITH"},{"data":"Deadly Poison","floor":12,"key":"SMITH"},{"data":"Bouncing Flask","floor":15,"key":"SMITH"},{"data":"After Image","floor":23,"key":"SMITH"},{"floor":28,"key":"REST"}],"circlet_count":0,"master_deck":["Strike_G","Defend_G","Defend_G","Defend_G","Defend_G","Defend_G","Survivor","Neutralize","Prepared","Escape Plan","Backflip","Cloak And Dagger","Deadly Poison+1","Poisoned Stab+1","Tactician","Dash","Noxious Fumes+1","PiercingWail","Bouncing Flask","Bouncing Flask+1","After Image+1","Catalyst+1","Catalyst","Concentrate+1","Expertise","Backflip+1","PiercingWail","PiercingWail+1","Cloak And Dagger+1"],"relics":["Ring of the Snake","Oddly Smooth Stone","Pen Nib","Empty Cage","Frozen Egg 2","PreservedInsect","Prayer Wheel","Shovel"],"acts_visited":["Exordium","TheCity"],"potions_floor_usage":[24,27,31,31],"damage_taken":[{"damage":2,"enemies":"2 Louse","floor":1,"turns":3},{"damage":0,"enemies":"Cultist","floor":2,"turns":5},{"damage":2,"enemies":"Small Slimes","floor":4,"turns":5},{"damage":0,"enemies":"2 Fungi Beasts","floor":6,"turns":4},{"damage":0,"enemies":"3 Louse","floor":11,"turns":3},{"damage":0,"enemies":"Large Slime","floor":13,"turns":5},{"damage":0,"enemies":"Exordium Thugs","floor":14,"turns":3},{"damage":14,"enemies":"The Guardian","floor":16,"turns":9},{"damage":0,"enemies":"Spheric Guardian","floor":18,"turns":3},{"damage":13,"enemies":"3 Byrds","floor":19,"turns":4},{"damage":0,"enemies":"Centurion and Healer","floor":20,"turns":7},{"damage":23,"enemies":"Gremlin Leader","floor":24,"turns":5},{"damage":12,"enemies":"Snecko","floor":27,"turns":4},{"damage":5,"enemies":"Book of Stabbing","floor":29,"turns":4},{"damage":10,"enemies":"Sentry and Sphere","floor":30,"turns":6},{"damage":18,"enemies":"Masked Bandits","floor":31,"turns":3}],"seed_played":"919055458218733754","potions_obtained":[{"floor":11,"key":"Dexterity Potion"},{"floor":13,"key":"AttackPotion"},{"floor":14,"key":"Dexterity Potion"},{"floor":24,"key":"Weak Potion"},{"floor":29,"key":"SpeedPotion"},{"floor":30,"key":"AttackPotion"}],"is_trial":false,"path_per_floor":["M","M","?","M","?","M","R","$","T","R","M","R","M","M","R","B",null,"M","M","M","?","$","R","E","?","T","M","R","E","M","?"],"character_chosen":"THE_SILENT","items_purchased":["Oddly Smooth Stone","Noxious Fumes","Frozen Egg 2"],"campfire_rested":1,"item_purchase_floors":[8,8,22],"current_hp_per_floor":[61,61,50,48,48,48,48,48,48,48,48,48,48,48,48,34,63,63,50,50,50,50,50,27,27,27,15,33,28,18,0,0],"gold":121,"neow_bonus":"TRANSFORM_TWO_CARDS","is_daily":false,"chose_seed":false,"campfire_upgraded":5,"win_rate":0.0,"timestamp":1613373366,"path_taken":["M","M","?","M","?","M","R","$","T","R","?","R","M","M","R","BOSS","M","M","M","?","$","R","E","?","T","M","R","E","M","?"],"items_purchased_type":["Relic","Card","Relic"],"build_version":"2020-12-22","purchased_purges":0,"victory":false,"max_hp_per_floor":[63,63,63,63,63,63,63,63,63,63,63,63,63,63,63,63,63,63,63,63,63,63,63,63,63,63,63,63,63,63,63,63],"card_choices":[{"not_picked":["Deflect","Catalyst"],"picked":"Backflip","floor":1},{"not_picked":["Setup","All Out Attack"],"picked":"Cloak And Dagger","floor":2},{"not_picked":["Calculated Gamble","Dodge and Roll"],"picked":"Deadly Poison","floor":4},{"not_picked":["Choke","Bane"],"picked":"Dash","floor":6},{"not_picked":["Endless Agony","Infinite Blades"],"picked":"PiercingWail","floor":11},{"not_picked":["Bane","Poisoned Stab"],"picked":"Bouncing Flask","floor":13},{"not_picked":["Caltrops","Outmaneuver"],"picked":"Bouncing Flask","floor":14},{"not_picked":["Doppelganger","Grand Finale"],"picked":"After Image","floor":16},{"not_picked":["Dagger Throw","Dodge and Roll+1"],"picked":"Catalyst+1","floor":18},{"not_picked":["Predator+1","Slice","Choke+1"],"picked":"SKIP","floor":19},{"not_picked":["Slice","Cloak And Dagger"],"picked":"Catalyst","floor":20},{"not_picked":["Underhanded Strike+1","Skewer"],"picked":"Concentrate+1","floor":24},{"not_picked":["Slice","Well Laid Plans+1"],"picked":"Backflip+1","floor":27},{"not_picked":["Calculated Gamble","Prepared+1","Infinite Blades+1"],"picked":"SKIP","floor":27},{"not_picked":["Quick Slash+1","Underhanded Strike+1"],"picked":"PiercingWail","floor":29},{"not_picked":["Finisher","Deadly Poison"],"picked":"PiercingWail+1","floor":30},{"not_picked":["Accuracy+1","PiercingWail"],"picked":"Cloak And Dagger+1","floor":30}],"player_experience":0,"relics_obtained":[{"floor":9,"key":"Pen Nib"},{"floor":24,"key":"PreservedInsect"},{"floor":26,"key":"Prayer Wheel"},{"floor":29,"key":"Shovel"}],"event_choices":[{"damage_healed":0,"gold_gain":75,"player_choice":"Gather Gold","damage_taken":11,"max_hp_gain":0,"max_hp_loss":0,"event_name":"World of Goop","floor":3,"gold_loss":0},{"damage_healed":0,"gold_gain":0,"player_choice":"2 cards matched","damage_taken":0,"max_hp_gain":0,"max_hp_loss":0,"event_name":"Match and Keep!","floor":5,"gold_loss":0,"cards_obtained":["Poisoned Stab","Tactician"]},{"damage_healed":0,"gold_gain":0,"player_choice":"2 cards matched","damage_taken":0,"max_hp_gain":0,"max_hp_loss":0,"event_name":"Match and Keep!","floor":5,"gold_loss":0,"cards_obtained":["Poisoned Stab","Tactician"]},{"damage_healed":0,"gold_gain":0,"player_choice":"Ignored","damage_taken":0,"max_hp_gain":0,"max_hp_loss":0,"event_name":"Vampires","floor":21,"gold_loss":0},{"damage_healed":0,"gold_gain":0,"player_choice":"Read","damage_taken":0,"max_hp_gain":0,"max_hp_loss":0,"event_name":"The Library","floor":25,"gold_loss":0,"cards_obtained":["Expertise"]},{"damage_healed":0,"gold_gain":0,"player_choice":"Fought Bandits","damage_taken":0,"max_hp_gain":0,"max_hp_loss":0,"event_name":"Masked Bandits","floor":31,"gold_loss":0}],"is_beta":false,"boss_relics":[{"not_picked":["Fusion Hammer","Velvet Choker"],"picked":"Empty Cage"}],"items_purged_floors":[],"is_endless":false,"potions_floor_spawned":[11,13,14,24,29,30],"killed_by":"Masked Bandits","ascension_level":0}}