{"host":"pj7egx7jkoz18hom","time":1613396196,"event":{"mods":["AchievementEnabler","BaseMod","Keyboard Shortcuts","Minty Spire (QoL Compilation)","SuperFastMode"],"gold_per_floor":[110,123,198,178,194,209,209,219,219,250,250,280,280,299,299,394,394,405,63,82,97,97,126,126,225,225,225,242,274,118,150,150,247,247,260,278,278,35,51,83,83,99,122,132,132,151,151,184,184,184,184],"floor_reached":50,"language":"KOR","playtime":1438,"items_purged":["Bash"],"score":746,"play_id":"c0bd6986-80da-4244-925f-8be3b550d47e","local_time":"20210215223636","is_ascension_mode":true,"campfire_choices":[{"data":"Armaments","floor":7.0,"key":"SMITH"},{"data":"Perfected Strike","floor":11.0,"key":"SMITH"},{"floor":15,"key":"DIG"},{"floor":24,"key":"DIG"},{"floor":32,"key":"DIG"},{"floor":41,"key":"DIG"},{"floor":47,"key":"DIG"},{"floor":49,"key":"DIG"}],"circlet_count":0,"master_deck":["Strike_R","Strike_R","Strike_R","Strike_R+1","Strike_R+1","Defend_R","Defend_R","Defend_R","Defend_R","Perfected Strike+1","Thunderclap","Perfected Strike","Armaments+1","Wild Strike","Impervious","Twin Strike+1","Impervious","Offering","Pommel Strike+1","Twin Strike+1","Double Tap","Dramatic Entrance+1","Wild Strike+1","Wild Strike+1","True Grit","Shrug It Off","Parasite","Perfected Strike+1"],"relics":["Burning Blood","NeowsBlessing","Molten Egg 2","Nunchaku","Shovel","StoneCalendar","Fusion Hammer","Strawberry","InkBottle","Charon\u0027s Ashes","Smiling Mask","Bag of Marbles","PreservedInsect","Lantern","SacredBark","Question Card","Whetstone","Kunai","Toy Ornithopter","Lizard Tail","Unceasing Top","Blood Vial"],"acts_visited":["Exordium","TheCity","TheBeyond"],"potions_floor_usage":[31,33,36,40,40,42,46,50],"damage_taken":[{"damage":0.0,"enemies":"Cultist","floor":1.0,"turns":1.0},{"damage":0.0,"enemies":"2 Louse","floor":2.0,"turns":1.0},{"damage":0.0,"enemies":"Jaw Worm","floor":5.0,"turns":1.0},{"damage":16.0,"enemies":"Lots of Slimes","floor":6.0,"turns":3.0},{"damage":10.0,"enemies":"2 Fungi Beasts","floor":8.0,"turns":3.0},{"damage":15.0,"enemies":"3 Sentries","floor":10.0,"turns":5.0},{"damage":0.0,"enemies":"Gremlin Nob","floor":12.0,"turns":2.0},{"damage":2,"enemies":"3 Louse","floor":14,"turns":3},{"damage":60,"enemies":"The Guardian","floor":16,"turns":9},{"damage":12,"enemies":"Chosen","floor":18,"turns":2},{"damage":0,"enemies":"Shell Parasite","floor":20,"turns":1},{"damage":6,"enemies":"Snecko","floor":21,"turns":2},{"damage":23,"enemies":"Gremlin Leader","floor":23,"turns":4},{"damage":0,"enemies":"Snake Plant","floor":28,"turns":1},{"damage":8,"enemies":"Slavers","floor":29,"turns":2},{"damage":20,"enemies":"Book of Stabbing","floor":31,"turns":2},{"damage":42,"enemies":"Champ","floor":33,"turns":9},{"damage":0,"enemies":"Orb Walker","floor":35,"turns":1},{"damage":13,"enemies":"3 Darklings","floor":36,"turns":3},{"damage":12,"enemies":"Sphere and 2 Shapes","floor":39,"turns":3},{"damage":0,"enemies":"Nemesis","floor":40,"turns":1},{"damage":16,"enemies":"Maw","floor":42,"turns":4},{"damage":52,"enemies":"Writhing Mass","floor":44,"turns":4},{"damage":43,"enemies":"Transient","floor":46,"turns":5},{"damage":46,"enemies":"Giant Head","floor":48,"turns":6},{"damage":74,"enemies":"Awakened One","floor":50,"turns":7}],"seed_played":"5340241149488303862","potions_obtained":[{"floor":4.0,"key":"Fruit Juice"},{"floor":5.0,"key":"FearPotion"},{"floor":8.0,"key":"AttackPotion"},{"floor":10.0,"key":"ColorlessPotion"},{"floor":18,"key":"Explosive Potion"},{"floor":21,"key":"BloodPotion"},{"floor":28,"key":"Dexterity Potion"},{"floor":31,"key":"HeartOfIron"},{"floor":35,"key":"BlessingOfTheForge"},{"floor":39,"key":"LiquidMemories"},{"floor":44,"key":"SkillPotion"},{"floor":48,"key":"LiquidBronze"}],"is_trial":false,"path_per_floor":["M","M","?","?","M","M","R","M","T","E","R","E","?","M","R","B",null,"M","$","M","M","$","E","R","?","T","?","M","E","$","E","R","B",null,"M","M","?","$","M","E","R","M","T","M","?","M","R","E","R","B"],"character_chosen":"IRONCLAD","items_purchased":["Twin Strike+1","Double Tap","Dramatic Entrance+1","Bag of Marbles","Question Card"],"campfire_rested":0,"item_purchase_floors":[19,19,19,30,38],"current_hp_per_floor":[80,80,69,74,80,70,70,66,66,57,57,63,63,67,67,13,85,79,79,85,85,85,75,75,75,75,75,81,79,79,83,83,47,92,92,85,85,85,79,85,85,75,75,29,80,47,47,7,7,0,0],"gold":184,"neow_bonus":"THREE_ENEMY_KILL","is_daily":false,"chose_seed":false,"campfire_upgraded":2,"win_rate":0.0,"timestamp":1613396196,"path_taken":["M","?","?","?","M","?","R","M","T","E","R","E","?","M","R","BOSS","M","$","M","M","?","E","R","?","T","?","M","E","$","E","R","BOSS","M","M","?","$","M","E","R","M","T","M","?","M","R","E","R","BOSS"],"items_purchased_type":["Card","Card","Card","Relic","Relic"],"build_version":"2020-12-22","purchased_purges":1,"victory":false,"max_hp_per_floor":[80,80,80,85,85,85,85,85,85,85,85,85,85,85,85,85,85,85,85,85,85,85,92,92,92,92,92,92,92,92,92,92,92,92,92,92,92,92,92,92,92,92,92,92,80,80,80,80,80,80,80],"card_choices":[{"not_picked":["Dropkick","Uppercut"],"picked":"Perfected Strike","floor":1.0},{"not_picked":["Searing Blow","Flex"],"picked":"Thunderclap","floor":2.0},{"not_picked":["Seeing Red","Dark Embrace"],"picked":"Perfected Strike","floor":5.0},{"not_picked":["Pummel","Combust"],"picked":"Armaments","floor":6.0},{"not_picked":["Heavy Blade","Shockwave"],"picked":"Wild Strike","floor":8.0},{"not_picked":["Rage","Shockwave"],"picked":"Impervious","floor":10.0},{"not_picked":["Disarm","Sword Boomerang+1"],"picked":"Twin Strike+1","floor":12.0},{"not_picked":["Sever Soul+1","Searing Blow+1","Clothesline+1"],"picked":"SKIP","floor":14},{"not_picked":["Corruption","Immolate+1"],"picked":"Offering","floor":16},{"not_picked":["Headbutt+1","Metallicize"],"picked":"Pommel Strike+1","floor":18},{"not_picked":["Sentinel+1","Spot Weakness+1"],"picked":"Wild Strike+1","floor":20},{"not_picked":["Dark Embrace","Disarm","Metallicize"],"picked":"SKIP","floor":21},{"not_picked":["Heavy Blade+1","Hemokinesis+1","Feel No Pain"],"picked":"SKIP","floor":23},{"not_picked":["Heavy Blade+1","Evolve","Uppercut+1"],"picked":"SKIP","floor":28},{"not_picked":["Heavy Blade+1","Thunderclap+1","Warcry+1"],"picked":"SKIP","floor":29},{"not_picked":["Sword Boomerang+1","Barricade","Sentinel"],"picked":"SKIP","floor":31},{"not_picked":["Shrug It Off","Thunderclap+1","Anger+1"],"picked":"SKIP","floor":35},{"not_picked":["Evolve","Pommel Strike+1","Clothesline+1"],"picked":"SKIP","floor":36},{"not_picked":["Infernal Blade+1","Uppercut+1","Inflame","Iron Wave+1"],"picked":"SKIP","floor":39},{"not_picked":["Twin Strike+1","Rage+1","Juggernaut"],"picked":"True Grit","floor":40},{"not_picked":["Rage","Thunderclap+1","Battle Trance+1"],"picked":"Shrug It Off","floor":42},{"not_picked":["Rupture","Sentinel+1","Body Slam+1","Havoc"],"picked":"SKIP","floor":44},{"not_picked":["Power Through+1","True Grit","Heavy Blade+1"],"picked":"Perfected Strike+1","floor":46},{"not_picked":["Cleave+1","Ghostly Armor","Clothesline+1","Barricade"],"picked":"SKIP","floor":48}],"player_experience":76538,"relics_obtained":[{"floor":9.0,"key":"Molten Egg 2"},{"floor":10.0,"key":"Nunchaku"},{"floor":12.0,"key":"Shovel"},{"floor":15,"key":"StoneCalendar"},{"floor":23,"key":"Strawberry"},{"floor":24,"key":"InkBottle"},{"floor":26,"key":"Charon\u0027s Ashes"},{"floor":29,"key":"Smiling Mask"},{"floor":31,"key":"PreservedInsect"},{"floor":32,"key":"Lantern"},{"floor":40,"key":"Whetstone"},{"floor":41,"key":"Kunai"},{"floor":43,"key":"Toy Ornithopter"},{"floor":47,"key":"Lizard Tail"},{"floor":48,"key":"Unceasing Top"},{"floor":49,"key":"Blood Vial"}],"event_choices":[{"damage_healed":0.0,"max_hp_gain":0.0,"max_hp_loss":0.0,"gold_gain":75.0,"event_name":"World of Goop","player_choice":"Gather Gold","floor":3.0,"gold_loss":0.0,"damage_taken":11.0},{"damage_healed":0.0,"max_hp_gain":0.0,"max_hp_loss":0.0,"gold_gain":0.0,"event_name":"The Woman in Blue","player_choice":"Bought 1 Potion","floor":4.0,"gold_loss":0.0,"damage_taken":0.0},{"damage_healed":0,"gold_gain":0,"player_choice":"1 cards matched","damage_taken":0,"max_hp_gain":0,"max_hp_loss":0,"event_name":"Match and Keep!","floor":13,"gold_loss":0,"cards_obtained":["Impervious"]},{"damage_healed":0,"gold_gain":99,"player_choice":"Stole From Cult","damage_taken":0,"max_hp_gain":0,"max_hp_loss":0,"event_name":"Nest","floor":25,"gold_loss":0},{"damage_healed":0,"gold_gain":0,"player_choice":"Read","damage_taken":0,"max_hp_gain":0,"max_hp_loss":0,"event_name":"The Library","floor":27,"gold_loss":0,"cards_obtained":["Wild Strike"]},{"damage_healed":0,"gold_gain":0,"player_choice":"Memory 1","damage_taken":0,"max_hp_gain":0,"max_hp_loss":0,"event_name":"SensoryStone","floor":37,"gold_loss":0},{"damage_healed":80,"gold_gain":0,"player_choice":"Heal","damage_taken":0,"max_hp_gain":0,"max_hp_loss":12,"event_name":"The Moai Head","floor":45,"gold_loss":0}],"is_beta":false,"boss_relics":[{"not_picked":["SlaversCollar","Sozu"],"picked":"Fusion Hammer"},{"not_picked":["Runic Dome","Empty Cage"],"picked":"SacredBark"}],"items_purged_floors":[19],"is_endless":false,"potions_floor_spawned":[5,8,10,18,21,28,31,35,39,44,48],"killed_by":"Awakened One","ascension_level":4}}