{"host":"kdt6w7ix8lwe69i9","time":1613349641,"event":{"mods":["100% Spire Juice","BaseMod","ChefMod","Evolution","Koishi","Minty Spire (QoL Compilation)","Poor People Problems","Reimu（博丽灵梦）","Robot Space Explorer","Shade Mod","StSLib","The Druid","The Gatherer","The Poker Player","The Servant 0.9.4","TheSurvivalist"],"gold_per_floor":[113,113,127,302,302,302,313,323,348,423,165,177,177,187,187,288,288,307,326,326,326,326,357,357,357,380,124,144,155,185,203,203,298,298,312,312,362,373,123,153,153,133,133,160,160,173,173,30,30,30],"floor_reached":51,"language":"ENG","playtime":3497,"items_purged":[],"score":858,"play_id":"b34a9e2a-3f9a-4fe7-8dd1-041361f56575","local_time":"20210214194041","is_ascension_mode":false,"campfire_choices":[{"data":"Koishi:SubconsciousSweep","floor":6,"key":"SMITH"},{"data":"Koishi:SubconsciousSweep","floor":13,"key":"SMITH"},{"data":"Koishi:SubconsciousSweep","floor":15,"key":"SMITH"},{"floor":24,"key":"REST"},{"floor":32,"key":"REST"},{"data":"Madness","floor":45,"key":"SMITH"},{"floor":47,"key":"REST"},{"data":"Madness","floor":49,"key":"SMITH"}],"circlet_count":0,"master_deck":["Koishi:SubconsciousSweep+1","Koishi:SubconsciousSweep+1","Koishi:SubconsciousSweep+1","Koishi:UnconsciousUprising","Koishi:UnconsciousUprising","Koishi:UnconsciousUprising","Koishi:Provoke","Koishi:HauntingSlash+1","Koishi:HeartAttack+1","Koishi:HeartfeltFancy","Koishi:SubterraneanRose","Koishi:SubterraneanRose","Koishi:PredatoryInstincts+1","Koishi:SubterraneanRose+1","Koishi:GrowingPain+1","Koishi:Jaunt+1","Koishi:UnconsciousUprising+1","Koishi:UnconsciousUprising","Koishi:PhantomStrike","Koishi:BloodcurdlingScream","Koishi:MassHysteria","Koishi:GhostParty","Koishi:SilentAndRestless","Koishi:UnansweredLove+1","Good Instincts","Finesse","Good Instincts","Koishi:Bloodlust+1","Koishi:SubconsciousSweep+1","Koishi:PhilosophyOfTheDespised+1","Madness+1","Madness+1","Decay","Koishi:Whimsy+1","Koishi:JumpScare+1"],"relics":["Koishi:ImaginaryFriend","EVO:Axolotl","Boot","Bag of Marbles","Mummified Hand","Empty Cage","Art of War","Unceasing Top","Whetstone","Shuriken","War Paint","Cursed Key","Turnip","CrazyTorch:ReiMu","MealTicket","White Beast Statue","Toxic Egg 2","Strange Spoon"],"acts_visited":["Exordium","TheCity","TheBeyond"],"potions_floor_usage":[16,23,33,33,33,40,44,44,50,50,50,50,50],"damage_taken":[{"damage":0,"enemies":"2 Louse","floor":1,"turns":1},{"damage":0,"enemies":"Jaw Worm","floor":3,"turns":1},{"damage":0,"enemies":"Small Slimes","floor":7,"turns":2},{"damage":2,"enemies":"3 Louse","floor":8,"turns":2},{"damage":0,"enemies":"Blue Slaver","floor":12,"turns":1},{"damage":0,"enemies":"Looter","floor":14,"turns":2},{"damage":5,"enemies":"Slime Boss","floor":16,"turns":9},{"damage":10,"enemies":"3 Byrds","floor":18,"turns":2},{"damage":0,"enemies":"2 Thieves","floor":19,"turns":2},{"damage":22,"enemies":"Book of Stabbing","floor":23,"turns":5},{"damage":0,"enemies":"Centurion and Healer","floor":28,"turns":4},{"damage":4,"enemies":"3 Cultists","floor":29,"turns":4},{"damage":18,"enemies":"Slavers","floor":30,"turns":4},{"damage":5,"enemies":"Cultist and Chosen","floor":31,"turns":6},{"damage":32,"enemies":"Champ","floor":33,"turns":13},{"damage":0,"enemies":"3 Darklings","floor":35,"turns":4},{"damage":8,"enemies":"Mind Bloom Boss Battle","floor":37,"turns":7},{"damage":1,"enemies":"Orb Walker","floor":38,"turns":5},{"damage":1,"enemies":"Giant Head","floor":40,"turns":5},{"damage":21,"enemies":"Reptomancer","floor":44,"turns":5},{"damage":22,"enemies":"4 Shapes","floor":46,"turns":3},{"damage":32,"enemies":"Donu and Deca","floor":50,"turns":8}],"seed_played":"3789087872731641640","potions_obtained":[{"floor":1,"key":"Dexterity Potion"},{"floor":7,"key":"Swift Potion"},{"floor":8,"key":"EssenceOfSteel"},{"floor":19,"key":"FearPotion"},{"floor":30,"key":"FearPotion"},{"floor":33,"key":"Regen Potion"},{"floor":35,"key":"ColorlessPotion"},{"floor":40,"key":"LiquidMemories"},{"floor":42,"key":"EntropicBrew"},{"floor":44,"key":"Swift Potion"},{"floor":46,"key":"SkillPotion"}],"is_trial":false,"path_per_floor":["M","?","M","?","?","R","M","M","T","?","$","M","R","M","R","B",null,"M","M","?","?","T","E","R","T","T","$","M","M","E","M","R","B",null,"M","?","?","M","$","E","?","?","T","E","R","M","R","$","R","B",null],"character_chosen":"KOISHI","items_purchased":["Mummified Hand","Shuriken","CrazyTorch:ReiMu","Strange Spoon"],"campfire_rested":3,"item_purchase_floors":[11,27,39,48],"current_hp_per_floor":[62,62,62,62,62,62,62,60,60,49,49,49,49,49,49,44,62,53,53,53,53,53,31,49,49,49,49,49,45,27,22,40,8,62,62,52,44,45,45,44,36,36,36,31,31,27,45,60,60,42],"gold":30,"neow_bonus":"RANDOM_COMMON_RELIC","is_daily":false,"chose_seed":false,"campfire_upgraded":5,"win_rate":0.0,"timestamp":1613349641,"path_taken":["M","?","M","?","?","R","M","?","T","?","$","M","R","M","R","BOSS","M","M","?","?","?","E","R","?","T","$","M","M","E","?","R","BOSS","M","?","?","M","$","E","?","?","T","E","R","?","R","?","R","BOSS"],"items_purchased_type":["Relic","Relic","Relic","Relic"],"build_version":"2020-12-22","purchased_purges":0,"victory":true,"max_hp_per_floor":[62,62,62,62,62,62,62,62,62,62,62,62,62,62,62,62,62,62,62,62,62,62,62,62,62,62,62,62,62,62,62,62,62,62,62,62,62,62,62,62,62,62,62,62,62,62,62,62,62,62],"card_choices":[{"not_picked":["Koishi:UnconsciousUrges","Koishi:RorschachInDanmaku"],"picked":"Koishi:HeartAttack","floor":1},{"not_picked":["Koishi:ReflexRadar","Koishi:PhilosophyOfTheDespised"],"picked":"Koishi:HeartfeltFancy","floor":3},{"not_picked":["Koishi:PredatoryInstincts","Koishi:SprinkleStarAndHeart"],"picked":"Koishi:SubterraneanRose","floor":7},{"not_picked":["Koishi:Jaunt","Koishi:Untouchable"],"picked":"Koishi:SubterraneanRose","floor":8},{"not_picked":["Koishi:ApparitionsStalkTheNight","Koishi:DanmakuParanoia"],"picked":"Koishi:PredatoryInstincts","floor":12},{"not_picked":["Koishi:DreadfulBlow","Koishi:SpiritedAway"],"picked":"Koishi:SubterraneanRose","floor":14},{"not_picked":["Koishi:FormlessExistence","Koishi:ConditionedTeleport"],"picked":"Koishi:GrowingPain","floor":16},{"not_picked":["Koishi:UnansweredLove","Koishi:FleetingPhantom"],"picked":"Koishi:Jaunt+1","floor":18},{"not_picked":["Koishi:UnseenTerror","Koishi:MindNumbingTerror+1"],"picked":"Koishi:UnconsciousUprising+1","floor":19},{"not_picked":["Koishi:ParalyzingFear","Koishi:TremblingHands"],"picked":"Koishi:UnconsciousUprising","floor":23},{"not_picked":["Koishi:DanmakuParanoia","Koishi:SuperEgo"],"picked":"Koishi:PhantomStrike","floor":28},{"not_picked":["Koishi:Prune+1","Koishi:UnansweredLove"],"picked":"Koishi:BloodcurdlingScream","floor":29},{"not_picked":["Koishi:Bloodlust","Koishi:SuperEgo"],"picked":"Koishi:MassHysteria","floor":30},{"not_picked":["Koishi:CatchAndRose","Koishi:RacingHeart"],"picked":"Koishi:GhostParty","floor":31},{"not_picked":["Koishi:MentalBreakdown","Koishi:HeartStoppingHorror"],"picked":"Koishi:SilentAndRestless","floor":33},{"not_picked":["Koishi:PhantomStrike+1","Koishi:BloodcurdlingScream+1"],"picked":"Koishi:UnansweredLove+1","floor":35},{"not_picked":["Jack Of All Trades","Deep Breath"],"picked":"Good Instincts","floor":36},{"not_picked":["Secret Technique","Madness"],"picked":"Finesse","floor":36},{"not_picked":["The Bomb","Metamorphosis"],"picked":"Good Instincts","floor":36},{"not_picked":["Koishi:BloodcurdlingScream","Koishi:StingingMind+1"],"picked":"Koishi:Bloodlust+1","floor":37},{"not_picked":["Koishi:CatchAndRose+1","Koishi:Jaunt+1"],"picked":"Koishi:SubconsciousSweep+1","floor":38},{"not_picked":["Koishi:Possession","Koishi:ApparitionsStalkTheNight+1"],"picked":"Koishi:PhilosophyOfTheDespised+1","floor":40},{"not_picked":["Koishi:YoukaiPolygraph","Koishi:GhostParty+1"],"picked":"Koishi:Whimsy+1","floor":44},{"not_picked":["Koishi:Jaunt+1","Koishi:SpiritedAway"],"picked":"Koishi:JumpScare+1","floor":46}],"player_experience":1597940,"relics_obtained":[{"floor":9,"key":"Bag of Marbles"},{"floor":23,"key":"Art of War"},{"floor":25,"key":"Unceasing Top"},{"floor":26,"key":"Whetstone"},{"floor":30,"key":"War Paint"},{"floor":37,"key":"Turnip"},{"floor":40,"key":"MealTicket"},{"floor":43,"key":"White Beast Statue"},{"floor":44,"key":"Toxic Egg 2"}],"event_choices":[{"damage_healed":0,"gold_gain":0,"player_choice":"Grow","damage_taken":0,"max_hp_gain":0,"max_hp_loss":0,"event_name":"Living Wall","floor":2,"gold_loss":0,"cards_upgraded":["Koishi:HeartAttack"]},{"damage_healed":0,"gold_gain":175,"player_choice":"AGREE","damage_taken":0,"max_hp_gain":0,"max_hp_loss":0,"event_name":"Liars Game","floor":4,"gold_loss":0,"cards_obtained":["Doubt"]},{"cards_removed":["Doubt"],"damage_healed":0,"gold_gain":0,"player_choice":"Purged","damage_taken":0,"max_hp_gain":0,"max_hp_loss":0,"event_name":"Purifier","floor":5,"gold_loss":0},{"damage_healed":0,"gold_gain":75,"player_choice":"Gather Gold","damage_taken":11,"max_hp_gain":0,"max_hp_loss":0,"event_name":"World of Goop","floor":10,"gold_loss":0},{"damage_healed":0,"gold_gain":0,"player_choice":"Ignored","damage_taken":0,"max_hp_gain":0,"max_hp_loss":0,"event_name":"Vampires","floor":20,"gold_loss":0},{"damage_healed":0,"gold_gain":0,"player_choice":"Simplicity","damage_taken":0,"max_hp_gain":0,"max_hp_loss":0,"event_name":"Back to Basics","floor":21,"gold_loss":0,"cards_upgraded":[]},{"damage_healed":0,"gold_gain":0,"player_choice":"Memory 3","damage_taken":10,"max_hp_gain":0,"max_hp_loss":0,"event_name":"SensoryStone","floor":36,"gold_loss":0},{"damage_healed":0,"gold_gain":0,"player_choice":"Fight","damage_taken":0,"max_hp_gain":0,"max_hp_loss":0,"event_name":"MindBloom","floor":37,"gold_loss":0},{"damage_healed":0,"gold_gain":0,"player_choice":"Embrace Madness","damage_taken":8,"max_hp_gain":0,"max_hp_loss":0,"event_name":"Winding Halls","floor":41,"gold_loss":0,"cards_obtained":["Madness","Madness"]},{"damage_healed":0,"gold_gain":0,"player_choice":"Bought 1 Potion","damage_taken":0,"max_hp_gain":0,"max_hp_loss":0,"event_name":"The Woman in Blue","floor":42,"gold_loss":0}],"is_beta":false,"boss_relics":[{"not_picked":["Busted Crown","Velvet Choker"],"picked":"Empty Cage"},{"not_picked":["Pandora\u0027s Box","Runic Dome"],"picked":"Cursed Key"}],"items_purged_floors":[],"is_endless":false,"potions_floor_spawned":[1,7,8,14,19,30,33,35,40,44,46],"ascension_level":0}}