{"host":"ox77rn1xcurm2t5a","time":1613426109,"event":{"mods":["2.2 Compatiblity","AchievementEnabler","Act Like it!","Aspiration","BaseMod","Best Route Mod","Better Match","Better Note","Better Sensory Stone","Block Reminder","Colored Map","Colored Powertips","Conjunction","Conspire","Custom Start","Energized Spire","GifTheSpireLib","Gold Saver","Gremlin Skip","Halation","Highlight Path","Hubris","Infinite Spire","Minty Spire (QoL Compilation)","Pale of the Ancients","Quick Restart","Replay The Spire","Reworked Bosses","ShortenTheSpire","Spire Exporter","StSLib","Stuff the Spire","Wandering Minibosses"],"gold_per_floor":[118,118,118,136,61,88,88,88,112,112,140,150,175,213,213,327,327,337,337],"floor_reached":18,"language":"ENG","playtime":432,"items_purged":["Defend_R"],"score":244,"play_id":"9f85313d-8e59-4ba1-b5c5-c090cdfe4bd0","local_time":"20210215235509","is_ascension_mode":true,"campfire_choices":[{"data":"Limit Break","floor":7.0,"key":"SMITH"},{"floor":15.0,"key":"RECALL"}],"circlet_count":0,"master_deck":["Strike_R","Strike_R","Strike_R","Strike_R","Strike_R","Defend_R","Defend_R","Defend_R","Bash","Heavy Blade","Limit Break+1","StuffTheSpire:Innocence","Thunderclap","Anger","Reaper"],"relics":["Burning Blood","NeowsBlessing","StuffTheSpire:HeavyRock","hubris:CrystalStatue","Replay:Bandana","hubris:Backtick","Happy Flower"],"acts_visited":["Exordium","TheCity"],"potions_floor_usage":[16],"damage_taken":[{"damage":0.0,"enemies":"Jaw Worm","floor":1.0,"turns":1.0},{"damage":0.0,"enemies":"Cultist","floor":4.0,"turns":1.0},{"damage":0.0,"enemies":"3 Sentries","floor":6.0,"turns":2.0},{"damage":10.0,"enemies":"Lagavulin","floor":11.0,"turns":6.0},{"damage":0.0,"enemies":"2 Louse","floor":12.0,"turns":3.0},{"damage":3.0,"enemies":"Gremlin Nob","floor":13.0,"turns":4.0},{"damage":0.0,"enemies":"Exordium Thugs","floor":14.0,"turns":3.0},{"damage":45,"enemies":"Fading Forest","floor":16,"turns":11},{"damage":12,"enemies":"Shell Parasite","floor":18,"turns":5}],"seed_played":"-7805216483256852818","potions_obtained":[{"floor":2.0,"key":"Doom Potion"},{"floor":2.0,"key":"LiquidMemories"},{"floor":2.0,"key":"Fruit Juice"},{"floor":4.0,"key":"LifebloodPotion"},{"floor":11.0,"key":"EssenceOfSteel"},{"floor":12.0,"key":"LiquidMemories"},{"floor":14.0,"key":"SteroidPotion"},{"floor":16,"key":"BloodPotion"}],"is_trial":false,"path_per_floor":["M","?","$","M","$","E","R","?","T","?","E","M","E","M","R","B",null,"M"],"character_chosen":"IRONCLAD","items_purchased":[],"campfire_rested":0,"item_purchase_floors":[],"current_hp_per_floor":[80,85,85,85,85,85,85,85,85,78,74,80,83,85,85,46,85,73,73],"gold":337,"neow_bonus":"THREE_ENEMY_KILL","is_daily":false,"chose_seed":false,"campfire_upgraded":1,"win_rate":0.0,"timestamp":1613426109,"path_taken":["M","?","$","?","$","E","R","?","T","?","E","M","E","M","R","BOSS","M"],"items_purchased_type":[],"build_version":"2020-12-22","purchased_purges":1,"victory":false,"max_hp_per_floor":[80,85,85,85,85,85,85,85,85,85,85,85,85,85,85,85,85,85,85],"card_choices":[{"not_picked":["ReplayTheSpireMod:Strike From Hell","Seeing Red"],"picked":"Heavy Blade","floor":1.0},{"not_picked":["Heavy Blade","Sword Boomerang","Headbutt"],"picked":"SKIP","floor":4.0},{"not_picked":["Cleave","Rupture"],"picked":"Limit Break","floor":6.0},{"not_picked":["ReplayTheSpireMod:Muscle Training","Run Through","Headbutt"],"picked":"SKIP","floor":11.0},{"not_picked":["Iron Wave","hubris:SharpeningStone","Anger"],"picked":"SKIP","floor":12.0},{"not_picked":["True Grit","Combust"],"picked":"Thunderclap","floor":13.0},{"not_picked":["Run Through","Wild Strike"],"picked":"Anger","floor":14.0},{"not_picked":["Bludgeon","Offering"],"picked":"Reaper","floor":16}],"player_experience":3106248,"relics_obtained":[{"floor":6.0,"key":"StuffTheSpire:HeavyRock"},{"floor":11.0,"key":"hubris:CrystalStatue"},{"floor":13.0,"key":"Replay:Bandana"}],"event_choices":[{"damage_healed":0.0,"max_hp_gain":0.0,"max_hp_loss":0.0,"gold_gain":0.0,"event_name":"Lab","player_choice":"Got Potions","floor":2.0,"gold_loss":0.0,"damage_taken":0.0},{"damage_healed":0.0,"max_hp_gain":0.0,"max_hp_loss":0.0,"gold_gain":0.0,"event_name":"Liars Game","player_choice":"Ignored","floor":8.0,"gold_loss":0.0,"damage_taken":0.0}],"is_beta":false,"boss_relics":[{"not_picked":["Calling Bell","hubris:TerracottaHorce"],"picked":"hubris:Backtick"}],"items_purged_floors":[5],"is_endless":false,"potions_floor_spawned":[4,11,12,14,16],"killed_by":"Shell Parasite","ascension_level":4}}