{"host":"s24sb66hw4a4sfft","time":1613348149,"event":{"mods":["AchievementEnabler","BaseMod","Colored Map","Colored Powertips","Googly Eyes","Hermit","Hubris","Minty Spire (QoL Compilation)","Quick Restart","Shop Mod","StSLib"],"gold_per_floor":[110,14,14,25,25,25,40,75,150,176,176,187,187,213,213,285,285,304,304,318,318,318],"floor_reached":21,"language":"ENG","playtime":766,"items_purged":[],"score":335,"play_id":"5181ac7c-32cf-4228-92a1-841c4ebc6e9c","local_time":"20210214191549","is_ascension_mode":true,"campfire_choices":[{"data":"Dash","floor":6.0,"key":"SMITH"},{"floor":11.0,"key":"REST"},{"data":"Backstab","floor":13.0,"key":"SMITH"},{"floor":15.0,"key":"REST"}],"circlet_count":0,"master_deck":["AscendersBane","Strike_G","Strike_G","Strike_G","Strike_G","Defend_G","Defend_G","Defend_G","Defend_G","Survivor","Neutralize","Blade Dance","Cloak And Dagger","Dagger Spray","Dash+1","Backstab+1","Backstab","Riddle With Holes","Cloak And Dagger","Envenom","Quick Slash","PiercingWail+1"],"relics":["Ring of the Snake","The Courier","hubris:SlimyHat","Strawberry","Sozu"],"acts_visited":["Exordium","TheCity"],"potions_floor_usage":[16,16],"damage_taken":[{"damage":7.0,"enemies":"2 Louse","floor":1.0,"turns":3.0},{"damage":0.0,"enemies":"Cultist","floor":4.0,"turns":2.0},{"damage":1.0,"enemies":"Jaw Worm","floor":7.0,"turns":3.0},{"damage":27.0,"enemies":"Lagavulin","floor":8.0,"turns":8.0},{"damage":4.0,"enemies":"3 Sentries","floor":10.0,"turns":5.0},{"damage":1.0,"enemies":"Exordium Thugs","floor":12.0,"turns":4.0},{"damage":28.0,"enemies":"Lagavulin","floor":14.0,"turns":7.0},{"damage":1,"enemies":"Slime Boss","floor":16,"turns":8},{"damage":12,"enemies":"Shell Parasite","floor":18,"turns":5},{"damage":15,"enemies":"Spheric Guardian","floor":20,"turns":4},{"damage":28,"enemies":"Snake Plant","floor":21,"turns":3}],"seed_played":"8747934618334431807","potions_obtained":[{"floor":1.0,"key":"Energy Potion"},{"floor":4.0,"key":"Dexterity Potion"},{"floor":7.0,"key":"Dexterity Potion"},{"floor":10.0,"key":"PowerPotion"},{"floor":14.0,"key":"Strength Potion"}],"is_trial":false,"path_per_floor":["M","$","?","M","$","R","M","E","T","E","R","M","R","E","R","B",null,"M","?","M","M"],"character_chosen":"THE_SILENT","items_purchased":["Cloak And Dagger","Dagger Spray"],"campfire_rested":2,"item_purchase_floors":[2,2],"current_hp_per_floor":[37,37,66,66,66,66,65,38,38,34,53,52,52,31,52,51,68,56,43,28,0,0],"gold":318,"neow_bonus":"REMOVE_TWO","is_daily":false,"chose_seed":false,"campfire_upgraded":2,"win_rate":0.0,"timestamp":1613348149,"path_taken":["M","$","?","M","?","R","M","E","T","E","R","M","R","E","R","BOSS","M","?","M","M"],"items_purchased_type":["Card","Card"],"build_version":"2020-12-22","purchased_purges":0,"victory":false,"max_hp_per_floor":[66,66,66,66,66,66,66,66,66,66,66,66,66,73,73,73,73,73,78,78,78,78],"card_choices":[{"not_picked":["Crippling Poison","Flying Knee"],"picked":"Blade Dance","floor":1.0},{"not_picked":["Acrobatics","Crippling Poison"],"picked":"Dash","floor":4.0},{"not_picked":["Caltrops","Footwork"],"picked":"Backstab","floor":7.0},{"not_picked":["Blade Dance","Venomology"],"picked":"Backstab","floor":8.0},{"not_picked":["Tactician","Concentrate"],"picked":"Riddle With Holes","floor":10.0},{"not_picked":["Blade Dance","Choke"],"picked":"Cloak And Dagger","floor":12.0},{"not_picked":["Backflip","Outmaneuver","After Image"],"picked":"SKIP","floor":14.0},{"not_picked":["Malaise","Bullet Time"],"picked":"Envenom","floor":16},{"not_picked":["Flying Knee","Dagger Throw"],"picked":"Quick Slash","floor":18},{"not_picked":["Escape Plan","Sucker Punch"],"picked":"PiercingWail+1","floor":20}],"player_experience":642680,"relics_obtained":[{"floor":8.0,"key":"The Courier"},{"floor":10.0,"key":"hubris:SlimyHat"},{"floor":14.0,"key":"Strawberry"}],"event_choices":[{"damage_healed":29.0,"max_hp_gain":0.0,"max_hp_loss":0.0,"gold_gain":0.0,"event_name":"Wheel of Change","player_choice":"Full Heal","floor":3.0,"gold_loss":0.0,"damage_taken":0.0},{"damage_healed":0,"gold_gain":0,"player_choice":"Shed Blood","damage_taken":18,"max_hp_gain":5,"max_hp_loss":0,"event_name":"Forgotten Altar","floor":19,"gold_loss":0}],"is_beta":false,"boss_relics":[{"not_picked":["hubris:GrandSneckoEye","Empty Cage"],"picked":"Sozu"}],"items_purged_floors":[],"is_endless":false,"potions_floor_spawned":[1,4,7,10,14,18,20],"killed_by":"Snake Plant","ascension_level":14}}