{"host":"bpnwh7vpv9k3tssc","time":1613402855,"event":{"mods":["BaseMod","Colored Map","Colored Powertips","Curses Come First","Highlight Path","Minty Spire (QoL Compilation)","Quick Restart","Random Character Button","Relic Sorter","StSLib"],"gold_per_floor":[110,122,5,5,5,5,49,49,73,73,86,127,147,167,167,167,167],"floor_reached":16,"language":"ENG","playtime":479,"items_purged":["Strike_R"],"score":198,"play_id":"7ce24020-a103-4deb-b215-7ff3c5b036c3","local_time":"20210215162735","is_ascension_mode":true,"campfire_choices":[{"data":"Seeing Red","floor":6,"key":"SMITH"},{"floor":15,"key":"REST"}],"circlet_count":0,"master_deck":["AscendersBane","Strike_R","Strike_R","Defend_R","Defend_R","Defend_R","Bash","Dropkick","Power Through","Flame Barrier","Dark Embrace","Seeing Red+1","Burning Pact","Battle Trance","Armaments","Limit Break","True Grit"],"relics":["Burning Blood","Golden Idol","Happy Flower","Bronze Scales","Shuriken","Lantern"],"acts_visited":["Exordium"],"potions_floor_usage":[7,7,7,12],"damage_taken":[{"damage":0,"enemies":"Cultist","floor":1,"turns":3},{"damage":6,"enemies":"Jaw Worm","floor":2,"turns":4},{"damage":15,"enemies":"Lagavulin","floor":7,"turns":8},{"damage":9,"enemies":"2 Louse","floor":11,"turns":3},{"damage":39,"enemies":"Gremlin Nob","floor":12,"turns":5},{"damage":0,"enemies":"Looter","floor":13,"turns":3},{"damage":8,"enemies":"Blue Slaver","floor":14,"turns":3},{"damage":45,"enemies":"Slime Boss","floor":16,"turns":6}],"seed_played":"6091408884062762836","potions_obtained":[{"floor":1,"key":"EntropicBrew"},{"floor":7,"key":"Regen Potion"},{"floor":12,"key":"Explosive Potion"}],"is_trial":false,"path_per_floor":["M","M","$","?","?","R","E","?","T","T","M","E","M","M","R","B"],"character_chosen":"IRONCLAD","items_purchased":["Seeing Red"],"campfire_rested":1,"item_purchase_floors":[3],"current_hp_per_floor":[68,68,68,73,48,48,39,39,39,39,36,17,23,21,42,0,0],"gold":167,"neow_bonus":"TRANSFORM_TWO_CARDS","is_daily":false,"chose_seed":false,"campfire_upgraded":1,"win_rate":0.0,"timestamp":1613402855,"path_taken":["M","M","$","?","?","R","E","?","T","?","?","E","M","M","R","BOSS"],"items_purchased_type":["Card"],"build_version":"2020-12-22","purchased_purges":1,"victory":false,"max_hp_per_floor":[68,68,68,73,73,73,73,73,73,73,73,73,73,73,73,73,73],"card_choices":[{"not_picked":["Burning Pact","Clash"],"picked":"Flame Barrier","floor":1},{"not_picked":["Anger","Infernal Blade"],"picked":"Dark Embrace","floor":2},{"not_picked":["Anger","Headbutt"],"picked":"Burning Pact","floor":7},{"not_picked":["Hemokinesis","Clothesline"],"picked":"Armaments","floor":11},{"not_picked":["Searing Blow","Clothesline"],"picked":"Limit Break","floor":12},{"not_picked":["Havoc","Anger","Sword Boomerang"],"picked":"SKIP","floor":13},{"not_picked":["Twin Strike","Anger"],"picked":"True Grit","floor":14}],"player_experience":399683,"relics_obtained":[{"floor":7,"key":"Happy Flower"},{"floor":9,"key":"Bronze Scales"},{"floor":10,"key":"Shuriken"},{"floor":12,"key":"Lantern"}],"event_choices":[{"damage_healed":0,"gold_gain":0,"player_choice":"Donut","damage_taken":0,"max_hp_gain":5,"max_hp_loss":0,"event_name":"Big Fish","floor":4,"gold_loss":0},{"damage_healed":0,"gold_gain":0,"player_choice":"Take Damage","damage_taken":25,"relics_obtained":["Golden Idol"],"max_hp_gain":0,"max_hp_loss":0,"event_name":"Golden Idol","floor":5,"gold_loss":0},{"damage_healed":0,"gold_gain":0,"cards_transformed":["Defend_R"],"player_choice":"Change","damage_taken":0,"max_hp_gain":0,"max_hp_loss":0,"event_name":"Living Wall","floor":8,"gold_loss":0,"cards_obtained":["Battle Trance"]}],"is_beta":false,"boss_relics":[],"items_purged_floors":[3],"is_endless":false,"potions_floor_spawned":[1,7,12],"killed_by":"Slime Boss","ascension_level":16}}