{"host":"d2gh6suihlstufn7","time":1613421202,"event":{"mods":["AchievementEnabler","BaseMod","Colored Map","Colored Powertips","Minty Spire (QoL Compilation)","Permanent Neow","Quick Restart"],"gold_per_floor":[115,125,0,0,14,14,29,29,29,29,46,46,221,240,240,340,340,352,352,352,352,352,352,352],"floor_reached":23,"language":"KOR","playtime":646,"items_purged":["Defend_R"],"score":179,"play_id":"39f721e4-79f1-43b2-b4c6-c23d92b0273d","local_time":"20210216053322","is_ascension_mode":false,"campfire_choices":[{"floor":6,"key":"RECALL"},{"data":"Heavy Blade","floor":8,"key":"SMITH"},{"data":"Bash","floor":12,"key":"SMITH"},{"data":"Flex","floor":15,"key":"SMITH"}],"circlet_count":0,"master_deck":["Strike_R","Strike_R","Defend_R","Defend_R","Defend_R","Bash+1","Heavy Blade+1","Flex+1","Shrug It Off","Cleave","Doubt","Headbutt"],"relics":["Snecko Eye","Empty Cage","The Courier","Ornamental Fan"],"acts_visited":["Exordium","TheCity"],"potions_floor_usage":[16,16,23],"damage_taken":[{"damage":0,"enemies":"Small Slimes","floor":1,"turns":3},{"damage":0,"enemies":"Cultist","floor":2,"turns":2},{"damage":9,"enemies":"2 Louse","floor":5,"turns":2},{"damage":11,"enemies":"Exordium Wildlife","floor":7,"turns":4},{"damage":5,"enemies":"Looter","floor":11,"turns":2},{"damage":2,"enemies":"3 Louse","floor":14,"turns":2},{"damage":13,"enemies":"Slime Boss","floor":16,"turns":9},{"damage":5,"enemies":"Chosen","floor":18,"turns":2},{"damage":67,"enemies":"Slavers","floor":23,"turns":7}],"seed_played":"579367307287443069","potions_obtained":[{"floor":7,"key":"Block Potion"},{"floor":11,"key":"PowerPotion"},{"floor":18,"key":"SneckoOil"}],"is_trial":false,"path_per_floor":["M","M","$","?","M","R","M","R","T","?","M","R","?","M","R","B",null,"M","?","?","?","T","E"],"character_chosen":"IRONCLAD","items_purchased":["Flex"],"campfire_rested":0,"item_purchase_floors":[3],"current_hp_per_floor":[80,80,80,73,64,64,53,53,53,45,40,40,40,38,38,25,80,75,75,75,75,75,8,8],"gold":352,"neow_bonus":"BOSS_RELIC","is_daily":false,"chose_seed":false,"campfire_upgraded":3,"win_rate":0.0,"timestamp":1613421202,"path_taken":["M","M","$","?","M","R","M","R","T","?","?","R","?","M","R","BOSS","M","?","?","?","?","E"],"items_purchased_type":["Card"],"build_version":"2020-12-22","purchased_purges":1,"victory":false,"max_hp_per_floor":[80,80,80,80,80,80,80,80,80,80,80,80,80,80,80,80,80,80,80,80,80,80,80,80],"card_choices":[{"not_picked":["Armaments","Body Slam"],"picked":"Heavy Blade","floor":1},{"not_picked":["Inflame","Carnage","Cleave"],"picked":"SKIP","floor":2},{"not_picked":["Bloodletting","Flex"],"picked":"Shrug It Off","floor":5},{"not_picked":["Inflame","Shrug It Off"],"picked":"Cleave","floor":7},{"not_picked":["Thunderclap","Limit Break","Dropkick"],"picked":"SKIP","floor":11},{"not_picked":["Headbutt","Sword Boomerang","Cleave"],"picked":"SKIP","floor":14},{"not_picked":["Body Slam","Flex","Flame Barrier+1"],"picked":"SKIP","floor":18}],"player_experience":264650,"relics_obtained":[{"floor":22,"key":"Ornamental Fan"}],"event_choices":[{"cards_removed":["Strike_R"],"damage_healed":0,"gold_gain":0,"player_choice":"Card Removal","damage_taken":7,"max_hp_gain":0,"max_hp_loss":0,"event_name":"Golden Wing","floor":4,"gold_loss":0},{"damage_healed":0,"gold_gain":0,"player_choice":"Damaged","damage_taken":8,"max_hp_gain":0,"max_hp_loss":0,"event_name":"Wheel of Change","floor":10,"gold_loss":0},{"damage_healed":0,"gold_gain":175,"player_choice":"AGREE","damage_taken":0,"max_hp_gain":0,"max_hp_loss":0,"event_name":"Liars Game","floor":13,"gold_loss":0,"cards_obtained":["Doubt"]},{"damage_healed":0,"gold_gain":0,"player_choice":"Ignored","damage_taken":0,"max_hp_gain":0,"max_hp_loss":0,"event_name":"Vampires","floor":19,"gold_loss":0},{"damage_healed":0,"gold_gain":0,"player_choice":"Read","damage_taken":0,"max_hp_gain":0,"max_hp_loss":0,"event_name":"The Library","floor":20,"gold_loss":0,"cards_obtained":["Headbutt"]},{"damage_healed":0,"gold_gain":0,"player_choice":"Opened","damage_taken":0,"relics_obtained":["The Courier"],"max_hp_gain":0,"max_hp_loss":0,"event_name":"The Mausoleum","floor":21,"gold_loss":0}],"is_beta":false,"boss_relics":[{"not_picked":["Velvet Choker","Runic Pyramid"],"picked":"Empty Cage"}],"items_purged_floors":[3],"is_endless":false,"potions_floor_spawned":[7,11,18],"killed_by":"Slavers","ascension_level":0}}