{"host":"uexz8m6e0pxi7xat","time":1613369848,"event":{"mods":["BaseMod","Bestiary","Minty Spire (QoL Compilation)","Relic Stats","ojb\u0027s Info Mod"],"gold_per_floor":[366,43,43,80,110,110,195,195,222,222,222],"floor_reached":10,"language":"ENG","playtime":1874,"items_purged":[],"score":132,"play_id":"b3d5e33b-0018-4239-89ef-567f1e59516b","local_time":"20210215191728","is_ascension_mode":true,"campfire_choices":[{"data":"HandOfGreed","floor":6,"key":"SMITH"},{"floor":8,"key":"REST"}],"circlet_count":0,"master_deck":["AscendersBane","Strike_B","Strike_B","Strike_B","Strike_B","Defend_B","Defend_B","Defend_B","Defend_B","Zap","Dualcast","Streamline","HandOfGreed+1","Ball Lightning","Self Repair","Beam Cell","Rebound"],"relics":["Cracked Core","Happy Flower","Bag of Marbles"],"acts_visited":["Exordium"],"potions_floor_usage":[],"damage_taken":[{"damage":2,"enemies":"Jaw Worm","floor":1,"turns":3},{"damage":1,"enemies":"Cultist","floor":4,"turns":3},{"damage":6,"enemies":"Small Slimes","floor":5,"turns":4},{"damage":40,"enemies":"3 Sentries","floor":7,"turns":7},{"damage":25,"enemies":"Lagavulin","floor":10,"turns":4}],"seed_played":"-8855604406612606969","potions_obtained":[{"floor":7,"key":"LiquidBronze"}],"is_trial":false,"path_per_floor":["M","$","?","M","M","R","E","R","T","E"],"character_chosen":"DEFECT","items_purchased":["HandOfGreed","Ball Lightning","Fire Potion"],"campfire_rested":1,"item_purchase_floors":[2,2,2],"current_hp_per_floor":[44,44,44,43,44,44,4,25,25,0,0],"gold":222,"neow_bonus":"TWO_FIFTY_GOLD","is_daily":false,"chose_seed":false,"campfire_upgraded":1,"win_rate":0.0,"timestamp":1613369848,"path_taken":["M","$","?","M","?","R","E","R","T","E"],"items_purchased_type":["Card","Card","Potion"],"build_version":"2020-12-22","purchased_purges":0,"victory":false,"max_hp_per_floor":[71,71,71,71,71,71,71,71,71,71,71],"relic_stats":{"Happy Flower":[1],"counters":[5,21],"obtain_stats":[{"Happy Flower":7,"Bag of Marbles":9,"Cracked Core":0},{"Happy Flower":4,"Bag of Marbles":4,"Cracked Core":0},{"Happy Flower":17,"Bag of Marbles":17,"Cracked Core":0}]},"card_choices":[{"not_picked":["Hologram","Chill"],"picked":"Streamline","floor":1},{"not_picked":["Compile Driver","Turbo"],"picked":"Self Repair","floor":4},{"not_picked":["Gash","Seek"],"picked":"Beam Cell","floor":5},{"not_picked":["Turbo","Stack"],"picked":"Rebound","floor":7}],"player_experience":1033294,"relics_obtained":[{"floor":7,"key":"Happy Flower"},{"floor":9,"key":"Bag of Marbles"}],"event_choices":[{"damage_healed":0,"gold_gain":0,"player_choice":"0 cards matched","damage_taken":0,"max_hp_gain":0,"max_hp_loss":0,"event_name":"Match and Keep!","floor":3,"gold_loss":0,"cards_obtained":[]}],"is_beta":false,"boss_relics":[],"items_purged_floors":[],"is_endless":false,"potions_floor_spawned":[7],"killed_by":"Lagavulin","ascension_level":20}}