{"host":"6yklbc9za0aylqsj","time":1613409111,"event":{"mods":["AchievementEnabler","BaseMod","Bestiary","Colored Map","Colored Powertips","Minty Spire (QoL Compilation)","Rare Cards Sparkle","Relic Stats","Slay-I","StSLib"],"gold_per_floor":[412,412,429,29,29,63,77,77,77,106,123,123,137,154,154,251,251,266,277,277,179,192,192,25,25,25,42,76,175,200,216,216,315,315,332,99,114,0,0,0,35,35,35,67,67,92,102,113,113,113,113],"floor_reached":50,"language":"ENG","playtime":2397,"items_purged":["Strike_B","Strike_B","Strike_B"],"score":739,"play_id":"bf9e3098-b06d-4b2d-aef4-0b53c1a09273","local_time":"20210215181151","is_ascension_mode":true,"campfire_choices":[{"floor":8,"key":"REST"},{"data":"Loop","floor":15,"key":"SMITH"},{"data":"Panacea","floor":23,"key":"SMITH"},{"floor":25,"key":"RECALL"},{"data":"Zap","floor":32,"key":"SMITH"},{"data":"Ball Lightning","floor":40,"key":"SMITH"},{"data":"Steam","floor":42,"key":"SMITH"},{"data":"Cold Snap","floor":45,"key":"SMITH"},{"data":"Conserve Battery","floor":49,"key":"SMITH"}],"circlet_count":0,"master_deck":["Defend_B","Defend_B","Defend_B","Defend_B","Zap+1","Dualcast+1","Conserve Battery+1","Panacea+1","Loop+1","Cold Snap","Cold Snap","Steam+1","Electrodynamics+1","Go for the Eyes+1","Ball Lightning+1","Cold Snap+1","Loop+1","All For One+1","Go for the Eyes+1","Buffer+1","Lockon+1","White Noise+1"],"relics":["Cracked Core","Old Coin","Bottled Lightning","Shuriken","Thread and Needle","Frozen Egg 2","FossilizedHelix","Nuclear Battery","Bag of Preparation","Molten Egg 2","Nunchaku","SacredBark","Red Mask","Gremlin Horn","Eternal Feather","Juzu Bracelet"],"acts_visited":["Exordium","TheCity","TheBeyond"],"potions_floor_usage":[14,33],"damage_taken":[{"damage":1.0,"enemies":"Jaw Worm","floor":1.0,"turns":3.0},{"damage":0.0,"enemies":"Cultist","floor":3.0,"turns":3.0},{"damage":38,"enemies":"Gremlin Nob","floor":6,"turns":5},{"damage":0,"enemies":"2 Louse","floor":7,"turns":3},{"damage":13,"enemies":"Lagavulin","floor":10,"turns":8},{"damage":0,"enemies":"Large Slime","floor":11,"turns":5},{"damage":0,"enemies":"2 Fungi Beasts","floor":13,"turns":4},{"damage":0,"enemies":"Gremlin Gang","floor":14,"turns":4},{"damage":0,"enemies":"The Guardian","floor":16,"turns":15},{"damage":0,"enemies":"Shell Parasite","floor":18,"turns":5},{"damage":0,"enemies":"Spheric Guardian","floor":19,"turns":3},{"damage":0,"enemies":"Snecko","floor":22,"turns":4},{"damage":0,"enemies":"Chosen and Byrds","floor":27,"turns":5},{"damage":0,"enemies":"Slavers","floor":28,"turns":3},{"damage":24,"enemies":"Gremlin Leader","floor":30,"turns":7},{"damage":7,"enemies":"Snake Plant","floor":31,"turns":3},{"damage":4,"enemies":"Collector","floor":33,"turns":9},{"damage":0,"enemies":"Orb Walker","floor":35,"turns":4},{"damage":0,"enemies":"3 Shapes","floor":37,"turns":3},{"damage":19,"enemies":"Giant Head","floor":41,"turns":10},{"damage":9,"enemies":"Reptomancer","floor":44,"turns":5},{"damage":0,"enemies":"Giant Head","floor":46,"turns":11},{"damage":0,"enemies":"Jaw Worm Horde","floor":47,"turns":3},{"damage":0,"enemies":"Transient","floor":48,"turns":5},{"damage":73,"enemies":"Time Eater","floor":50,"turns":17}],"seed_played":"12745288369379739","potions_obtained":[{"floor":6,"key":"Block Potion"},{"floor":13,"key":"GamblersBrew"},{"floor":14,"key":"SpeedPotion"},{"floor":22,"key":"Fire Potion"},{"floor":44,"key":"PowerPotion"}],"is_trial":false,"path_per_floor":["M","?","M","$","?","E","M","R","T","E","M","?","M","M","R","B",null,"M","M","?","$","M","R","$","R","T","M","E","?","E","M","R","B",null,"M","$","M","?","?","R","E","R","T","E","R","E","M","M","R","B"],"character_chosen":"DEFECT","items_purchased":["Panacea","Bottled Lightning","Loop","Ball Lightning","Self Repair+1","PotionOfCapacity","Lockon+1"],"campfire_rested":1,"item_purchase_floors":[4,4,4,21,24,36,36],"current_hp_per_floor":[67,67,67,67,49,11,11,31,31,18,18,23,23,23,23,23,73,73,73,73,73,73,73,73,73,73,73,73,73,59,62,62,68,73,73,73,73,73,73,73,54,54,54,45,57,57,57,57,69,0,0],"gold":113,"neow_bonus":"ONE_RARE_RELIC","is_daily":false,"chose_seed":false,"campfire_upgraded":7,"win_rate":0.0,"timestamp":1613409111,"path_taken":["M","?","?","$","?","E","M","R","T","E","M","?","M","M","R","BOSS","M","M","?","$","?","R","$","R","T","M","E","?","E","M","R","BOSS","M","$","M","?","?","R","E","R","T","E","R","E","M","M","R","BOSS"],"items_purchased_type":["Card","Relic","Card","Card","Card","Potion","Card"],"build_version":"2020-12-22","purchased_purges":3,"victory":false,"max_hp_per_floor":[68,68,68,68,68,68,68,68,68,68,68,73,73,73,73,73,73,73,73,73,73,73,73,73,73,73,73,73,73,73,73,73,73,73,73,73,73,73,73,73,73,73,73,73,73,73,73,73,73,73,73],"relic_stats":{"Nunchaku":[14],"Gremlin Horn":[5,5],"counters":[25,145],"Shuriken":[38],"Eternal Feather":24,"Bag of Preparation":[26],"Juzu Bracelet":0,"obtain_stats":[{"Gremlin Horn":41,"SacredBark":34,"Thread and Needle":6,"Eternal Feather":44,"Bag of Preparation":26,"Juzu Bracelet":46,"Frozen Egg 2":9,"Old Coin":0,"Nuclear Battery":17,"Nunchaku":30,"Shuriken":5,"Molten Egg 2":28,"Red Mask":38,"Bottled Lightning":4,"Cracked Core":0,"FossilizedHelix":10},{"Gremlin Horn":20,"SacredBark":17,"Thread and Needle":3,"Eternal Feather":21,"Bag of Preparation":12,"Juzu Bracelet":22,"Frozen Egg 2":4,"Old Coin":0,"Nuclear Battery":9,"Nunchaku":15,"Shuriken":2,"Molten Egg 2":14,"Red Mask":19,"Bottled Lightning":2,"Cracked Core":0,"FossilizedHelix":5},{"Gremlin Horn":104,"SacredBark":87,"Thread and Needle":11,"Eternal Feather":109,"Bag of Preparation":60,"Juzu Bracelet":120,"Frozen Egg 2":14,"Old Coin":0,"Nuclear Battery":48,"Nunchaku":75,"Shuriken":6,"Molten Egg 2":68,"Red Mask":94,"Bottled Lightning":6,"Cracked Core":0,"FossilizedHelix":22}]},"card_choices":[{"not_picked":["Streamline","Turbo"],"picked":"Conserve Battery","floor":1.0},{"not_picked":["Hologram","Redo","Reinforced Body"],"picked":"SKIP","floor":3.0},{"not_picked":["Hologram","Amplify","Redo"],"picked":"SKIP","floor":6},{"not_picked":["Double Energy","Capacitor","Rebound"],"picked":"SKIP","floor":7},{"not_picked":["Recycle","Sweeping Beam"],"picked":"Cold Snap","floor":10},{"not_picked":["Go for the Eyes","Redo","Leap"],"picked":"SKIP","floor":11},{"not_picked":["Sunder","Barrage"],"picked":"Cold Snap","floor":13},{"not_picked":["Turbo","Compile Driver"],"picked":"Steam","floor":14},{"not_picked":["Rainbow","Multi-Cast"],"picked":"Electrodynamics+1","floor":16},{"not_picked":["Hologram","Sweeping Beam"],"picked":"Go for the Eyes+1","floor":19},{"not_picked":["Steam","Capacitor+1","Conserve Battery"],"picked":"SKIP","floor":22},{"not_picked":["Redo","Streamline+1"],"picked":"Cold Snap","floor":27},{"not_picked":["Steam","Ball Lightning+1"],"picked":"Loop+1","floor":28},{"not_picked":["Sweeping Beam+1","Hologram+1"],"picked":"All For One+1","floor":30},{"not_picked":["Ball Lightning+1","Compile Driver+1"],"picked":"Go for the Eyes+1","floor":31},{"not_picked":["Seek","Electrodynamics+1"],"picked":"Buffer+1","floor":33},{"not_picked":["Beam Cell+1","Turbo+1","Barrage+1"],"picked":"SKIP","floor":35},{"not_picked":["Chaos+1","Genetic Algorithm+1","Undo+1"],"picked":"SKIP","floor":37},{"not_picked":["Creative AI+1","Barrage+1"],"picked":"White Noise+1","floor":41},{"not_picked":["Multi-Cast","Barrage+1","Streamline+1"],"picked":"SKIP","floor":44},{"not_picked":["Barrage+1","Gash+1","Go for the Eyes+1"],"picked":"SKIP","floor":46},{"not_picked":["Hologram","Redo+1","Beam Cell+1"],"picked":"SKIP","floor":47},{"not_picked":["Rebound+1","Go for the Eyes+1","Cold Snap+1"],"picked":"SKIP","floor":48}],"player_experience":700654,"relics_obtained":[{"floor":6,"key":"Thread and Needle"},{"floor":9,"key":"Frozen Egg 2"},{"floor":10,"key":"FossilizedHelix"},{"floor":26,"key":"Bag of Preparation"},{"floor":28,"key":"Molten Egg 2"},{"floor":30,"key":"Nunchaku"},{"floor":41,"key":"Gremlin Horn"},{"floor":44,"key":"Eternal Feather"},{"floor":46,"key":"Juzu Bracelet"}],"event_choices":[{"damage_healed":0.0,"max_hp_gain":0.0,"max_hp_loss":0.0,"gold_gain":0.0,"event_name":"Upgrade Shrine","player_choice":"Upgraded","floor":2.0,"gold_loss":0.0,"damage_taken":0.0,"cards_upgraded":["Dualcast"]},{"damage_healed":0.0,"max_hp_gain":0.0,"max_hp_loss":0.0,"gold_gain":0.0,"event_name":"Scrap Ooze","player_choice":"Success","floor":5.0,"gold_loss":0.0,"damage_taken":18.0,"relics_obtained":["Shuriken"]},{"damage_healed":0,"gold_gain":0,"player_choice":"Donut","damage_taken":0,"max_hp_gain":5,"max_hp_loss":0,"event_name":"Big Fish","floor":12,"gold_loss":0},{"cards_removed":["Strike_B"],"damage_healed":0,"gold_gain":0,"player_choice":"Purged","damage_taken":0,"max_hp_gain":0,"max_hp_loss":0,"event_name":"Purifier","floor":20,"gold_loss":0},{"damage_healed":0,"gold_gain":99,"player_choice":"Stole From Cult","damage_taken":0,"max_hp_gain":0,"max_hp_loss":0,"event_name":"Nest","floor":29,"gold_loss":0},{"damage_healed":0,"gold_gain":0,"player_choice":"Paid","damage_taken":0,"relics_obtained":["Red Mask"],"max_hp_gain":0,"max_hp_loss":0,"event_name":"Tomb of Lord Red Mask","floor":38,"gold_loss":114},{"cards_removed":["Self Repair"],"damage_healed":0,"gold_gain":0,"player_choice":"Removed Power","damage_taken":0,"max_hp_gain":0,"max_hp_loss":0,"event_name":"Falling","floor":39,"gold_loss":0}],"is_beta":false,"boss_relics":[{"not_picked":["FrozenCore","Runic Dome"],"picked":"Nuclear Battery"},{"not_picked":["Black Star","Empty Cage"],"picked":"SacredBark"}],"items_purged_floors":[21,24,36],"is_endless":false,"potions_floor_spawned":[6,13,14,22,27,37,44,46],"killed_by":"Time Eater","ascension_level":1}}