{"host":"vyiqbz5w606ur92t","time":1613426595,"event":{"mods":["BaseMod","Downfall","Minty Spire (QoL Compilation)","Relic Stats","StSLib"],"gold_per_floor":[99,111,211,225,244,269,318,318,418,483,150,200,200,228,246,320,320,320,333,383,433,483,546,546,580,592,617,631,192,207,232,244,316,316,116,132,152,202,277,287,287,351,251,268,268,318,318,15,26,26,26,57,7,7,7,7],"floor_reached":57,"language":"ENG","playtime":5572,"items_purged":["Slimebound:Strike_Slimebound","Writhe","Slimebound:Strike_Slimebound","Slimebound:Defend_Slimebound"],"score":2109,"play_id":"36d67965-bed8-43ec-9f14-3e5a43e1939f","local_time":"20210215220315","is_ascension_mode":true,"campfire_choices":[{"data":"Slimebound:Teamwork","floor":1,"key":"SMITH"},{"data":"Slimebound:Split","floor":8,"key":"SMITH"},{"data":"Slimebound:SamplingLick","floor":13,"key":"SMITH"},{"data":"Slimebound:OneTwoCombo","floor":18,"key":"SMITH"},{"floor":35,"key":"RECALL"},{"data":"Slimebound:TagTeam","floor":43,"key":"SMITH"},{"data":"Slimebound:LevelUp","floor":45,"key":"SMITH"},{"data":"Slimebound:SelfFormingGoo","floor":47,"key":"SMITH"},{"data":"Sadistic Nature","floor":54,"key":"SMITH"}],"circlet_count":0,"master_deck":["AscendersBane","Slimebound:Tackle","Slimebound:Defend_Slimebound","Slimebound:Defend_Slimebound","Slimebound:Defend_Slimebound","Slimebound:Split+1","Slimebound:CorrosiveSpit","Slimebound:Teamwork+1","Slimebound:GoopSpray","Slimebound:SplitSpecialist","Slimebound:Recycling","Slimebound:Dissolve","Slimebound:SamplingLick+1","Slimebound:LevelUp+1","Slimebound:HauntingLick","Slimebound:OneTwoCombo+1","Slimebound:MegaLick","Slimebound:Prepare","Slimebound:SplitAcid","Slimebound:TagTeam+1","Slimebound:SplitLeeching","Slimebound:SplitSpecialist","Slimebound:OneTwoCombo+1","Sadistic Nature+1","Slimebound:LevelUp","Slimebound:SelfFormingGoo+1","Slimebound:ComboTackle+1","Slimebound:SplitSpecialist","Slimebound:ServeAndProtect+1","expansioncontent:YouAreMine","expansioncontent:GuardianWhirl","Slimebound:Recollect","Slimebound:SpikyOuterGoop","Slimebound:ProtectTheBoss+1","Slimebound:SlimeBarrage"],"relics":["Slimebound:AbsorbEndCombat","PreservedInsect","Smiling Mask","downfall:CloakOfManyFaces","CultistMask","FaceOfCleric","NlothsMask","GremlinMask","SsserpentHead","HornCleat","Potion Belt","Coffee Dripper","StoneCalendar","Ginger","champ:DuelingGlove","DollysMirror","Boot","SacredBark","downfall:HeartBlessingGreen","downfall:HeartBlessingBlue","downfall:ExtraCursedKey","Shovel","downfall:HeartBlessingRed","Bag of Preparation","bronze:DonusWashers","Nunchaku"],"acts_visited":["Exordium","TheCity","TheBeyond","TheEnding"],"potions_floor_usage":[6,25,27,28,33,37,39,44,56,56,56],"damage_taken":[{"damage":1,"enemies":"Cultist","floor":2,"turns":4},{"damage":4,"enemies":"2 Louse","floor":4,"turns":3},{"damage":0,"enemies":"Jaw Worm","floor":5,"turns":4},{"damage":8,"enemies":"3 Sentries","floor":6,"turns":6},{"damage":11,"enemies":"downfall:FaceTrader","floor":9,"turns":8},{"damage":8,"enemies":"Large Slime","floor":10,"turns":5},{"damage":5,"enemies":"downfall:FleeingMerchant","floor":11,"turns":4},{"damage":0,"enemies":"Lagavulin","floor":14,"turns":5},{"damage":4,"enemies":"Blue Slaver","floor":15,"turns":4},{"damage":39,"enemies":"WA_ARCHETYPE_RETAIN","floor":16,"turns":8},{"damage":0,"enemies":"Chosen","floor":19,"turns":4},{"damage":4,"enemies":"Spheric Guardian","floor":23,"turns":5},{"damage":2,"enemies":"Slavers","floor":25,"turns":7},{"damage":4,"enemies":"Snecko","floor":26,"turns":5},{"damage":5,"enemies":"Gremlin Leader","floor":27,"turns":5},{"damage":0,"enemies":"Snake Plant","floor":28,"turns":3},{"damage":0,"enemies":"downfall:FleeingMerchant","floor":29,"turns":4},{"damage":12,"enemies":"Shelled Parasite and Fungi","floor":30,"turns":4},{"damage":13,"enemies":"Slavers","floor":31,"turns":3},{"damage":0,"enemies":"Sentry and Sphere","floor":32,"turns":2},{"damage":30,"enemies":"DF_ARCHETYPE_CLAW","floor":33,"turns":7},{"damage":1,"enemies":"3 Shapes","floor":36,"turns":3},{"damage":0,"enemies":"3 Darklings","floor":37,"turns":3},{"damage":0,"enemies":"3 Darklings","floor":39,"turns":4},{"damage":5,"enemies":"Spire Growth","floor":40,"turns":4},{"damage":0,"enemies":"Maw","floor":42,"turns":5},{"damage":0,"enemies":"Sphere and 2 Shapes","floor":44,"turns":3},{"damage":0,"enemies":"downfall:FleeingMerchant","floor":48,"turns":3},{"damage":27,"enemies":"Spire Growth","floor":49,"turns":4},{"damage":18,"enemies":"IC_BLOCK_ARCHETYPE","floor":50,"turns":6},{"damage":18,"enemies":"downfall:CharBossMerchant","floor":52,"turns":5},{"damage":5,"enemies":"downfall:NeowBoss","floor":55,"turns":12},{"damage":7,"enemies":"downfall:NeowBossFinal","floor":56,"turns":8}],"seed_played":"3598936916764616552","potions_obtained":[{"floor":4,"key":"AttackPotion"},{"floor":6,"key":"SpeedPotion"},{"floor":14,"key":"bronze:BurnAndBuffPotion"},{"floor":16,"key":"Fruit Juice"},{"floor":19,"key":"Swift Potion"},{"floor":25,"key":"FairyPotion"},{"floor":27,"key":"bronze:BurnAndBuffPotion"},{"floor":31,"key":"GamblersBrew"},{"floor":32,"key":"Fire Potion"},{"floor":33,"key":"GamblersBrew"},{"floor":37,"key":"Dexterity Potion"},{"floor":39,"key":"Guardian:BlockOnCardUsePotion"},{"floor":40,"key":"SkillPotion"},{"floor":52,"key":"PowerPotion"}],"is_trial":false,"path_per_floor":["R","M","?","M","M","E","T","R","?","M","$","?","R","E","M","B",null,"R","M","?","?","T","M","T","E","M","E","M","$","M","E","M","B",null,"R","M","M","?","?","M","T","M","R","M","R","?","R","$","M","B",null,"E","$","R","B","B",null],"character_chosen":"SLIMEBOUND","items_purchased":["HornCleat","DollysMirror","Sadistic Nature","Bag of Preparation","bronze:DonusWashers","Slimebound:Recollect","Slimebound:SlimyTonguePotion","Slimebound:SpikyOuterGoop"],"campfire_rested":0,"item_purchase_floors":[11,29,29,48,48,48,48,48],"current_hp_per_floor":[38,41,41,37,39,37,37,37,34,35,39,39,39,44,45,15,52,52,59,59,59,59,62,62,67,64,73,75,76,69,59,62,41,70,80,82,91,91,93,91,91,95,95,96,96,86,86,95,71,62,90,81,81,81,85,87],"gold":7,"neow_bonus":"THREE_RARE_CARDS","is_daily":false,"chose_seed":false,"campfire_upgraded":8,"win_rate":0.0,"timestamp":1613426595,"path_taken":["R","M","?","M","M","E","T","R","?","?","$","?","R","E","M","BOSS","R","M","?","?","?","?","T","E","M","E","M","$","M","E","M","BOSS","R","M","M","?","?","M","T","?","R","M","R","?","R","$","M","BOSS","E","$","R","BOSS","BOSS"],"items_purchased_type":["Relic","Relic","Card","Relic","Relic","Card","Potion","Card"],"build_version":"2020-12-22","purchased_purges":4,"victory":true,"max_hp_per_floor":[59,59,59,59,59,59,59,59,59,60,61,61,61,62,63,64,64,64,65,65,65,65,66,66,67,68,74,75,76,77,78,79,80,80,90,91,92,92,93,94,94,95,95,96,96,96,96,97,98,99,99,100,100,100,101,102],"relic_stats":{"SsserpentHead":500,"Nunchaku":[4],"Shovel":0,"FaceOfCleric":28,"counters":[33,155],"StoneCalendar":[52],"PreservedInsect":386,"Bag of Preparation":[10],"Ginger":[51],"Smiling Mask":250,"Boot":[28],"obtain_stats":[{"champ:DuelingGlove":27,"SacredBark":34,"GremlinMask":9,"StoneCalendar":20,"downfall:HeartBlessingGreen":35,"Bag of Preparation":48,"Ginger":25,"Smiling Mask":7,"Boot":31,"SsserpentHead":9,"Nunchaku":52,"HornCleat":11,"Shovel":39,"FaceOfCleric":9,"DollysMirror":29,"downfall:HeartBlessingBlue":35,"downfall:ExtraCursedKey":38,"downfall:CloakOfManyFaces":9,"Potion Belt":14,"bronze:DonusWashers":48,"downfall:HeartBlessingRed":43,"PreservedInsect":6,"CultistMask":9,"Slimebound:AbsorbEndCombat":0,"Coffee Dripper":17,"NlothsMask":9},{"champ:DuelingGlove":15,"SacredBark":21,"GremlinMask":5,"StoneCalendar":11,"downfall:HeartBlessingGreen":21,"Bag of Preparation":28,"Ginger":13,"Smiling Mask":4,"Boot":19,"SsserpentHead":5,"Nunchaku":31,"HornCleat":7,"Shovel":24,"FaceOfCleric":5,"DollysMirror":17,"downfall:HeartBlessingBlue":21,"downfall:ExtraCursedKey":23,"downfall:CloakOfManyFaces":5,"Potion Belt":8,"bronze:DonusWashers":28,"downfall:HeartBlessingRed":26,"PreservedInsect":4,"CultistMask":5,"Slimebound:AbsorbEndCombat":0,"Coffee Dripper":10,"NlothsMask":5},{"champ:DuelingGlove":74,"SacredBark":97,"GremlinMask":24,"StoneCalendar":53,"downfall:HeartBlessingGreen":97,"Bag of Preparation":121,"Ginger":64,"Smiling Mask":16,"Boot":88,"SsserpentHead":24,"Nunchaku":135,"HornCleat":33,"Shovel":106,"FaceOfCleric":24,"DollysMirror":81,"downfall:HeartBlessingBlue":97,"downfall:ExtraCursedKey":102,"downfall:CloakOfManyFaces":24,"Potion Belt":37,"bronze:DonusWashers":121,"downfall:HeartBlessingRed":115,"PreservedInsect":16,"CultistMask":24,"Slimebound:AbsorbEndCombat":0,"Coffee Dripper":49,"NlothsMask":24}]},"card_choices":[{"not_picked":["Slimebound:RallyTheTroops","Slimebound:MassRepurpose"],"picked":"Slimebound:Teamwork","floor":0},{"not_picked":["Slimebound:Schlurp","Slimebound:FinishingTackle"],"picked":"Slimebound:GoopSpray","floor":2},{"not_picked":["Slimebound:SplitLeeching","Slimebound:FinishingTackle"],"picked":"Slimebound:SplitSpecialist","floor":4},{"not_picked":["Slimebound:LivingWall","Slimebound:SlimeSpikes","Slimebound:ComboTackle"],"picked":"SKIP","floor":5},{"not_picked":["Slimebound:FlameTackle","Slimebound:DisruptingSlam"],"picked":"Slimebound:Recycling","floor":6},{"not_picked":["Slimebound:Replication","Slimebound:ProtectTheBoss"],"picked":"Slimebound:Dissolve","floor":9},{"not_picked":["Slimebound:Grow","Slimebound:TongueLash","Slimebound:ItLooksTasty"],"picked":"SKIP","floor":10},{"not_picked":["Slimebound:GoopTackle","Slimebound:RejuvenatingLick"],"picked":"Slimebound:SamplingLick","floor":11},{"not_picked":["Slimebound:LeechingTouch","Slimebound:SlimeSpikes"],"picked":"Slimebound:LevelUp","floor":14},{"not_picked":["Slimebound:TongueLash","Slimebound:ComboTackle"],"picked":"Slimebound:HauntingLick","floor":15},{"not_picked":["Slimebound:Recycling","Slimebound:SelfFormingGoo"],"picked":"Slimebound:OneTwoCombo","floor":16},{"not_picked":["Slimebound:GoopSpray","Slimebound:LeechingTouch+1"],"picked":"Slimebound:MegaLick","floor":19},{"not_picked":["Slimebound:DisruptingSlam","Slimebound:Schlurp"],"picked":"Slimebound:Prepare","floor":23},{"not_picked":["Slimebound:Chomp","Slimebound:LeechEnergy"],"picked":"Slimebound:SplitAcid","floor":25},{"not_picked":["Slimebound:AcidTongue+1","Slimebound:RollThrough"],"picked":"Slimebound:TagTeam","floor":26},{"not_picked":["Slimebound:HauntingLick","Slimebound:GoopSpray"],"picked":"Slimebound:SplitLeeching","floor":27},{"not_picked":["Slimebound:FormOfPuddle","Slimebound:Schlurp"],"picked":"Slimebound:SplitSpecialist","floor":28},{"not_picked":["Slimebound:SlimeSpikes","Slimebound:RollThrough","Slimebound:Dissolve"],"picked":"SKIP","floor":29},{"not_picked":["Slimebound:Grow","Slimebound:ItLooksTasty","Slimebound:RollThrough"],"picked":"SKIP","floor":30},{"not_picked":["Slimebound:ForwardTackle","Slimebound:GrowthPunch","Slimebound:LivingWall"],"picked":"SKIP","floor":31},{"not_picked":["Slimebound:Recollect","Slimebound:ViciousTackle"],"picked":"Slimebound:LevelUp","floor":32},{"not_picked":["Slimebound:TagTeam","Slimebound:PrepareCrush"],"picked":"Slimebound:SelfFormingGoo","floor":33},{"not_picked":["Slimebound:SplitBruiser+1","Slimebound:RollThrough","Slimebound:RainOfGoop"],"picked":"SKIP","floor":36},{"not_picked":["Slimebound:GoopSpray","Slimebound:Prepare","Slimebound:SplitBruiser"],"picked":"SKIP","floor":37},{"not_picked":["Slimebound:SplitMire","Slimebound:Equalize"],"picked":"Slimebound:ComboTackle+1","floor":39},{"not_picked":["Slimebound:SplitAcid+1","Slimebound:Gluttony"],"picked":"Slimebound:SplitSpecialist","floor":40},{"not_picked":["Slimebound:Schlurp","Slimebound:ProtectTheBoss","Slimebound:GoopSpray"],"picked":"SKIP","floor":42},{"not_picked":["Slimebound:ForwardTackle","Slimebound:HauntingLick"],"picked":"Slimebound:ServeAndProtect+1","floor":44},{"not_picked":["expansioncontent:Hexaburn","expansioncontent:HyperBeam"],"picked":"expansioncontent:YouAreMine","floor":46},{"not_picked":["expansioncontent:InvincibleStrength","expansioncontent:PolyBeam"],"picked":"expansioncontent:GuardianWhirl","floor":46},{"not_picked":["Slimebound:FlameTackle+1","Slimebound:LeechEnergy","Slimebound:Equalize+1"],"picked":"SKIP","floor":48},{"not_picked":["Slimebound:HungryTackle","Slimebound:Dissolve"],"picked":"Slimebound:ProtectTheBoss+1","floor":49},{"not_picked":["Slimebound:LeechEnergy+1","Slimebound:PressTheAttack"],"picked":"Slimebound:SlimeBarrage","floor":52}],"player_experience":1792130,"relics_obtained":[{"floor":6,"key":"PreservedInsect"},{"floor":7,"key":"Smiling Mask"},{"floor":9,"key":"downfall:CloakOfManyFaces"},{"floor":14,"key":"Potion Belt"},{"floor":25,"key":"Ginger"},{"floor":27,"key":"champ:DuelingGlove"},{"floor":31,"key":"Boot"},{"floor":39,"key":"Shovel"},{"floor":52,"key":"Nunchaku"}],"event_choices":[{"cards_removed":["Slimebound:Strike_Slimebound"],"damage_healed":0,"gold_gain":0,"player_choice":"Card Removal","damage_taken":0,"max_hp_gain":0,"max_hp_loss":0,"event_name":"The Cleric","floor":12,"gold_loss":0},{"damage_healed":0,"gold_gain":0,"player_choice":"Ignored","damage_taken":0,"max_hp_gain":0,"max_hp_loss":0,"event_name":"Vampires","floor":21,"gold_loss":0}],"is_beta":false,"boss_relics":[{"not_picked":["Slimebound:AbsorbEndCombatUpgraded","Empty Cage"],"picked":"Coffee Dripper"},{"not_picked":["Runic Pyramid","Sozu"],"picked":"SacredBark"}],"items_purged_floors":[11,29,48,53],"is_endless":false,"potions_floor_spawned":[4,6,14,16,19,25,27,31,32,33,37,39,40,52],"ascension_level":17}}