{"host":"8ztb9kwpjc2zof9s","time":1613352988,"event":{"mods":["BaseMod","Block Reminder","Curses Come First","Minty Spire (QoL Compilation)","Relic Stats","StSLib"],"gold_per_floor":[109,109,109,127,137,172,185,196,196,222,241,241,267,267,267,369,369,381,401,28,28,127,160,160,173,218,236,236,263,263,273,273,372,372,391,391,49,59,71,103,116,116,194,222,222,254,271,73,73,73],"floor_reached":51,"language":"ENG","playtime":2807,"items_purged":["Strike_G","Strike_G+1","Strike_G+1"],"score":1236,"play_id":"f710b9f1-5f9e-4542-a3c7-b8eb92c04c2c","local_time":"20210214173628","is_ascension_mode":true,"campfire_choices":[{"floor":12,"key":"REST"},{"floor":15,"key":"REST"},{"data":"Neutralize","floor":24,"key":"SMITH"},{"data":"Infinite Blades","floor":28,"key":"SMITH"},{"floor":32,"key":"REST"},{"data":"Adrenaline","floor":42,"key":"SMITH"},{"data":"Accuracy","floor":49,"key":"SMITH"}],"circlet_count":0,"master_deck":["AscendersBane","Strike_G+1","Defend_G+1","Defend_G+1","Defend_G+1","Defend_G+1","Defend_G+1","Survivor","Neutralize+1","Glass Knife","Infinite Blades+1","Infinite Blades","Venomology","Prepared","Cloak And Dagger","Escape Plan","Infinite Blades","Adrenaline+1","CurseOfTheBell","Prepared+1","Noxious Fumes","Noxious Fumes","Cloak And Dagger+1","Infinite Blades","Venomology","Envenom+1","Outmaneuver","Cloak And Dagger+1","Outmaneuver+1","Envenom+1","Backflip+1","Accuracy+1"],"relics":["Ring of the Snake","Thread and Needle","Molten Egg 2","Darkstone Periapt","Toy Ornithopter","Calling Bell","Bag of Preparation","Shuriken","Torii","Paper Crane","Kunai","MealTicket","Incense Burner","Nilry\u0027s Codex","Runic Pyramid","Pear","Nunchaku","Sundial","Pantograph","Girya"],"acts_visited":["Exordium","TheCity","TheBeyond"],"potions_floor_usage":[6,8,10,10,10,11,11,14,16,18,19,19,23,25,25,25,27,29,31,31,31,33,35,35,35,38,38,39,39,40,41,41,44,46,46,46,47,47,47,50,50],"damage_taken":[{"damage":0,"enemies":"Jaw Worm","floor":1,"turns":3},{"damage":0,"enemies":"Small Slimes","floor":4,"turns":3},{"damage":0,"enemies":"Cultist","floor":5,"turns":3},{"damage":16,"enemies":"Lagavulin","floor":6,"turns":8},{"damage":6,"enemies":"Large Slime","floor":7,"turns":6},{"damage":0,"enemies":"Blue Slaver","floor":8,"turns":3},{"damage":8,"enemies":"3 Sentries","floor":10,"turns":8},{"damage":0,"enemies":"Exordium Thugs","floor":11,"turns":4},{"damage":34,"enemies":"Gremlin Nob","floor":13,"turns":6},{"damage":0,"enemies":"3 Louse","floor":14,"turns":2},{"damage":38,"enemies":"The Guardian","floor":16,"turns":14},{"damage":13,"enemies":"Spheric Guardian","floor":18,"turns":4},{"damage":1,"enemies":"Chosen","floor":19,"turns":5},{"damage":4,"enemies":"Book of Stabbing","floor":23,"turns":7},{"damage":0,"enemies":"Sentry and Sphere","floor":25,"turns":6},{"damage":0,"enemies":"Snecko","floor":27,"turns":5},{"damage":9,"enemies":"Gremlin Leader","floor":29,"turns":6},{"damage":16,"enemies":"3 Cultists","floor":31,"turns":6},{"damage":22,"enemies":"Automaton","floor":33,"turns":8},{"damage":11,"enemies":"Orb Walker","floor":35,"turns":5},{"damage":3,"enemies":"3 Darklings","floor":38,"turns":7},{"damage":0,"enemies":"Maw","floor":39,"turns":6},{"damage":3,"enemies":"Nemesis","floor":40,"turns":7},{"damage":22,"enemies":"Spire Growth","floor":41,"turns":5},{"damage":18,"enemies":"Giant Head","floor":44,"turns":7},{"damage":8,"enemies":"Reptomancer","floor":46,"turns":7},{"damage":2,"enemies":"4 Shapes","floor":47,"turns":8},{"damage":135,"enemies":"Awakened One","floor":50,"turns":9}],"seed_played":"5675411348187533796","potions_obtained":[{"floor":1,"key":"Poison Potion"},{"floor":10,"key":"Fire Potion"},{"floor":13,"key":"SmokeBomb"},{"floor":16,"key":"CultistPotion"},{"floor":19,"key":"Weak Potion"},{"floor":23,"key":"Poison Potion"},{"floor":27,"key":"Fire Potion"},{"floor":29,"key":"AttackPotion"},{"floor":33,"key":"SpeedPotion"},{"floor":44,"key":"ColorlessPotion"},{"floor":46,"key":"Strength Potion"},{"floor":47,"key":"SmokeBomb"}],"is_trial":false,"path_per_floor":["M","?","?","M","M","E","M","M","T","E","M","R","E","M","R","B",null,"M","M","$","?","?","E","R","M","T","M","R","E","?","M","R","B",null,"M","?","$","M","M","E","M","R","T","E","?","E","M","$","R","B",null],"character_chosen":"THE_SILENT","items_purchased":["Noxious Fumes","Paper Crane","Pear","Accuracy"],"campfire_rested":3,"item_purchase_floors":[20,20,37,48],"current_hp_per_floor":[45,50,50,50,50,34,28,28,28,20,20,42,8,13,35,2,63,55,78,78,78,78,77,77,81,81,81,81,72,56,55,79,59,76,81,81,91,91,91,91,74,74,74,61,61,68,81,91,91,27],"gold":73,"neow_bonus":"THREE_RARE_CARDS","is_daily":false,"chose_seed":false,"campfire_upgraded":4,"win_rate":0.0,"timestamp":1613352988,"path_taken":["M","?","?","?","M","E","M","M","T","E","M","R","E","M","R","BOSS","M","M","$","?","?","E","R","M","T","M","R","E","?","?","R","BOSS","M","?","$","M","?","E","M","R","T","E","?","E","M","$","R","BOSS"],"items_purchased_type":["Card","Relic","Relic","Card"],"build_version":"2020-12-22","purchased_purges":3,"victory":true,"max_hp_per_floor":[70,75,75,75,75,75,75,75,75,75,75,75,75,75,75,75,81,81,81,81,81,81,81,81,81,81,81,81,81,81,81,81,81,81,81,81,91,91,91,91,91,91,91,91,91,91,91,91,91,91],"relic_stats":{"Darkstone Periapt":6,"Torii":40,"counters":[28,168],"Bag of Preparation":[34],"Nunchaku":[13],"Shuriken":[92],"Sundial":[2],"Pantograph":0,"MealTicket":10,"Kunai":[81],"obtain_stats":[{"Darkstone Periapt":10,"Girya":46,"Pear":37,"Torii":17,"Nilry\u0027s Codex":30,"Thread and Needle":6,"Bag of Preparation":17,"Incense Burner":29,"Paper Crane":20,"Calling Bell":17,"Nunchaku":40,"Shuriken":17,"Sundial":43,"Pantograph":44,"Molten Egg 2":9,"MealTicket":26,"Kunai":23,"Toy Ornithopter":13,"Ring of the Snake":0,"Runic Pyramid":34},{"Darkstone Periapt":7,"Girya":26,"Pear":20,"Torii":11,"Nilry\u0027s Codex":17,"Thread and Needle":4,"Bag of Preparation":11,"Incense Burner":17,"Paper Crane":13,"Calling Bell":11,"Nunchaku":23,"Shuriken":11,"Sundial":24,"Pantograph":25,"Molten Egg 2":6,"MealTicket":15,"Kunai":14,"Toy Ornithopter":9,"Ring of the Snake":0,"Runic Pyramid":19},{"Darkstone Periapt":34,"Girya":151,"Pear":112,"Torii":60,"Nilry\u0027s Codex":93,"Thread and Needle":17,"Bag of Preparation":60,"Incense Burner":93,"Paper Crane":69,"Calling Bell":60,"Nunchaku":132,"Shuriken":60,"Sundial":137,"Pantograph":144,"Molten Egg 2":26,"MealTicket":82,"Kunai":76,"Toy Ornithopter":44,"Ring of the Snake":0,"Runic Pyramid":107}],"Toy Ornithopter":116,"Ring of the Snake":[56]},"card_choices":[{"not_picked":["A Thousand Cuts","Burst"],"picked":"Glass Knife","floor":0},{"not_picked":["PiercingWail","Dagger Spray"],"picked":"Infinite Blades","floor":1},{"not_picked":["Quick Slash","Outmaneuver","Dagger Spray"],"picked":"SKIP","floor":4},{"not_picked":["Acrobatics","PiercingWail"],"picked":"Infinite Blades","floor":5},{"not_picked":["Slice","Underhanded Strike","Dagger Throw"],"picked":"SKIP","floor":6},{"not_picked":["Bane","Eviscerate"],"picked":"Venomology","floor":7},{"not_picked":["Quick Slash","Sucker Punch"],"picked":"Prepared","floor":8},{"not_picked":["Concentrate","Dodge and Roll"],"picked":"Cloak And Dagger","floor":10},{"not_picked":["Outmaneuver","Bane+1"],"picked":"Escape Plan","floor":11},{"not_picked":["PiercingWail","Prepared"],"picked":"Infinite Blades","floor":13},{"not_picked":["Doppelganger","Phantasmal Killer"],"picked":"Adrenaline","floor":16},{"not_picked":["Outmaneuver+1","Flying Knee+1"],"picked":"Prepared+1","floor":18},{"not_picked":["Underhanded Strike+1","Calculated Gamble","Sucker Punch+1"],"picked":"SKIP","floor":19},{"not_picked":["Terror","Bane+1"],"picked":"Noxious Fumes","floor":23},{"not_picked":["Bane+1","Blade Dance"],"picked":"Cloak And Dagger+1","floor":25},{"not_picked":["Deadly Poison","Sucker Punch+1"],"picked":"Infinite Blades","floor":27},{"not_picked":["Flying Knee+1","Masterful Stab+1"],"picked":"Venomology","floor":29},{"not_picked":["Finisher+1","Calculated Gamble+1","Quick Slash+1"],"picked":"SKIP","floor":31},{"not_picked":["Night Terror","Unload+1"],"picked":"Envenom","floor":33},{"not_picked":["Calculated Gamble+1","Dodge and Roll"],"picked":"Outmaneuver","floor":35},{"not_picked":["Choke+1","Dagger Throw+1"],"picked":"Cloak And Dagger+1","floor":38},{"not_picked":["Caltrops","Acrobatics+1"],"picked":"Outmaneuver+1","floor":39},{"not_picked":["Sucker Punch+1","Crippling Poison+1","Dodge and Roll+1"],"picked":"SKIP","floor":40},{"not_picked":["Eviscerate+1","Choke+1","Dagger Spray+1"],"picked":"SKIP","floor":41},{"not_picked":["Deflect+1","Dagger Spray+1","Sucker Punch+1"],"picked":"SKIP","floor":44},{"not_picked":["Choke+1","Acrobatics+1","Underhanded Strike+1"],"picked":"SKIP","floor":46},{"not_picked":["Concentrate","Dagger Throw+1"],"picked":"Backflip+1","floor":47}],"player_experience":340688,"relics_obtained":[{"floor":6,"key":"Thread and Needle"},{"floor":9,"key":"Molten Egg 2"},{"floor":10,"key":"Darkstone Periapt"},{"floor":13,"key":"Toy Ornithopter"},{"floor":17,"key":"Bag of Preparation"},{"floor":17,"key":"Shuriken"},{"floor":17,"key":"Torii"},{"floor":23,"key":"Kunai"},{"floor":26,"key":"MealTicket"},{"floor":29,"key":"Incense Burner"},{"floor":30,"key":"Nilry\u0027s Codex"},{"floor":40,"key":"Nunchaku"},{"floor":43,"key":"Sundial"},{"floor":44,"key":"Pantograph"},{"floor":46,"key":"Girya"}],"event_choices":[{"damage_healed":0,"gold_gain":0,"player_choice":"Donut","damage_taken":0,"max_hp_gain":5,"max_hp_loss":0,"event_name":"Big Fish","floor":2,"gold_loss":0},{"cards_removed":["Strike_G"],"damage_healed":0,"gold_gain":0,"player_choice":"Offered Basic","damage_taken":0,"max_hp_gain":0,"max_hp_loss":0,"event_name":"Bonfire Elementals","floor":3,"gold_loss":0},{"damage_healed":0,"gold_gain":0,"player_choice":"Simplicity","damage_taken":0,"max_hp_gain":0,"max_hp_loss":0,"event_name":"Back to Basics","floor":21,"gold_loss":0,"cards_upgraded":["Strike_G","Strike_G","Strike_G","Defend_G","Defend_G","Defend_G","Defend_G","Defend_G"]},{"damage_healed":0,"gold_gain":99,"player_choice":"Stole From Cult","damage_taken":0,"max_hp_gain":0,"max_hp_loss":0,"event_name":"Nest","floor":22,"gold_loss":0},{"damage_healed":0,"gold_gain":0,"player_choice":"Obtained Book","damage_taken":16,"max_hp_gain":0,"max_hp_loss":0,"event_name":"Cursed Tome","floor":30,"gold_loss":0},{"damage_healed":0,"gold_gain":0,"player_choice":"Upgraded","damage_taken":0,"max_hp_gain":0,"max_hp_loss":0,"event_name":"Upgrade Shrine","floor":36,"gold_loss":0,"cards_upgraded":["Envenom"]},{"damage_healed":0,"gold_gain":0,"player_choice":"Copied","damage_taken":0,"max_hp_gain":0,"max_hp_loss":0,"event_name":"Duplicator","floor":45,"gold_loss":0,"cards_obtained":["Envenom"]}],"is_beta":false,"boss_relics":[{"not_picked":["Empty Cage","Philosopher\u0027s Stone"],"picked":"Calling Bell"},{"not_picked":["Sozu","Astrolabe"],"picked":"Runic Pyramid"}],"items_purged_floors":[20,37,48],"is_endless":false,"potions_floor_spawned":[1,10,13,16,19,23,27,29,33,44,46,47],"ascension_level":11}}