{"host":"c64dsqyrqv0ei9yn","time":1613423095,"event":{"mods":["BaseMod","Bestiary","Colored Map","Duelist Mod","LagranYue(ùfäiòNÅEåé)","Minty Spire (QoL Compilation)","Prisma Mod","Random Character Button","StSLib","The Alterego","The Servant 0.9.4"],"gold_per_floor":[114,33,44,57,75,75,75,75,75,94,158,177,60,89,89,192,192,212,231,250,26,39,39,39,39],"floor_reached":24,"language":"ENG","playtime":1091,"items_purged":["Strike_R"],"score":220,"play_id":"915f3072-6f27-4cef-9398-2210c498467c","local_time":"20210215210455","is_ascension_mode":true,"campfire_choices":[{"data":"Armaments","floor":6,"key":"SMITH"},{"floor":8,"key":"REST"},{"floor":15,"key":"REST"},{"floor":23,"key":"REST"}],"circlet_count":0,"master_deck":["Strike_R","Strike_R","Strike_R","Strike_R","Defend_R","Defend_R","Defend_R","Defend_R","Bash","Warcry","Iron Wave","Fire Breathing","Shrug It Off","Armaments+1","Clothesline","Sword Boomerang","Headbutt","Impervious","Spot Weakness","Inflame","Pummel","Double Tap","Pommel Strike+1","Perfected Strike","Cleave"],"relics":["Burning Blood","Bottled Flame","Darkstone Periapt","LagranYue:ContractPerformanceRelic","Toolbox"],"acts_visited":["Exordium","TheCity"],"potions_floor_usage":[16,20,22],"damage_taken":[{"damage":4,"enemies":"2 Louse","floor":1,"turns":3},{"damage":5,"enemies":"Cultist","floor":3,"turns":4},{"damage":7,"enemies":"Jaw Worm","floor":4,"turns":3},{"damage":40,"enemies":"Lots of Slimes","floor":5,"turns":7},{"damage":47,"enemies":"Exordium Thugs","floor":10,"turns":7},{"damage":9,"enemies":"Red Slaver","floor":12,"turns":4},{"damage":22,"enemies":"Lagavulin","floor":14,"turns":8},{"damage":22,"enemies":"Hexaghost","floor":16,"turns":9},{"damage":16,"enemies":"2 Thieves","floor":18,"turns":4},{"damage":32,"enemies":"Chosen","floor":19,"turns":5},{"damage":29,"enemies":"Centurion and Healer","floor":20,"turns":6},{"damage":17,"enemies":"Snecko","floor":22,"turns":5},{"damage":35,"enemies":"Slavers","floor":24,"turns":2}],"seed_played":"4993345229074669321","potions_obtained":[{"floor":4,"key":"Fire Potion"},{"floor":5,"key":"SneckoOil"},{"floor":10,"key":"SneckoOil"},{"floor":16,"key":"LiquidMemories"},{"floor":18,"key":"Ancient Potion"},{"floor":20,"key":"Dexterity Potion"}],"is_trial":false,"path_per_floor":["M","$","M","M","M","R","?","R","T","M","?","M","$","E","R","B",null,"M","M","M","$","M","R","E"],"character_chosen":"IRONCLAD","items_purchased":["Fire Breathing","Shrug It Off","Spot Weakness","Inflame","Toolbox"],"campfire_rested":3,"item_purchase_floors":[2,2,13,13,21],"current_hp_per_floor":[80,80,80,79,45,45,45,69,69,28,28,25,25,9,33,17,80,70,44,21,21,10,34,0,0],"gold":39,"neow_bonus":"THREE_CARDS","is_daily":false,"chose_seed":false,"campfire_upgraded":1,"win_rate":0.0,"timestamp":1613423095,"path_taken":["M","$","M","M","M","R","?","R","T","?","?","M","?","E","R","BOSS","M","M","M","$","?","R","E"],"items_purchased_type":["Card","Card","Card","Card","Relic"],"build_version":"2020-12-22","purchased_purges":1,"victory":false,"max_hp_per_floor":[80,80,80,80,80,80,80,80,80,80,80,80,80,80,80,80,80,80,80,80,80,80,80,80,80],"card_choices":[{"not_picked":["Reckless Charge","True Grit"],"picked":"Warcry","floor":0},{"not_picked":["Thunderclap","Cleave"],"picked":"Iron Wave","floor":1},{"not_picked":["Thunderclap","Clash"],"picked":"Armaments","floor":3},{"not_picked":["Infernal Blade","Shrug It Off"],"picked":"Clothesline","floor":4},{"not_picked":["Intimidate","Sever Soul"],"picked":"Sword Boomerang","floor":5},{"not_picked":["Feel No Pain","Clash"],"picked":"Headbutt","floor":10},{"not_picked":["Twin Strike","Uppercut"],"picked":"Impervious","floor":12},{"not_picked":["Headbutt","Carnage"],"picked":"Pummel","floor":14},{"not_picked":["Fiend Fire","Reaper"],"picked":"Double Tap","floor":16},{"not_picked":["Flex+1","Infernal Blade"],"picked":"Pommel Strike+1","floor":18},{"not_picked":["Flex+1","Sword Boomerang","Battle Trance"],"picked":"SKIP","floor":19},{"not_picked":["Twin Strike","Shrug It Off"],"picked":"Perfected Strike","floor":20},{"not_picked":["Perfected Strike","Fire Breathing"],"picked":"Cleave","floor":22}],"player_experience":70032,"relics_obtained":[{"floor":9,"key":"Bottled Flame"},{"floor":14,"key":"Darkstone Periapt"}],"event_choices":[{"damage_healed":0,"gold_gain":0,"player_choice":"Bought 0 Potions","damage_taken":0,"max_hp_gain":0,"max_hp_loss":0,"event_name":"The Woman in Blue","floor":7,"gold_loss":0},{"damage_healed":0,"gold_gain":64,"player_choice":"Gained Gold","damage_taken":0,"max_hp_gain":0,"max_hp_loss":0,"event_name":"Golden Wing","floor":11,"gold_loss":0}],"is_beta":false,"boss_relics":[{"not_picked":["Calling Bell","Runic Cube"],"picked":"LagranYue:ContractPerformanceRelic"}],"items_purged_floors":[21],"is_endless":false,"potions_floor_spawned":[4,5,10,16,18,20],"killed_by":"Slavers","ascension_level":2}}