{"host":"1z4hbl9vfqrhg136","time":1613429586,"event":{"mods":["BaseMod","Minty Spire (QoL Compilation)"],"gold_per_floor":[116,116,116,61,81,115,161,161,234,234,262,280,306,306,306,306,306],"floor_reached":16,"language":"ENG","playtime":936,"items_purged":[],"score":282,"play_id":"461ace9d-9c6e-4e9a-afc3-e7d7208a37c4","local_time":"20210215225306","is_ascension_mode":true,"campfire_choices":[{"data":"Neutralize","floor":8,"key":"SMITH"},{"floor":10,"key":"REST"},{"floor":15,"key":"REST"}],"circlet_count":0,"master_deck":["AscendersBane","Strike_G","Strike_G","Strike_G","Strike_G","Strike_G","Defend_G","Defend_G","Defend_G","Defend_G","Defend_G","Survivor","Neutralize+1","Cloak And Dagger","Dagger Throw+1","Flying Knee","Blade Dance","Dagger Spray+1","Poisoned Stab"],"relics":["Ring of the Snake","Strawberry","Akabeko","Bird Faced Urn","Omamori","Ornamental Fan","Ancient Tea Set","Blood Vial"],"acts_visited":["Exordium"],"potions_floor_usage":[6,11,16],"damage_taken":[{"damage":1,"enemies":"2 Louse","floor":1,"turns":5},{"damage":6,"enemies":"Jaw Worm","floor":5,"turns":5},{"damage":21,"enemies":"Lagavulin","floor":6,"turns":6},{"damage":0,"enemies":"3 Sentries","floor":11,"turns":7},{"damage":0,"enemies":"Cultist","floor":12,"turns":2},{"damage":11,"enemies":"Lagavulin","floor":13,"turns":5},{"damage":41,"enemies":"Hexaghost","floor":16,"turns":9}],"seed_played":"-3402417934822816849","potions_obtained":[{"floor":1,"key":"FearPotion"},{"floor":6,"key":"Swift Potion"},{"floor":12,"key":"CunningPotion"}],"is_trial":false,"path_per_floor":["M","?","?","$","M","E","T","R","T","R","E","M","E","?","R","B"],"character_chosen":"THE_SILENT","items_purchased":["Dagger Throw"],"campfire_rested":2,"item_purchase_floors":[4],"current_hp_per_floor":[65,54,54,54,48,27,27,27,27,48,48,48,37,15,36,0,0],"gold":306,"neow_bonus":"RANDOM_COMMON_RELIC","is_daily":false,"chose_seed":false,"campfire_upgraded":1,"win_rate":0.0,"timestamp":1613429586,"path_taken":["M","?","?","?","?","E","?","R","T","R","E","?","E","?","R","BOSS"],"items_purchased_type":["Card"],"build_version":"2020-12-22","purchased_purges":0,"victory":false,"max_hp_per_floor":[73,73,73,73,73,73,73,73,73,73,73,73,73,73,73,73,73],"card_choices":[{"not_picked":["Eviscerate","Distraction"],"picked":"Cloak And Dagger","floor":1},{"not_picked":["Escape Plan","Dagger Throw"],"picked":"Flying Knee","floor":5},{"not_picked":["Blur","Calculated Gamble"],"picked":"Blade Dance","floor":6},{"not_picked":["All Out Attack","Dodge and Roll"],"picked":"Dagger Spray","floor":11},{"not_picked":["Underhanded Strike","Crippling Poison","Outmaneuver"],"picked":"SKIP","floor":12},{"not_picked":["Flechettes","Crippling Poison"],"picked":"Poisoned Stab","floor":13}],"player_experience":1952789,"relics_obtained":[{"floor":6,"key":"Bird Faced Urn"},{"floor":7,"key":"Omamori"},{"floor":9,"key":"Ornamental Fan"},{"floor":11,"key":"Ancient Tea Set"},{"floor":13,"key":"Blood Vial"}],"event_choices":[{"damage_healed":0,"gold_gain":0,"player_choice":"Success","damage_taken":11,"relics_obtained":["Akabeko"],"max_hp_gain":0,"max_hp_loss":0,"event_name":"Scrap Ooze","floor":2,"gold_loss":0},{"damage_healed":0,"gold_gain":0,"player_choice":"Ignored","damage_taken":0,"max_hp_gain":0,"max_hp_loss":0,"event_name":"Liars Game","floor":3,"gold_loss":0},{"damage_healed":0,"gold_gain":0,"player_choice":"Entered Light","damage_taken":22,"max_hp_gain":0,"max_hp_loss":0,"event_name":"Shining Light","floor":14,"gold_loss":0,"cards_upgraded":["Dagger Spray","Dagger Throw"]}],"is_beta":false,"boss_relics":[],"items_purged_floors":[],"is_endless":false,"potions_floor_spawned":[1,6,12],"killed_by":"Hexaghost","ascension_level":20}}