{"host":"6xsbn6ynqlzwllfm","time":1613396673,"event":{"mods":["2.2 Compatiblity","BaseMod","Bestiary","Colored Map","Colored Powertips","Curses Come First","Downfall","Highlight Path","Keyboard Shortcuts","Minty Spire (QoL Compilation)","Relic Stats","Slay the Relics Exporter","StSLib","SuperFastMode"],"gold_per_floor":[99,112,122,222,38,138,184,201,221,239,139,157,157,192,204,278,278,278,291,307,320,320,8,31,42,59,94,94,94,109,109,109,109],"floor_reached":31,"language":"ENG","playtime":1536,"items_purged":["Doubt"],"score":536,"play_id":"35beacfd-2c87-4c5f-9a17-1949f73e4b5f","local_time":"20210215084433","is_ascension_mode":true,"campfire_choices":[{"data":"bronze:Goto","floor":1,"key":"SMITH"},{"floor":11,"key":"REST"},{"floor":13,"key":"REST"},{"floor":18,"key":"RECALL"},{"floor":28,"key":"REST"}],"circlet_count":0,"master_deck":["AscendersBane","bronze:Strike","bronze:Strike","bronze:Strike","bronze:Defend","bronze:Defend","bronze:Defend","bronze:Defend","bronze:Replicate","bronze:Goto+1","bronze:Boost","bronze:Frontload","downfall:Haunted","downfall:Haunted","downfall:Haunted","bronze:CleanCode","bronze:Fortify","bronze:Repulsor+1","bronze:DelayedGuard","bronze:MaxOutput","bronze:SpaghettiCode","bronze:Return","bronze:Virus","bronze:MaxOutput","bronze:DelayedGuard","bronze:HardenedForm","RitualDagger","bronze:MaxOutput","bronze:Boost","bronze:ChildClass"],"relics":["bronze:BronzeCore","Darkstone Periapt","downfall:HeartBlessingBlue","Lantern","Sozu","bronze:Mallet","Potion Belt","Incense Burner"],"acts_visited":["Exordium","TheCity"],"potions_floor_usage":[27,30],"damage_taken":[{"damage":4,"enemies":"Small Slimes","floor":2,"turns":4},{"damage":0,"enemies":"2 Louse","floor":3,"turns":4},{"damage":0,"enemies":"downfall:FleeingMerchant","floor":5,"turns":4},{"damage":76,"enemies":"downfall:Heads","floor":6,"turns":7},{"damage":0,"enemies":"Jaw Worm","floor":8,"turns":5},{"damage":7,"enemies":"Exordium Wildlife","floor":9,"turns":2},{"damage":0,"enemies":"Red Slaver","floor":10,"turns":5},{"damage":12,"enemies":"2 Fungi Beasts","floor":12,"turns":4},{"damage":0,"enemies":"Lagavulin","floor":14,"turns":4},{"damage":4,"enemies":"Blue Slaver","floor":15,"turns":5},{"damage":23,"enemies":"IC_STATUS_ARCHETYPE","floor":16,"turns":9},{"damage":1,"enemies":"3 Byrds","floor":19,"turns":6},{"damage":3,"enemies":"Spheric Guardian","floor":20,"turns":4},{"damage":0,"enemies":"Cultist and Chosen","floor":21,"turns":6},{"damage":0,"enemies":"downfall:FleeingMerchant","floor":23,"turns":4},{"damage":8,"enemies":"Centurion and Healer","floor":25,"turns":9},{"damage":40,"enemies":"3 Cultists","floor":26,"turns":7},{"damage":28,"enemies":"Book of Stabbing","floor":27,"turns":4},{"damage":27,"enemies":"Snake Plant","floor":30,"turns":6},{"damage":11,"enemies":"Slavers","floor":31,"turns":1}],"seed_played":"-955534395321405780","potions_obtained":[{"floor":6,"key":"DuplicationPotion"},{"floor":9,"key":"sneckomod:MuddlingPotion"},{"floor":10,"key":"SteroidPotion"}],"is_trial":false,"path_per_floor":["R","M","M","?","$","?","T","M","M","M","R","M","R","E","M","B",null,"R","M","M","M","?","$","T","M","M","E","R","?","M","E"],"character_chosen":"THE_AUTOMATON","items_purchased":["bronze:Repulsor","bronze:DelayedGuard","bronze:Mallet"],"campfire_rested":3,"item_purchase_floors":[5,5,23],"current_hp_per_floor":[63,59,59,94,94,18,18,18,11,11,55,43,77,77,73,50,98,98,97,94,94,88,88,88,80,40,12,46,29,2,0,0,0],"gold":109,"neow_bonus":"TEN_PERCENT_HP_BONUS","is_daily":false,"chose_seed":false,"campfire_upgraded":1,"win_rate":0.0,"timestamp":1613396673,"path_taken":["R","M","M","?","$","?","T","M","M","M","R","M","R","E","M","BOSS","R","M","M","M","?","$","T","M","M","E","R","?","?","E"],"items_purchased_type":["Card","Card","Relic"],"build_version":"2020-12-22","purchased_purges":1,"victory":false,"max_hp_per_floor":[69,69,69,104,104,104,104,104,104,104,114,114,114,114,114,114,114,114,114,114,114,114,114,114,114,114,114,114,114,114,114,114,114],"relic_stats":{"Darkstone Periapt":30,"Sozu":3,"counters":[20,100],"obtain_stats":[{"Darkstone Periapt":4,"Sozu":17,"Potion Belt":24,"Lantern":14,"bronze:BronzeCore":0,"downfall:HeartBlessingBlue":11,"Incense Burner":27,"bronze:Mallet":23},{"Darkstone Periapt":2,"Sozu":11,"Potion Belt":15,"Lantern":9,"bronze:BronzeCore":0,"downfall:HeartBlessingBlue":7,"Incense Burner":18,"bronze:Mallet":15},{"Darkstone Periapt":8,"Sozu":53,"Potion Belt":73,"Lantern":39,"bronze:BronzeCore":0,"downfall:HeartBlessingBlue":31,"Incense Burner":93,"bronze:Mallet":73}]},"card_choices":[{"not_picked":["bronze:Iterate","bronze:Frontload"],"picked":"bronze:Boost","floor":2},{"not_picked":["bronze:Invalidate","bronze:CutThrough"],"picked":"bronze:Frontload","floor":3},{"not_picked":["bronze:Turbo","bronze:Deprecate"],"picked":"bronze:Fortify","floor":5},{"not_picked":["bronze:WildBeam","bronze:ChosenStrike"],"picked":"bronze:MaxOutput","floor":6},{"not_picked":["bronze:CutThrough","bronze:Shield"],"picked":"bronze:Return","floor":9},{"not_picked":["bronze:CutThrough","bronze:Deprecate"],"picked":"bronze:Virus","floor":10},{"not_picked":["bronze:Backtrace","bronze:Return"],"picked":"bronze:MaxOutput","floor":12},{"not_picked":["bronze:Iterate","bronze:Deprecate"],"picked":"bronze:DelayedGuard","floor":15},{"not_picked":["bronze:RecursiveStrike","bronze:SpaghettiCode"],"picked":"bronze:HardenedForm","floor":16},{"not_picked":["bronze:ForceShield","bronze:BugBarrage","bronze:WhirlingStrike"],"picked":"SKIP","floor":20},{"not_picked":["bronze:Overheat","bronze:Allocate+1","bronze:Backtrace"],"picked":"SKIP","floor":21},{"not_picked":["bronze:ChildClass","bronze:Constructor"],"picked":"bronze:MaxOutput","floor":23},{"not_picked":["bronze:Repair","bronze:DelayedSlice","bronze:Shield"],"picked":"SKIP","floor":25},{"not_picked":["bronze:ForLoop","bronze:WildBeam"],"picked":"bronze:Boost","floor":26},{"not_picked":["bronze:FineTuning","bronze:NullPointer"],"picked":"bronze:ChildClass","floor":27},{"not_picked":["bronze:Deprecate","bronze:CutThrough+1","bronze:WildBeam"],"picked":"SKIP","floor":30}],"player_experience":1797944,"relics_obtained":[{"floor":14,"key":"Lantern"},{"floor":24,"key":"Potion Belt"},{"floor":27,"key":"Incense Burner"}],"event_choices":[],"is_beta":false,"boss_relics":[{"not_picked":["Black Star","Runic Dome"],"picked":"Sozu"}],"items_purged_floors":[5],"is_endless":false,"potions_floor_spawned":[6,9,10,15,16,19,20,26],"killed_by":"Slavers","ascension_level":14}}