{"host":"yeg3u3dfqewtiiug","time":1613425635,"event":{"mods":["AchievementEnabler","BaseMod","Downfall","Minty Spire (QoL Compilation)","StSLib"],"gold_per_floor":[99,112,129,41,60,94,394,411,411,423,438,438,338,366,380,476,476,376,390,390,240,69,81,81,98,126,155,174,174,174,174,188,288,288,288,306,306,318,335,82,109,109,94,129,147,147,147,147,157,157],"floor_reached":51,"language":"ENG","playtime":8358,"items_purged":["champ:Strike"],"score":779,"play_id":"8610f868-90a6-41ee-91ee-dcc76e50995b","local_time":"20210215154715","is_ascension_mode":false,"campfire_choices":[{"data":"champ:Taunt","floor":1,"key":"SMITH"},{"floor":12,"key":"RECALL"},{"data":"champ:HoldFirm","floor":13,"key":"SMITH"},{"data":"champ:SteelEdge","floor":18,"key":"SMITH"},{"data":"expansioncontent:Hexaburn","floor":30,"key":"SMITH"},{"data":"champ:Improvising","floor":35,"key":"SMITH"},{"data":"champ:StanceDance","floor":42,"key":"SMITH"},{"data":"expansioncontent:Chronoboost","floor":47,"key":"SMITH"}],"circlet_count":0,"master_deck":["champ:Strike","champ:Defend","champ:Defend","champ:Defend","champ:Defend+1","champ:Execute","champ:Taunt+1","champ:FlashCut","champ:BringItOn","champ:FlashCut","champ:HoldFirm+1","champ:ArenaPreparation","champ:Haymaker","champ:Shatter","champ:AdrenalArmor","champ:SteelEdge+1","champ:Circumvent+1","expansioncontent:Hexaburn+1","champ:CrownThrow","champ:DeathBlow","champ:CalledShot","champ:FalseCounter+1","champ:Improvising+1","champ:StanceDance+1","champ:ShieldWall","champ:MurderStrike","expansioncontent:Chronoboost+1"],"relics":["champ:ChampionCrownUpgraded","WingedGreaves","Old Coin","downfall:HeartBlessingRed","Unceasing Top","downfall:HeartBlessingGreen","Pantograph","TungstenRod","Mummified Hand","Lizard Tail","Philosopher\u0027s Stone","Bag of Preparation","InkBottle"],"acts_visited":["Exordium","TheCity","TheBeyond"],"potions_floor_usage":[14,16,23,26,26,26,26,27,50,50,50],"damage_taken":[{"damage":12,"enemies":"2 Louse","floor":2,"turns":3},{"damage":26,"enemies":"Cultist","floor":3,"turns":5},{"damage":20,"enemies":"downfall:FleeingMerchant","floor":4,"turns":4},{"damage":10,"enemies":"Jaw Worm","floor":5,"turns":3},{"damage":32,"enemies":"Lagavulin","floor":6,"turns":7},{"damage":0,"enemies":"Exordium Wildlife","floor":8,"turns":4},{"damage":10,"enemies":"2 Fungi Beasts","floor":10,"turns":3},{"damage":3,"enemies":"Red Slaver","floor":11,"turns":3},{"damage":38,"enemies":"Gremlin Nob","floor":14,"turns":4},{"damage":20,"enemies":"Exordium Wildlife","floor":15,"turns":3},{"damage":34,"enemies":"DF_ARCHETYPE_STREAMLINE","floor":16,"turns":11},{"damage":15,"enemies":"Chosen","floor":19,"turns":5},{"damage":10,"enemies":"downfall:FleeingMerchant","floor":22,"turns":4},{"damage":15,"enemies":"3 Byrds","floor":23,"turns":5},{"damage":30,"enemies":"Sentry and Sphere","floor":25,"turns":4},{"damage":5,"enemies":"Slavers","floor":26,"turns":6},{"damage":31,"enemies":"Book of Stabbing","floor":27,"turns":6},{"damage":36,"enemies":"Snecko","floor":28,"turns":6},{"damage":44,"enemies":"Shelled Parasite and Fungi","floor":32,"turns":7},{"damage":87,"enemies":"WA_ARCHETYPE_CALM","floor":33,"turns":17},{"damage":30,"enemies":"Orb Walker","floor":36,"turns":3},{"damage":26,"enemies":"3 Shapes","floor":38,"turns":4},{"damage":48,"enemies":"3 Darklings","floor":39,"turns":5},{"damage":42,"enemies":"downfall:FleeingMerchant","floor":40,"turns":4},{"damage":8,"enemies":"downfall:FleeingMerchant","floor":43,"turns":4},{"damage":69,"enemies":"Giant Head","floor":44,"turns":7},{"damage":60,"enemies":"Spire Growth","floor":45,"turns":4},{"damage":4,"enemies":"Writhing Mass","floor":49,"turns":3},{"damage":75,"enemies":"SI_POISON_ARCHETYPE","floor":50,"turns":12}],"seed_played":"9033371779019363413","potions_obtained":[{"floor":6,"key":"SkillPotion"},{"floor":8,"key":"SpeedPotion"},{"floor":11,"key":"EntropicBrew"},{"floor":15,"key":"DuplicationPotion"},{"floor":16,"key":"PowerPotion"},{"floor":23,"key":"ColorlessPotion"},{"floor":25,"key":"EssenceOfSteel"},{"floor":36,"key":"Dexterity Potion"},{"floor":45,"key":"ColorlessPotion"},{"floor":49,"key":"EssenceOfSteel"}],"is_trial":false,"path_per_floor":["R","M","M","$","M","E","T","M","?","M","M","R","R","E","M","B",null,"R","M","?","?","$","M","T","M","E","E","M","?","R","T","M","B",null,"R","M","?","M","M","$","T","R","$","E","M","?","R","?","M","B",null],"character_chosen":"THE_CHAMP","items_purchased":["champ:BringItOn","champ:FlashCut","expansioncontent:Hexaburn","champ:ShieldWall","champ:MurderStrike"],"campfire_rested":0,"item_purchase_floors":[4,4,22,40,40],"current_hp_per_floor":[99,97,91,91,91,79,79,79,79,79,76,76,76,58,58,54,99,99,99,99,109,109,94,94,84,84,88,82,82,82,82,78,41,109,109,109,109,109,93,101,101,101,103,89,74,74,74,67,68,53],"gold":157,"neow_bonus":"TEN_PERCENT_HP_BONUS","is_daily":false,"chose_seed":false,"campfire_upgraded":7,"win_rate":0.0,"timestamp":1613425635,"path_taken":["R","M","M","$","M","E","T","M","?","?","M","R","R","E","M","BOSS","R","M","?","?","$","M","T","M","E","E","?","?","R","?","M","BOSS","R","M","?","M","M","$","T","R","$","E","?","?","R","?","M","BOSS"],"items_purchased_type":["Card","Card","Card","Card","Card"],"build_version":"2020-12-22","purchased_purges":1,"victory":true,"max_hp_per_floor":[99,99,99,99,99,99,99,99,99,99,99,99,99,99,99,99,99,99,99,99,109,109,109,109,109,109,109,109,109,109,109,109,109,109,109,109,109,109,109,109,109,109,109,109,109,109,109,109,109,109],"card_choices":[{"not_picked":["champ:DefensiveShout","champ:PerfectedStrike","champ:Circumvent"],"picked":"SKIP","floor":2},{"not_picked":["champ:BerserkersShout","champ:DefensiveShout"],"picked":"champ:GladiatorStyle","floor":3},{"not_picked":["champ:RapidStrikes","champ:DefensiveShout"],"picked":"champ:FlashCut","floor":4},{"not_picked":["champ:AdrenalArmor","champ:GutPunch"],"picked":"champ:HoldFirm","floor":5},{"not_picked":["champ:CrookedStrike","champ:DefensiveShout"],"picked":"champ:ArenaPreparation","floor":6},{"not_picked":["champ:Endure","champ:RapidStrikes","champ:Backstep"],"picked":"SKIP","floor":8},{"not_picked":["champ:HeartStrike","champ:TornadoPunch","champ:StanceDance"],"picked":"SKIP","floor":10},{"not_picked":["champ:EnGarde","champ:Haymaker"],"picked":"champ:Shatter","floor":11},{"not_picked":["champ:PreciseThrust","champ:Devastate"],"picked":"champ:AdrenalArmor","floor":14},{"not_picked":["champ:SkillfulDodge","champ:PreciseThrust","champ:RisingSlash"],"picked":"SKIP","floor":15},{"not_picked":["champ:SwordThrow","champ:StrikeOfGenius"],"picked":"champ:SteelEdge","floor":16},{"not_picked":["champ:BerserkersShout","champ:Backstep","champ:RapidStrikes"],"picked":"SKIP","floor":19},{"not_picked":["champ:TornadoPunch","champ:AdrenalArmor+1"],"picked":"champ:Circumvent+1","floor":22},{"not_picked":["champ:EnGarde+1","champ:PerfectedStrike"],"picked":"champ:CrownThrow","floor":23},{"not_picked":["champ:StrikeOfGenius","champ:PreemptiveStrike","champ:Lariat"],"picked":"SKIP","floor":25},{"not_picked":["champ:CheapShot","champ:BerserkersShout+1"],"picked":"champ:DeathBlow","floor":26},{"not_picked":["champ:Parry","champ:Backstep"],"picked":"champ:CalledShot","floor":27},{"not_picked":["champ:BringItOn","champ:Lariat","champ:Backstep"],"picked":"SKIP","floor":28},{"not_picked":["champ:BringItOn","champ:Lariat","champ:Backstep"],"picked":"SKIP","floor":28},{"not_picked":["champ:CalledShot","champ:Circumvent"],"picked":"champ:FalseCounter+1","floor":32},{"not_picked":["champ:SteelEdge","champ:VampiricStrike"],"picked":"champ:Improvising","floor":33},{"not_picked":["champ:RapidStrikes","champ:BerserkersShout+1","champ:CrownThrow"],"picked":"SKIP","floor":36},{"not_picked":["champ:FaceSlap","champ:GutPunch","champ:CrownThrow+1"],"picked":"SKIP","floor":38},{"not_picked":["champ:Shatter+1","champ:HeartStrike","champ:PerfectedStrike+1"],"picked":"SKIP","floor":39},{"not_picked":["champ:FocusedBerserking","champ:Shatter"],"picked":"champ:StanceDance","floor":40},{"not_picked":["champ:AdrenalArmor","champ:Shatter+1","champ:Improvising"],"picked":"SKIP","floor":43},{"not_picked":["champ:AdrenalArmor+1","champ:ArenaPreparation+1","champ:EndlessRage"],"picked":"SKIP","floor":44},{"not_picked":["champ:AdrenalArmor+1","champ:StanceDance+1","champ:BladeFlurry"],"picked":"SKIP","floor":45},{"not_picked":["expansioncontent:YouAreMine","expansioncontent:HyperBeam"],"picked":"expansioncontent:Chronoboost","floor":46},{"not_picked":["champ:EnGarde+1","champ:GladiatorStyle","champ:Circumvent"],"picked":"SKIP","floor":49}],"player_experience":374929,"relics_obtained":[{"floor":6,"key":"WingedGreaves"},{"floor":7,"key":"Old Coin"},{"floor":14,"key":"Unceasing Top"},{"floor":24,"key":"Pantograph"},{"floor":26,"key":"TungstenRod"},{"floor":27,"key":"Mummified Hand"},{"floor":31,"key":"Lizard Tail"},{"floor":41,"key":"Bag of Preparation"},{"floor":44,"key":"InkBottle"}],"event_choices":[],"is_beta":false,"boss_relics":[{"not_picked":["Pandora\u0027s Box","bronze:MakeshiftBattery"],"picked":"champ:ChampionCrownUpgraded"},{"not_picked":["Tiny House","SlaversCollar"],"picked":"Philosopher\u0027s Stone"}],"items_purged_floors":[22],"is_endless":false,"potions_floor_spawned":[6,8,11,15,16,19,23,25,36,45,49],"ascension_level":0}}