{"host":"a5lz0e76zb3fcwkm","time":1613399034,"event":{"mods":["AchievementEnabler","BaseMod","Colored Map","Colored Powertips","Minty Spire (QoL Compilation)","StSLib","SuperFastMode"],"gold_per_floor":[114,114,114,114,127,170,170,194,194,207,45,78,113,163,163,259,259,282,300,316,316,316],"floor_reached":21,"language":"KOR","playtime":528,"items_purged":["Pain"],"score":528,"play_id":"922a533a-347d-4933-af58-0fb060baa395","local_time":"20210215232354","is_ascension_mode":true,"campfire_choices":[{"data":"Dualcast","floor":7,"key":"SMITH"},{"data":"Capacitor","floor":15,"key":"SMITH"}],"circlet_count":0,"master_deck":["AscendersBane","Strike_B","Strike_B","Strike_B","Strike_B+1","Defend_B+1","Defend_B","Defend_B","Defend_B","Zap","Dualcast+1","Undo","Compile Driver","Cold Snap","Cold Snap","Conserve Battery+1","White Noise+1","Force Field+1","Capacitor+1","Seek+1","Darkness+1","Coolheaded+1","Turbo+1"],"relics":["Cracked Core","NeowsBlessing","Golden Idol","WarpedTongs","Symbiotic Virus","Toxic Egg 2","Question Card","Odd Mushroom","Cursed Key"],"acts_visited":["Exordium","TheCity"],"potions_floor_usage":[20],"damage_taken":[{"damage":0,"enemies":"Small Slimes","floor":1,"turns":1},{"damage":0,"enemies":"Jaw Worm","floor":5,"turns":1},{"damage":0,"enemies":"Lagavulin","floor":6,"turns":1},{"damage":4,"enemies":"Cultist","floor":8,"turns":4},{"damage":12,"enemies":"Blue Slaver","floor":10,"turns":3},{"damage":18,"enemies":"Gremlin Nob","floor":12,"turns":4},{"damage":5,"enemies":"The Mushroom Lair","floor":13,"turns":4},{"damage":0,"enemies":"Hexaghost","floor":16,"turns":10},{"damage":0,"enemies":"Spheric Guardian","floor":18,"turns":4},{"damage":13,"enemies":"3 Byrds","floor":19,"turns":4},{"damage":24,"enemies":"Cultist and Chosen","floor":20,"turns":6},{"damage":14,"enemies":"3 Cultists","floor":21,"turns":3}],"seed_played":"-5070299917926494401","potions_obtained":[{"floor":1,"key":"BlessingOfTheForge"},{"floor":8,"key":"Dexterity Potion"},{"floor":19,"key":"DistilledChaos"}],"is_trial":false,"path_per_floor":["M","?","?","?","M","E","R","M","T","M","$","E","?","?","R","B",null,"M","M","M","M"],"character_chosen":"DEFECT","items_purchased":["White Noise+1"],"campfire_rested":0,"item_purchase_floors":[11],"current_hp_per_floor":[64,64,45,45,45,45,45,41,41,29,29,11,6,6,6,6,50,50,37,13,0,0],"gold":316,"neow_bonus":"THREE_ENEMY_KILL","is_daily":false,"chose_seed":false,"campfire_upgraded":2,"win_rate":0.0,"timestamp":1613399034,"path_taken":["M","?","?","?","M","E","R","M","T","?","$","E","?","?","R","BOSS","M","?","?","M"],"items_purchased_type":["Card"],"build_version":"2020-12-22","purchased_purges":1,"victory":false,"max_hp_per_floor":[71,64,64,64,64,64,64,64,64,64,64,64,64,64,64,64,64,64,64,64,64,64],"card_choices":[{"not_picked":["Sweeping Beam","Hologram"],"picked":"Undo","floor":1},{"not_picked":["Hello World","Leap"],"picked":"Compile Driver","floor":5},{"not_picked":["Barrage","Multi-Cast"],"picked":"Cold Snap","floor":6},{"not_picked":["Skim","Steam"],"picked":"Cold Snap","floor":8},{"not_picked":["Undo+1","Leap+1"],"picked":"Conserve Battery+1","floor":10},{"not_picked":["Hello World","Rebound"],"picked":"Force Field+1","floor":12},{"not_picked":["Ball Lightning","Rip and Tear","Lockon"],"picked":"Capacitor","floor":13},{"not_picked":["Buffer","Amplify+1","Reboot+1"],"picked":"Seek+1","floor":16},{"not_picked":["Compile Driver","Streamline","Genetic Algorithm+1"],"picked":"Darkness+1","floor":18},{"not_picked":["Compile Driver","Streamline","Rebound"],"picked":"Coolheaded+1","floor":19},{"not_picked":["Sweeping Beam+1","Self Repair","Reboot+1"],"picked":"Turbo+1","floor":20}],"player_experience":1897864,"relics_obtained":[{"floor":6,"key":"Symbiotic Virus"},{"floor":9,"key":"Toxic Egg 2"},{"floor":12,"key":"Question Card"},{"floor":13,"key":"Odd Mushroom"}],"event_choices":[{"damage_healed":0,"gold_gain":0,"player_choice":"Lose Max HP","damage_taken":0,"relics_obtained":["Golden Idol"],"max_hp_gain":0,"max_hp_loss":7,"event_name":"Golden Idol","floor":2,"gold_loss":0},{"damage_healed":0,"gold_gain":0,"player_choice":"Entered Light","damage_taken":19,"max_hp_gain":0,"max_hp_loss":0,"event_name":"Shining Light","floor":3,"gold_loss":0,"cards_upgraded":["Strike_B","Defend_B"]},{"damage_healed":0,"gold_gain":0,"player_choice":"Rummage","damage_taken":0,"relics_obtained":["WarpedTongs"],"max_hp_gain":0,"max_hp_loss":0,"event_name":"Accursed Blacksmith","floor":4,"gold_loss":0,"cards_obtained":["Pain"]},{"damage_healed":0,"gold_gain":0,"player_choice":"Fought Mushrooms","damage_taken":0,"max_hp_gain":0,"max_hp_loss":0,"event_name":"Mushrooms","floor":13,"gold_loss":0},{"damage_healed":0,"gold_gain":50,"player_choice":"Pray","damage_taken":0,"max_hp_gain":0,"max_hp_loss":0,"event_name":"Golden Shrine","floor":14,"gold_loss":0}],"is_beta":false,"boss_relics":[{"not_picked":["Runic Dome","Empty Cage"],"picked":"Cursed Key"}],"items_purged_floors":[11],"is_endless":false,"potions_floor_spawned":[1,8,12,19],"killed_by":"3 Cultists","ascension_level":20}}