{"host":"98tf0o44tbkozlsr","time":1613360892,"event":{"mods":["BaseMod","Bestiary","Minty Spire (QoL Compilation)","Relic Stats","ojb\u0027s Info Mod"],"gold_per_floor":[118,118,118,135,148,148,165,165,165,197,197,43,61,80,80,159,159,159,159,99,99,99,99,99,99,99,99,99,99,99,14,14,14,14,14,14,14,14,14,14,14,14,14,14,14,14,14,14,14,14,14,14,14,14,14,14],"floor_reached":57,"language":"ENG","playtime":7106,"items_purged":["Parasite"],"score":2882,"play_id":"d5405cb3-6fba-4917-b89c-8934463cae97","local_time":"20210214194812","is_ascension_mode":true,"campfire_choices":[{"floor":6.0,"key":"RECALL"},{"data":"Meteor Strike","floor":15.0,"key":"SMITH"},{"data":"Loop","floor":23.0,"key":"SMITH"},{"data":"Defragment","floor":25.0,"key":"SMITH"},{"floor":27.0,"key":"REST"},{"data":"Sweeping Beam","floor":29.0,"key":"SMITH"},{"floor":32.0,"key":"REST"},{"data":"Beam Cell","floor":40.0,"key":"SMITH"},{"floor":44.0,"key":"REST"},{"floor":46,"key":"REST"},{"data":"Capacitor","floor":49,"key":"SMITH"},{"data":"Rainbow","floor":53,"key":"SMITH"}],"circlet_count":0,"master_deck":["AscendersBane","Strike_B+1","Strike_B","Strike_B+1","Defend_B","Defend_B","Defend_B","Zap","Dualcast","Glacier","Meteor Strike+1","Sweeping Beam+1","Loop+1","Echo Form","Genetic Algorithm","Defragment+1","Leap+1","Rainbow+1","Echo Form","Beam Cell+1","Capacitor+1","Coolheaded+1","Cold Snap+1","Heatsinks+1"],"relics":["Snecko Eye","Matryoshka","Thread and Needle","Ectoplasm","Ornamental Fan","CeramicFish","Bag of Marbles","Lantern","Whetstone","Sozu","Prayer Wheel","Du-Vu Doll","Dream Catcher","Cables","Gremlin Horn","Pantograph"],"acts_visited":["Exordium","TheCity","TheBeyond","TheEnding"],"potions_floor_usage":[56],"damage_taken":[{"damage":7.0,"enemies":"Small Slimes","floor":1.0,"turns":3.0},{"damage":4.0,"enemies":"Jaw Worm","floor":4.0,"turns":4.0},{"damage":0.0,"enemies":"Cultist","floor":5.0,"turns":4.0},{"damage":11.0,"enemies":"Blue Slaver","floor":7.0,"turns":3.0},{"damage":36.0,"enemies":"3 Sentries","floor":10.0,"turns":10.0},{"damage":0.0,"enemies":"2 Fungi Beasts","floor":13.0,"turns":3.0},{"damage":0.0,"enemies":"Looter","floor":14.0,"turns":3.0},{"damage":29.0,"enemies":"Hexaghost","floor":16.0,"turns":10.0},{"damage":0.0,"enemies":"3 Byrds","floor":18.0,"turns":5.0},{"damage":0.0,"enemies":"2 Thieves","floor":20.0,"turns":3.0},{"damage":6.0,"enemies":"Snake Plant","floor":21.0,"turns":4.0},{"damage":0.0,"enemies":"Snecko","floor":22.0,"turns":5.0},{"damage":23.0,"enemies":"Slavers","floor":24.0,"turns":7.0},{"damage":0.0,"enemies":"Book of Stabbing","floor":28.0,"turns":5.0},{"damage":33.0,"enemies":"Slavers","floor":30.0,"turns":7.0},{"damage":16.0,"enemies":"Collector","floor":33.0,"turns":12.0},{"damage":0.0,"enemies":"Orb Walker","floor":35.0,"turns":4.0},{"damage":26.0,"enemies":"2 Orb Walkers","floor":36.0,"turns":5.0},{"damage":0.0,"enemies":"Mind Bloom Boss Battle","floor":38.0,"turns":5.0},{"damage":0.0,"enemies":"Giant Head","floor":41.0,"turns":6.0},{"damage":13.0,"enemies":"3 Darklings","floor":42.0,"turns":4.0},{"damage":16,"enemies":"Jaw Worm Horde","floor":45,"turns":3},{"damage":0,"enemies":"Nemesis","floor":47,"turns":7},{"damage":23,"enemies":"Donu and Deca","floor":50,"turns":9},{"damage":0,"enemies":"Time Eater","floor":51,"turns":15},{"damage":22,"enemies":"Shield and Spear","floor":55,"turns":6},{"damage":33,"enemies":"The Heart","floor":56,"turns":11}],"seed_played":"4208795547203716069","potions_obtained":[{"floor":4.0,"key":"BlessingOfTheForge"},{"floor":5.0,"key":"Regen Potion"},{"floor":13.0,"key":"EssenceOfDarkness"},{"floor":14.0,"key":"Ancient Potion"},{"floor":28.0,"key":"FairyPotion"}],"is_trial":false,"path_per_floor":["M","?","?","M","M","R","M","?","T","E","?","$","M","M","R","B",null,"M","?","M","M","M","R","E","R","T","R","E","R","E","$","R","B",null,"M","?","?","?","?","R","E","M","T","R","M","R","E","$","R","B","B",null,"R","$","E","B",null],"character_chosen":"DEFECT","items_purchased":["Meteor Strike","Rainbow"],"campfire_rested":4,"item_purchase_floors":[12,31],"current_hp_per_floor":[57,57,57,53,53,53,42,59,59,38,38,38,38,38,38,9,53,53,53,53,47,47,47,24,24,24,44,44,44,11,11,31,15,55,55,29,29,29,29,29,29,16,16,36,20,40,40,40,40,17,17,55,55,55,33,25],"gold":14,"neow_bonus":"BOSS_RELIC","is_daily":false,"chose_seed":false,"campfire_upgraded":7,"win_rate":0.0,"timestamp":1613360892,"path_taken":["M","?","?","?","M","R","M","?","T","E","?","$","M","M","R","BOSS","M","?","?","?","M","R","E","R","T","R","E","R","E","$","R","BOSS","M","?","?","?","?","R","E","M","T","R","M","R","E","?","R","BOSS","BOSS","R","$","E","BOSS"],"items_purchased_type":["Card","Card"],"build_version":"2020-12-22","purchased_purges":1,"victory":true,"max_hp_per_floor":[71,71,71,71,71,71,71,71,71,71,71,68,68,68,68,68,68,68,68,68,68,68,68,68,68,68,68,68,68,68,68,68,68,68,68,68,68,68,68,68,68,68,68,68,68,68,68,68,68,68,68,68,68,68,68,68],"relic_stats":{"Gremlin Horn":[2,2],"counters":[27,162],"CeramicFish":0,"Whetstone":["Strike_B","Strike_B"],"Cables":[44,6,20,0,18],"Sozu":4,"Dream Catcher":2,"Ornamental Fan":[196],"Pantograph":25,"Snecko Eye":[273,264,254,306],"Prayer Wheel":2,"Ectoplasm":641,"obtain_stats":[{"Lantern":28,"Gremlin Horn":47,"CeramicFish":26,"Thread and Needle":10,"Whetstone":30,"Cables":43,"Sozu":34,"Du-Vu Doll":38,"Dream Catcher":41,"Matryoshka":9,"Ornamental Fan":24,"Pantograph":55,"Snecko Eye":0,"Prayer Wheel":36,"Ectoplasm":17,"Bag of Marbles":26,"Cracked Core":0},{"Lantern":14,"Gremlin Horn":23,"CeramicFish":13,"Thread and Needle":5,"Whetstone":15,"Cables":21,"Sozu":16,"Du-Vu Doll":19,"Dream Catcher":20,"Matryoshka":4,"Ornamental Fan":13,"Pantograph":26,"Snecko Eye":0,"Prayer Wheel":18,"Ectoplasm":8,"Bag of Marbles":13,"Cracked Core":0},{"Lantern":69,"Gremlin Horn":122,"CeramicFish":64,"Thread and Needle":24,"Whetstone":76,"Cables":112,"Sozu":88,"Du-Vu Doll":102,"Dream Catcher":108,"Matryoshka":14,"Ornamental Fan":64,"Pantograph":152,"Snecko Eye":0,"Prayer Wheel":97,"Ectoplasm":40,"Bag of Marbles":64,"Cracked Core":0}]},"card_choices":[{"not_picked":["Rebound","Self Repair","Skim"],"picked":"SKIP","floor":1.0},{"not_picked":["Darkness","Go for the Eyes","Loop"],"picked":"SKIP","floor":4.0},{"not_picked":["Storm","Coolheaded","Reinforced Body"],"picked":"SKIP","floor":5.0},{"not_picked":["Rebound","Turbo","Hologram"],"picked":"SKIP","floor":7.0},{"not_picked":["Rebound","Turbo","Hologram"],"picked":"SKIP","floor":7.0},{"not_picked":["Stack","Compile Driver"],"picked":"Glacier","floor":10.0},{"not_picked":["Reboot","Beam Cell"],"picked":"Sweeping Beam","floor":13.0},{"not_picked":["Go for the Eyes","Self Repair"],"picked":"Loop","floor":14.0},{"not_picked":["Multi-Cast","Creative AI"],"picked":"Echo Form","floor":16.0},{"not_picked":["Hologram","Lockon"],"picked":"Genetic Algorithm","floor":18.0},{"not_picked":["Cold Snap","Ball Lightning+1"],"picked":"Defragment","floor":20.0},{"not_picked":["Storm","White Noise+1"],"picked":"Leap+1","floor":21.0},{"not_picked":["Go for the Eyes","Heatsinks","Gash"],"picked":"SKIP","floor":22.0},{"not_picked":["Go for the Eyes","Heatsinks","Gash"],"picked":"SKIP","floor":22.0},{"not_picked":["Skim","Stack","Undo"],"picked":"SKIP","floor":24.0},{"not_picked":["Steam","FTL+1","Beam Cell"],"picked":"SKIP","floor":28.0},{"not_picked":["Lockon","Darkness","Loop"],"picked":"SKIP","floor":30.0},{"not_picked":["Amplify","Machine Learning"],"picked":"Echo Form","floor":33.0},{"not_picked":["Coolheaded","Leap","Sweeping Beam"],"picked":"SKIP","floor":35.0},{"not_picked":["Leap","Hologram"],"picked":"Beam Cell","floor":38.0},{"not_picked":["Hologram+1","Compile Driver"],"picked":"Capacitor","floor":41.0},{"not_picked":["Redo","Genetic Algorithm+1","Hologram"],"picked":"SKIP","floor":42.0},{"not_picked":["Stack","Tempest","Ball Lightning"],"picked":"SKIP","floor":42.0},{"not_picked":["Rainbow","Barrage+1"],"picked":"Coolheaded+1","floor":45},{"not_picked":["Stack","Beam Cell","Coolheaded"],"picked":"SKIP","floor":45},{"not_picked":["Go for the Eyes","Force Field"],"picked":"Cold Snap+1","floor":47},{"not_picked":["Streamline","Ball Lightning"],"picked":"Heatsinks+1","floor":55}],"player_experience":930408,"relics_obtained":[{"floor":9.0,"key":"Matryoshka"},{"floor":10.0,"key":"Thread and Needle"},{"floor":24.0,"key":"Ornamental Fan"},{"floor":26.0,"key":"CeramicFish"},{"floor":26.0,"key":"Bag of Marbles"},{"floor":28.0,"key":"Lantern"},{"floor":30.0,"key":"Whetstone"},{"floor":36.0,"key":"Prayer Wheel"},{"floor":38.0,"key":"Du-Vu Doll"},{"floor":41.0,"key":"Dream Catcher"},{"floor":43.0,"key":"Cables"},{"floor":47,"key":"Gremlin Horn"},{"floor":55,"key":"Pantograph"}],"event_choices":[{"damage_healed":0.0,"max_hp_gain":0.0,"max_hp_loss":0.0,"gold_gain":0.0,"event_name":"Liars Game","player_choice":"Ignored","floor":2.0,"gold_loss":0.0,"damage_taken":0.0},{"damage_healed":0.0,"max_hp_gain":0.0,"max_hp_loss":0.0,"gold_gain":0.0,"event_name":"Match and Keep!","player_choice":"0 cards matched","floor":3.0,"gold_loss":0.0,"damage_taken":0.0,"cards_obtained":[]},{"damage_healed":17.0,"max_hp_gain":0.0,"max_hp_loss":0.0,"gold_gain":0.0,"event_name":"Mushrooms","player_choice":"Healed and dodged fight","floor":8.0,"gold_loss":0.0,"damage_taken":0.0,"cards_obtained":["Parasite"]},{"damage_healed":0.0,"max_hp_gain":0.0,"max_hp_loss":0.0,"gold_gain":0.0,"event_name":"Dead Adventurer","player_choice":"Searched \u00270\u0027 times","floor":11.0,"gold_loss":0.0,"damage_taken":0.0},{"cards_removed":["Strike_B"],"damage_healed":0.0,"max_hp_gain":0.0,"max_hp_loss":0.0,"gold_gain":0.0,"event_name":"Bonfire Elementals","player_choice":"Offered Basic","floor":19.0,"gold_loss":0.0,"damage_taken":0.0},{"damage_healed":0.0,"max_hp_gain":0.0,"max_hp_loss":0.0,"gold_gain":0.0,"event_name":"Mysterious Sphere","player_choice":"Fight","floor":36.0,"gold_loss":0.0,"damage_taken":0.0},{"damage_healed":0.0,"max_hp_gain":0.0,"max_hp_loss":0.0,"gold_gain":0.0,"event_name":"The Moai Head","player_choice":"Ignored","floor":37.0,"gold_loss":0.0,"damage_taken":0.0},{"damage_healed":0.0,"max_hp_gain":0.0,"max_hp_loss":0.0,"gold_gain":0.0,"event_name":"MindBloom","player_choice":"Fight","floor":38.0,"gold_loss":0.0,"damage_taken":0.0},{"cards_removed":["Defend_B"],"damage_healed":0.0,"max_hp_gain":0.0,"max_hp_loss":0.0,"gold_gain":0.0,"event_name":"Falling","player_choice":"Removed Skill","floor":39.0,"gold_loss":0.0,"damage_taken":0.0}],"is_beta":false,"boss_relics":[{"not_picked":["Empty Cage","Runic Pyramid"],"picked":"Ectoplasm"},{"not_picked":["Philosopher\u0027s Stone","Runic Dome"],"picked":"Sozu"}],"items_purged_floors":[12],"is_endless":false,"potions_floor_spawned":[4,5,13,14,18,21,28,33,35,36,41,47],"ascension_level":20}}