{"host":"6a9c3xws62y7efyw","time":1613360197,"event":{"mods":["BaseMod","Colored Map","Minty Spire (QoL Compilation)","Relic Stats","StSLib"],"gold_per_floor":[115,1,1,20,20,20,20,45,71,100,146,161,161,172,172,251,251,261,291,15,33,46,75,75,107,107,137,62,78,78,91,91,164,164,183,20,32,32,43,71,71,103,103,118,148,160,202,224,236,248,260,272,284,57,86,86],"floor_reached":57,"language":"ENG","playtime":4293,"items_purged":["Strike_G","Strike_G"],"score":3201,"play_id":"e83d1a5d-574f-4b0b-af93-eff04cffcc20","local_time":"20210214193637","is_ascension_mode":true,"campfire_choices":[{"data":"Predator","floor":6.0,"key":"SMITH"},{"data":"Footwork","floor":13.0,"key":"SMITH"},{"data":"All Out Attack","floor":15.0,"key":"SMITH"},{"data":"A Thousand Cuts","floor":30.0,"key":"SMITH"},{"data":"Crippling Poison","floor":32.0,"key":"SMITH"},{"data":"Burst","floor":41.0,"key":"SMITH"},{"floor":49.0,"key":"RECALL"},{"data":"Wraith Form v2","floor":53.0,"key":"SMITH"}],"circlet_count":0,"master_deck":["AscendersBane","Strike_G","Strike_G","Defend_G","Defend_G","Defend_G","Defend_G","Defend_G","Survivor","Neutralize","Predator+1","Footwork+1","Backstab","Slice","Terror","Leg Sweep","All Out Attack+1","Predator","Cloak And Dagger","Die Die Die","Blade Dance+1","Backflip","Malaise","Dodge and Roll+1","Calculated Gamble","Burst+1","Accuracy+1","A Thousand Cuts+1","Wraith Form v2+1","Crippling Poison+1","Catalyst+1","Acrobatics","After Image","Accuracy+1","Outmaneuver+1","Mayhem","PanicButton","Cloak And Dagger+1","Bouncing Flask","Prepared+1","Cloak And Dagger","Bullet Time","Dodge and Roll","Concentrate+1"],"relics":["Ring of the Snake","NeowsBlessing","TungstenRod","Prayer Wheel","Dream Catcher","Matryoshka","Pantograph","Blood Vial","Coffee Dripper","Red Mask","Kunai","Toy Ornithopter","MealTicket","PreservedInsect","FossilizedHelix","CaptainsWheel","Runic Pyramid","ClockworkSouvenir","Ancient Tea Set","Bottled Lightning","MawBank","Pocketwatch","Shuriken"],"acts_visited":["Exordium","TheCity","TheBeyond","TheEnding"],"potions_floor_usage":[55,56,56],"damage_taken":[{"damage":0.0,"enemies":"2 Louse","floor":1.0,"turns":1.0},{"damage":0.0,"enemies":"Cultist","floor":4.0,"turns":1.0},{"damage":0.0,"enemies":"3 Sentries","floor":8.0,"turns":1.0},{"damage":24.0,"enemies":"Gremlin Nob","floor":10.0,"turns":4.0},{"damage":0.0,"enemies":"Jaw Worm","floor":12.0,"turns":3.0},{"damage":3.0,"enemies":"Exordium Thugs","floor":14.0,"turns":3.0},{"damage":28.0,"enemies":"Slime Boss","floor":16.0,"turns":9.0},{"damage":0.0,"enemies":"Chosen","floor":18.0,"turns":2.0},{"damage":11.0,"enemies":"Masked Bandits","floor":19.0,"turns":4.0},{"damage":2.0,"enemies":"Shell Parasite","floor":21.0,"turns":4.0},{"damage":0.0,"enemies":"Snake Plant","floor":22.0,"turns":7.0},{"damage":7.0,"enemies":"Book of Stabbing","floor":23.0,"turns":6.0},{"damage":13.0,"enemies":"Gremlin Leader","floor":25.0,"turns":8.0},{"damage":0.0,"enemies":"Slavers","floor":27.0,"turns":4.0},{"damage":10.0,"enemies":"Sentry and Sphere","floor":29.0,"turns":6.0},{"damage":0.0,"enemies":"Snecko","floor":31.0,"turns":3.0},{"damage":0.0,"enemies":"Collector","floor":33.0,"turns":7.0},{"damage":8.0,"enemies":"3 Darklings","floor":35.0,"turns":5.0},{"damage":0.0,"enemies":"Orb Walker","floor":37.0,"turns":4.0},{"damage":0.0,"enemies":"Maw","floor":39.0,"turns":8.0},{"damage":0.0,"enemies":"Giant Head","floor":40.0,"turns":7.0},{"damage":7.0,"enemies":"Nemesis","floor":42.0,"turns":5.0},{"damage":0.0,"enemies":"Jaw Worm Horde","floor":44.0,"turns":6.0},{"damage":0.0,"enemies":"Giant Head","floor":45.0,"turns":7.0},{"damage":8.0,"enemies":"Reptomancer","floor":47.0,"turns":5.0},{"damage":0.0,"enemies":"Spire Growth","floor":48.0,"turns":6.0},{"damage":32.0,"enemies":"Donu and Deca","floor":50.0,"turns":11.0},{"damage":14.0,"enemies":"Awakened One","floor":51.0,"turns":19.0},{"damage":0,"enemies":"Shield and Spear","floor":55,"turns":7},{"damage":36,"enemies":"The Heart","floor":56,"turns":13}],"seed_played":"2537053487855004155","potions_obtained":[{"floor":4.0,"key":"LiquidMemories"},{"floor":12.0,"key":"Poison Potion"},{"floor":14.0,"key":"Block Potion"},{"floor":21.0,"key":"Block Potion"},{"floor":27.0,"key":"Fire Potion"},{"floor":29.0,"key":"Energy Potion"},{"floor":33.0,"key":"GamblersBrew"},{"floor":39.0,"key":"Energy Potion"},{"floor":48.0,"key":"DuplicationPotion"},{"floor":55,"key":"Dexterity Potion"}],"is_trial":false,"path_per_floor":["M","$","?","M","?","R","$","E","T","E","T","M","R","M","R","B",null,"M","?","$","M","M","E","?","E","T","E","$","M","R","M","R","B",null,"M","$","M","?","M","E","R","E","T","M","E","?","E","M","R","B","B",null,"R","$","E","B",null],"character_chosen":"THE_SILENT","items_purchased":["Footwork","Backstab","Kunai","ClockworkSouvenir","GamblersBrew","Dodge and Roll"],"campfire_rested":0,"item_purchase_floors":[2,2,20,36,54,54],"current_hp_per_floor":[59,59,59,59,59,59,59,59,59,35,35,37,37,36,36,35,58,60,51,51,51,53,48,48,42,42,44,59,51,51,53,53,66,66,58,66,66,57,59,61,61,56,56,58,60,60,58,60,60,34,52,63,63,66,66,35],"gold":86,"neow_bonus":"THREE_ENEMY_KILL","is_daily":false,"chose_seed":false,"campfire_upgraded":7,"win_rate":0.0,"timestamp":1613360197,"path_taken":["M","$","?","?","?","R","?","E","T","E","?","M","R","M","R","BOSS","M","?","$","M","M","E","?","E","T","E","$","M","R","M","R","BOSS","M","$","M","?","M","E","R","E","T","M","E","?","E","?","R","BOSS","BOSS","R","$","E","BOSS"],"items_purchased_type":["Card","Card","Relic","Relic","Potion","Card"],"build_version":"2020-12-22","purchased_purges":2,"victory":true,"max_hp_per_floor":[66,66,66,66,66,66,66,66,66,66,66,66,66,66,66,66,66,66,66,66,66,66,66,66,66,66,66,66,66,66,66,66,66,66,66,66,66,66,66,66,66,66,66,66,66,66,66,66,66,66,66,66,66,66,66,66],"relic_stats":{"counters":[30,176],"PreservedInsect":492,"MawBank":108,"Blood Vial":44,"Dream Catcher":0,"Shuriken":[6],"Pantograph":65,"Prayer Wheel":13,"MealTicket":26,"Kunai":[75],"obtain_stats":[{"NeowsBlessing":0,"PreservedInsect":26,"Ancient Tea Set":40,"MawBank":45,"ClockworkSouvenir":36,"Blood Vial":11,"Dream Catcher":9,"CaptainsWheel":27,"Matryoshka":10,"Shuriken":55,"Pantograph":11,"Prayer Wheel":8,"MealTicket":25,"Coffee Dripper":17,"Red Mask":19,"Kunai":20,"Bottled Lightning":42,"TungstenRod":5,"Toy Ornithopter":23,"FossilizedHelix":26,"Ring of the Snake":0,"Runic Pyramid":34,"Pocketwatch":47},{"NeowsBlessing":0,"PreservedInsect":13,"Ancient Tea Set":21,"MawBank":24,"ClockworkSouvenir":18,"Blood Vial":4,"Dream Catcher":3,"CaptainsWheel":14,"Matryoshka":4,"Shuriken":29,"Pantograph":4,"Prayer Wheel":3,"MealTicket":13,"Coffee Dripper":7,"Red Mask":9,"Kunai":9,"Bottled Lightning":22,"TungstenRod":2,"Toy Ornithopter":12,"FossilizedHelix":13,"Ring of the Snake":0,"Runic Pyramid":17,"Pocketwatch":25},{"NeowsBlessing":0,"PreservedInsect":53,"Ancient Tea Set":97,"MawBank":115,"ClockworkSouvenir":78,"Blood Vial":7,"Dream Catcher":3,"CaptainsWheel":57,"Matryoshka":7,"Shuriken":163,"Pantograph":7,"Prayer Wheel":3,"MealTicket":53,"Coffee Dripper":22,"Red Mask":28,"Kunai":28,"Bottled Lightning":102,"TungstenRod":2,"Toy Ornithopter":45,"FossilizedHelix":53,"Ring of the Snake":0,"Runic Pyramid":73,"Pocketwatch":120}],"TungstenRod":37,"Toy Ornithopter":19,"Ring of the Snake":[60],"Pocketwatch":[4]},"card_choices":[{"not_picked":["Bane","Poisoned Stab"],"picked":"Predator","floor":1.0},{"not_picked":["Deadly Poison","Terror"],"picked":"Slice","floor":4.0},{"not_picked":["Backflip","Tactician"],"picked":"Terror","floor":8.0},{"not_picked":["Blur","PiercingWail"],"picked":"Leg Sweep","floor":10.0},{"not_picked":["Unload","Well Laid Plans"],"picked":"All Out Attack","floor":12.0},{"not_picked":["Deflect","Cloak And Dagger","Flechettes"],"picked":"SKIP","floor":12.0},{"not_picked":["Dagger Spray","Flechettes"],"picked":"Predator","floor":14.0},{"not_picked":["Acrobatics","Dodge and Roll"],"picked":"Cloak And Dagger","floor":14.0},{"not_picked":["Venomology","Night Terror"],"picked":"Die Die Die","floor":16.0},{"not_picked":["Backflip","Distraction+1"],"picked":"Blade Dance+1","floor":18.0},{"not_picked":["Acrobatics","Heel Hook"],"picked":"Backflip","floor":18.0},{"not_picked":["Deadly Poison","Prepared"],"picked":"Malaise","floor":19.0},{"not_picked":["Acrobatics","Cloak And Dagger"],"picked":"Dodge and Roll+1","floor":21.0},{"not_picked":["Finisher","Leg Sweep"],"picked":"Calculated Gamble","floor":21.0},{"not_picked":["Acrobatics","Concentrate"],"picked":"Burst","floor":22.0},{"not_picked":["Dagger Throw","Outmaneuver"],"picked":"Accuracy+1","floor":22.0},{"not_picked":["Terror","Setup","PiercingWail"],"picked":"SKIP","floor":23.0},{"not_picked":["Underhanded Strike","Poisoned Stab","Tactician+1"],"picked":"SKIP","floor":25.0},{"not_picked":["Well Laid Plans","Deflect"],"picked":"Wraith Form v2","floor":27.0},{"not_picked":["Dodge and Roll","Noxious Fumes"],"picked":"Crippling Poison","floor":29.0},{"not_picked":["Quick Slash","Slice+1","Bane"],"picked":"SKIP","floor":29.0},{"not_picked":["Dodge and Roll+1","Poisoned Stab"],"picked":"Catalyst+1","floor":31.0},{"not_picked":["PiercingWail","Flying Knee"],"picked":"Acrobatics","floor":31.0},{"not_picked":["Malaise","Die Die Die"],"picked":"After Image","floor":33.0},{"not_picked":["Quick Slash","Dagger Throw"],"picked":"Accuracy+1","floor":35.0},{"not_picked":["Flying Knee+1","Cloak And Dagger","Dagger Spray+1"],"picked":"SKIP","floor":35.0},{"not_picked":["Dodge and Roll","Infinite Blades"],"picked":"Outmaneuver+1","floor":37.0},{"not_picked":["Bane","Blade Dance","Deflect"],"picked":"SKIP","floor":37.0},{"not_picked":["Dramatic Entrance","Thinking Ahead"],"picked":"Mayhem","floor":38.0},{"not_picked":["Trip","Panacea"],"picked":"PanicButton","floor":38.0},{"not_picked":["Poisoned Stab+1","Slice+1"],"picked":"Cloak And Dagger+1","floor":39.0},{"not_picked":["Slice","PiercingWail","Acrobatics"],"picked":"SKIP","floor":39.0},{"not_picked":["Quick Slash+1","Deflect+1"],"picked":"Bouncing Flask","floor":40.0},{"not_picked":["Flechettes","Outmaneuver"],"picked":"Prepared+1","floor":42.0},{"not_picked":["Slice","Bouncing Flask"],"picked":"Cloak And Dagger","floor":44.0},{"not_picked":["Grand Finale","Accuracy","Deadly Poison"],"picked":"SKIP","floor":44.0},{"not_picked":["Flying Knee","Blade Dance","Well Laid Plans+1"],"picked":"SKIP","floor":45.0},{"not_picked":["Choke","Dagger Spray+1","Prepared"],"picked":"SKIP","floor":47.0},{"not_picked":["Acrobatics","Escape Plan"],"picked":"Bullet Time","floor":48.0},{"not_picked":["Underhanded Strike","Bane","Outmaneuver"],"picked":"SKIP","floor":48.0},{"not_picked":["Predator+1","Cloak And Dagger"],"picked":"Concentrate+1","floor":55}],"player_experience":1530183,"relics_obtained":[{"floor":8.0,"key":"Prayer Wheel"},{"floor":9.0,"key":"Dream Catcher"},{"floor":10.0,"key":"Matryoshka"},{"floor":11.0,"key":"Pantograph"},{"floor":11.0,"key":"Blood Vial"},{"floor":19.0,"key":"Red Mask"},{"floor":23.0,"key":"Toy Ornithopter"},{"floor":25.0,"key":"MealTicket"},{"floor":26.0,"key":"PreservedInsect"},{"floor":26.0,"key":"FossilizedHelix"},{"floor":27.0,"key":"CaptainsWheel"},{"floor":40.0,"key":"Ancient Tea Set"},{"floor":42.0,"key":"Bottled Lightning"},{"floor":45.0,"key":"MawBank"},{"floor":47.0,"key":"Pocketwatch"},{"floor":55,"key":"Shuriken"}],"event_choices":[{"damage_healed":0.0,"max_hp_gain":0.0,"max_hp_loss":0.0,"gold_gain":0.0,"event_name":"Match and Keep!","player_choice":"0 cards matched","floor":3.0,"gold_loss":0.0,"damage_taken":0.0,"cards_obtained":[]},{"damage_healed":0.0,"max_hp_gain":0.0,"max_hp_loss":0.0,"gold_gain":0.0,"event_name":"WeMeetAgain","player_choice":"Gave Potion","floor":5.0,"gold_loss":0.0,"damage_taken":0.0,"relics_obtained":["TungstenRod"]},{"damage_healed":0.0,"max_hp_gain":0.0,"max_hp_loss":0.0,"gold_gain":0.0,"event_name":"Masked Bandits","player_choice":"Fought Bandits","floor":19.0,"gold_loss":0.0,"damage_taken":0.0},{"damage_healed":0.0,"max_hp_gain":0.0,"max_hp_loss":0.0,"gold_gain":0.0,"event_name":"Match and Keep!","player_choice":"1 cards matched","floor":24.0,"gold_loss":0.0,"damage_taken":0.0,"cards_obtained":["A Thousand Cuts"]},{"damage_healed":0.0,"max_hp_gain":0.0,"max_hp_loss":0.0,"gold_gain":0.0,"event_name":"SensoryStone","player_choice":"Memory 3","floor":38.0,"gold_loss":0.0,"damage_taken":10.0},{"cards_removed":["Strike_G"],"damage_healed":0.0,"max_hp_gain":0.0,"max_hp_loss":0.0,"gold_gain":0.0,"event_name":"Purifier","player_choice":"Purged","floor":46.0,"gold_loss":0.0,"damage_taken":0.0}],"is_beta":false,"boss_relics":[{"not_picked":["Philosopher\u0027s Stone","SlaversCollar"],"picked":"Coffee Dripper"},{"not_picked":["Busted Crown","Cursed Key"],"picked":"Runic Pyramid"}],"items_purged_floors":[28,54],"is_endless":false,"potions_floor_spawned":[4,12,14,21,27,29,33,39,40,42,44,48,55],"ascension_level":20}}