{"host":"4rvakrj1idbgia3f","time":1613415588,"event":{"mods":["BaseMod","Colored Map","Colored Powertips","DeckTracker","Highlight Path","Minty Spire (QoL Compilation)","Random Character Button","StSLib"],"gold_per_floor":[111,111,130,130,142,142,54,83,83,83,83,100,100,120,120,199,199,218,218,233,233,253,253,303,303,303,303,330,346,346,346,346,425,425,436,449,449,463,346,346,346,346,346],"floor_reached":42,"language":"JPN","playtime":1819,"items_purged":["Strike_G"],"score":828,"play_id":"e5ceb0ce-9797-4cb6-b3fd-33edc739cf6e","local_time":"20210216035948","is_ascension_mode":true,"campfire_choices":[{"data":"Doppelganger","floor":6.0,"key":"SMITH"},{"data":"Blade Dance","floor":11.0,"key":"SMITH"},{"data":"Blade Dance","floor":13.0,"key":"SMITH"},{"data":"Accuracy","floor":15.0,"key":"SMITH"},{"data":"Malaise","floor":23.0,"key":"SMITH"},{"data":"J.A.X.","floor":25.0,"key":"SMITH"},{"data":"Well Laid Plans","floor":27.0,"key":"SMITH"},{"floor":30.0,"key":"REST"},{"data":"Neutralize","floor":32.0,"key":"SMITH"},{"data":"Storm of Steel","floor":40,"key":"SMITH"},{"data":"Dodge and Roll","floor":41,"key":"SMITH"}],"circlet_count":0,"master_deck":["AscendersBane","Strike_G","Strike_G","Strike_G","Strike_G","Defend_G","Defend_G","Defend_G","Defend_G","Defend_G","Survivor","Neutralize+1","Skewer","Blade Dance+1","Neutralize","Doppelganger+1","Blade Dance+1","Accuracy+1","Well Laid Plans+1","Backflip","Malaise+1","Dodge and Roll+1","J.A.X.+1","PiercingWail","Storm of Steel+1","Dodge and Roll","PiercingWail+1","Caltrops","Heel Hook"],"relics":["Ring of the Snake","NeowsBlessing","Eternal Feather","Shuriken","Philosopher\u0027s Stone","WingedGreaves","HornCleat","StrikeDummy","Cursed Key"],"acts_visited":["Exordium","TheCity","TheBeyond"],"potions_floor_usage":[33,36,42],"damage_taken":[{"damage":0.0,"enemies":"2 Louse","floor":1.0,"turns":1.0},{"damage":0.0,"enemies":"Cultist","floor":3.0,"turns":1.0},{"damage":0.0,"enemies":"Jaw Worm","floor":5.0,"turns":1.0},{"damage":8.0,"enemies":"Gremlin Nob","floor":8.0,"turns":3.0},{"damage":1.0,"enemies":"Exordium Wildlife","floor":12.0,"turns":4.0},{"damage":6.0,"enemies":"3 Louse","floor":14.0,"turns":2.0},{"damage":28.0,"enemies":"Hexaghost","floor":16.0,"turns":5.0},{"damage":17.0,"enemies":"Shell Parasite","floor":18.0,"turns":5.0},{"damage":4.0,"enemies":"3 Byrds","floor":20.0,"turns":3.0},{"damage":29.0,"enemies":"Shelled Parasite and Fungi","floor":22.0,"turns":5.0},{"damage":49.0,"enemies":"Slavers","floor":28.0,"turns":7.0},{"damage":0.0,"enemies":"Snake Plant","floor":29.0,"turns":5.0},{"damage":23,"enemies":"Collector","floor":33,"turns":8},{"damage":8,"enemies":"3 Shapes","floor":35,"turns":9},{"damage":10,"enemies":"3 Darklings","floor":36,"turns":5},{"damage":0,"enemies":"Maw","floor":38,"turns":7},{"damage":80,"enemies":"Giant Head","floor":42,"turns":8}],"seed_played":"-9097161757192045501","potions_obtained":[{"floor":3.0,"key":"Dexterity Potion"},{"floor":5.0,"key":"Regen Potion"},{"floor":8.0,"key":"LiquidMemories"},{"floor":29.0,"key":"Explosive Potion"},{"floor":33,"key":"Explosive Potion"},{"floor":35,"key":"ColorlessPotion"}],"is_trial":false,"path_per_floor":["M","$","M","?","M","R","$","E","T","?","R","M","R","M","R","B",null,"M","?","M","?","M","R","?","R","T","R","E","M","R","?","R","B",null,"M","M","?","M","$","R","R","E"],"character_chosen":"THE_SILENT","items_purchased":["Accuracy","Heel Hook"],"campfire_rested":1,"item_purchase_floors":[7,39],"current_hp_per_floor":[59,59,59,59,59,59,59,51,51,56,65,64,71,65,71,43,64,47,47,43,43,14,26,26,38,38,50,1,1,37,37,52,29,61,53,43,43,43,43,58,67,0,0],"gold":346,"neow_bonus":"THREE_ENEMY_KILL","is_daily":false,"chose_seed":false,"campfire_upgraded":10,"win_rate":0.0,"timestamp":1613415588,"path_taken":["M","$","M","?","?","R","?","E","T","?","R","M","R","M","R","BOSS","M","?","M","?","M","R","?","R","T","R","E","?","R","?","R","BOSS","M","?","?","M","$","R","R","E"],"items_purchased_type":["Card","Card"],"build_version":"2020-12-22","purchased_purges":1,"victory":false,"max_hp_per_floor":[66,66,66,66,66,66,66,66,66,71,71,71,71,71,71,71,71,71,71,71,71,71,71,71,71,71,71,71,71,71,71,71,71,71,71,71,67,67,67,67,67,67,67],"card_choices":[{"not_picked":["PiercingWail","Cloak And Dagger"],"picked":"Skewer","floor":1.0},{"not_picked":["PiercingWail","Blur"],"picked":"Blade Dance","floor":3.0},{"not_picked":["Underhanded Strike","Quick Slash"],"picked":"Blade Dance","floor":5.0},{"not_picked":["Noxious Fumes","Dagger Throw","Deadly Poison"],"picked":"SKIP","floor":8.0},{"not_picked":["Underhanded Strike","Dodge and Roll"],"picked":"Well Laid Plans","floor":12.0},{"not_picked":["Outmaneuver","Tactician"],"picked":"Backflip","floor":14.0},{"not_picked":["Envenom","Night Terror"],"picked":"Malaise","floor":16.0},{"not_picked":["Crippling Poison","Endless Agony"],"picked":"Dodge and Roll","floor":18.0},{"not_picked":["Bane","Acrobatics","Poisoned Stab"],"picked":"SKIP","floor":20.0},{"not_picked":["Deadly Poison","Deflect","Infinite Blades"],"picked":"SKIP","floor":22.0},{"not_picked":["Prepared","Dagger Spray","Caltrops+1"],"picked":"SKIP","floor":28.0},{"not_picked":["Underhanded Strike","Accuracy"],"picked":"PiercingWail","floor":29.0},{"not_picked":["Unload","Die Die Die"],"picked":"Storm of Steel","floor":33},{"not_picked":["Slice","Masterful Stab+1"],"picked":"Dodge and Roll","floor":35},{"not_picked":["Eviscerate","Sucker Punch"],"picked":"PiercingWail+1","floor":36},{"not_picked":["Well Laid Plans","Backflip"],"picked":"Caltrops","floor":38}],"player_experience":2394262,"relics_obtained":[{"floor":8.0,"key":"Eternal Feather"},{"floor":9.0,"key":"Shuriken"},{"floor":26.0,"key":"WingedGreaves"},{"floor":28.0,"key":"HornCleat"},{"floor":31.0,"key":"StrikeDummy"}],"event_choices":[{"damage_healed":0.0,"max_hp_gain":0.0,"max_hp_loss":0.0,"gold_gain":0.0,"event_name":"Match and Keep!","player_choice":"2 cards matched","floor":4.0,"gold_loss":0.0,"damage_taken":0.0,"cards_obtained":["Neutralize","Doppelganger"]},{"damage_healed":0.0,"max_hp_gain":5.0,"max_hp_loss":0.0,"gold_gain":0.0,"event_name":"Big Fish","player_choice":"Donut","floor":10.0,"gold_loss":0.0,"damage_taken":0.0},{"damage_healed":0.0,"max_hp_gain":0.0,"max_hp_loss":0.0,"gold_gain":0.0,"event_name":"Drug Dealer","player_choice":"Obtain J.A.X.","floor":19.0,"gold_loss":0.0,"damage_taken":0.0,"cards_obtained":["J.A.X."]},{"damage_healed":0.0,"max_hp_gain":0.0,"max_hp_loss":0.0,"gold_gain":0.0,"event_name":"Vampires","player_choice":"Ignored","floor":21.0,"gold_loss":0.0,"damage_taken":0.0},{"damage_healed":0.0,"max_hp_gain":0.0,"max_hp_loss":0.0,"gold_gain":50.0,"event_name":"Golden Shrine","player_choice":"Pray","floor":24.0,"gold_loss":0.0,"damage_taken":0.0},{"damage_healed":0.0,"max_hp_gain":0.0,"max_hp_loss":0.0,"gold_gain":0.0,"event_name":"Wheel of Change","player_choice":"Relic","floor":31.0,"gold_loss":0.0,"damage_taken":0.0},{"damage_healed":0,"gold_gain":0,"player_choice":"Max HP","damage_taken":0,"max_hp_gain":0,"max_hp_loss":4,"event_name":"Winding Halls","floor":37,"gold_loss":0}],"is_beta":false,"boss_relics":[{"not_picked":["Runic Dome","Tiny House"],"picked":"Philosopher\u0027s Stone"},{"not_picked":["Velvet Choker","SacredBark"],"picked":"Cursed Key"}],"items_purged_floors":[39],"is_endless":false,"potions_floor_spawned":[3,5,8,16,18,29,33,35],"killed_by":"Giant Head","ascension_level":20}}