{"host":"Berg","time":1613371246,"event":{"mods":["AchievementEnabler","BaseMod","Colored Map","Gremlin Skip","Highlight Path","Minty Spire (QoL Compilation)","Relic Stats","StSLib"],"gold_per_floor":[118,132,145,145,163,163,192,192,245,258,277,297,262,102,102,180,180,199,199,114,127,177,177,193,220,245,256,256,256,273,273,273,273,273],"floor_reached":33,"language":"ENG","playtime":1697,"items_purged":["Strike_G"],"score":578,"play_id":"96ee69d8-7f32-4c9f-9b53-6cc4c7851d98","local_time":"20210215014046","is_ascension_mode":true,"campfire_choices":[{"data":"Neutralize","floor":6.0,"key":"SMITH"},{"floor":8.0,"key":"REST"},{"data":"Well Laid Plans","floor":15.0,"key":"SMITH"},{"floor":23.0,"key":"REST"},{"floor":28.0,"key":"REST"},{"floor":32,"key":"REST"}],"circlet_count":0,"master_deck":["AscendersBane","Strike_G","Strike_G","Strike_G","Defend_G","Defend_G","Defend_G","Defend_G","Defend_G","Survivor","Neutralize+1","Deadly Poison","Dagger Throw","Quick Slash","Blade Dance","Backflip","Crippling Poison","Well Laid Plans+1","Bullet Time","Backflip","Necronomicurse","Riddle With Holes","Acrobatics","Adrenaline","Catalyst","Decay"],"relics":["Ring of the Snake","Singing Bowl","Pen Nib","Snecko Eye","Necronomicon","Toy Ornithopter","CaptainsWheel","PreservedInsect"],"acts_visited":["Exordium","TheCity"],"potions_floor_usage":[31],"damage_taken":[{"damage":5.0,"enemies":"Cultist","floor":1.0,"turns":6.0},{"damage":0.0,"enemies":"Jaw Worm","floor":2.0,"turns":4.0},{"damage":8.0,"enemies":"Small Slimes","floor":3.0,"turns":6.0},{"damage":1.0,"enemies":"Blue Slaver","floor":5.0,"turns":5.0},{"damage":33.0,"enemies":"Lagavulin","floor":7.0,"turns":9.0},{"damage":14.0,"enemies":"Large Slime","floor":10.0,"turns":7.0},{"damage":1.0,"enemies":"Looter","floor":11.0,"turns":4.0},{"damage":4.0,"enemies":"3 Louse","floor":12.0,"turns":4.0},{"damage":18.0,"enemies":"The Guardian","floor":16.0,"turns":12.0},{"damage":0.0,"enemies":"Chosen","floor":18.0,"turns":4.0},{"damage":6.0,"enemies":"2 Thieves","floor":21.0,"turns":3.0},{"damage":1.0,"enemies":"Snecko","floor":24.0,"turns":5.0},{"damage":25.0,"enemies":"Slavers","floor":25.0,"turns":4.0},{"damage":0.0,"enemies":"Chosen and Byrds","floor":27.0,"turns":5.0},{"damage":9.0,"enemies":"Shelled Parasite and Fungi","floor":30.0,"turns":4.0},{"damage":0,"enemies":"Book of Stabbing","floor":31,"turns":1},{"damage":63,"enemies":"Automaton","floor":33,"turns":6}],"seed_played":"5937749327376422198","potions_obtained":[{"floor":1.0,"key":"Block Potion"},{"floor":7.0,"key":"SmokeBomb"},{"floor":11.0,"key":"EssenceOfSteel"},{"floor":25.0,"key":"Poison Potion"}],"is_trial":false,"path_per_floor":["M","M","M","?","M","R","E","R","T","M","M","M","?","$","R","B",null,"M","?","?","M","?","R","M","E","T","M","R","?","M","E","R","B"],"character_chosen":"THE_SILENT","items_purchased":["Well Laid Plans"],"campfire_rested":4,"item_purchase_floors":[14],"current_hp_per_floor":[54,54,46,39,38,38,5,24,24,10,11,7,24,24,24,6,53,53,32,32,26,26,46,45,20,20,20,40,40,33,38,59,0,0],"gold":273,"neow_bonus":"TRANSFORM_CARD","is_daily":false,"chose_seed":false,"campfire_upgraded":2,"win_rate":0.0,"timestamp":1613371246,"path_taken":["M","?","M","?","M","R","E","R","T","M","M","M","?","$","R","BOSS","M","?","?","M","?","R","M","E","T","M","R","?","M","E","R","BOSS"],"items_purchased_type":["Card"],"build_version":"2020-12-18","purchased_purges":1,"victory":false,"max_hp_per_floor":[66,66,66,66,66,66,66,66,66,66,68,68,68,68,68,68,68,68,68,68,68,68,68,68,68,68,68,68,68,70,70,70,70,70],"relic_stats":{"Singing Bowl":4,"counters":[17,89],"Snecko Eye":[62,78,52,55],"Pen Nib":[15],"PreservedInsect":43,"Necronomicon":[6],"obtain_stats":[{"CaptainsWheel":25,"Singing Bowl":7,"Snecko Eye":17,"Pen Nib":9,"PreservedInsect":26,"Necronomicon":19,"Toy Ornithopter":20,"Ring of the Snake":0},{"CaptainsWheel":13,"Singing Bowl":5,"Snecko Eye":9,"Pen Nib":5,"PreservedInsect":13,"Necronomicon":10,"Toy Ornithopter":10,"Ring of the Snake":0},{"CaptainsWheel":73,"Singing Bowl":30,"Snecko Eye":57,"Pen Nib":30,"PreservedInsect":73,"Necronomicon":61,"Toy Ornithopter":61,"Ring of the Snake":0}],"Toy Ornithopter":5,"Ring of the Snake":[34]},"card_choices":[{"not_picked":["Well Laid Plans","Prepared"],"picked":"Deadly Poison","floor":1.0},{"not_picked":["Eviscerate","Concentrate","Deflect"],"picked":"SKIP","floor":2.0},{"not_picked":["Noxious Fumes","Backflip"],"picked":"Dagger Throw","floor":3.0},{"not_picked":["Backstab","Choke"],"picked":"Quick Slash","floor":5.0},{"not_picked":["Escape Plan","Deadly Poison"],"picked":"Blade Dance","floor":7.0},{"not_picked":["Underhanded Strike","Poisoned Stab"],"picked":"Backflip","floor":10.0},{"not_picked":["Quick Slash","Prepared","Riddle With Holes"],"picked":"Singing Bowl","floor":11.0},{"not_picked":["A Thousand Cuts","Flying Knee"],"picked":"Crippling Poison","floor":12.0},{"not_picked":["Unload","Glass Knife"],"picked":"Bullet Time","floor":16.0},{"not_picked":["Outmaneuver","Cloak And Dagger"],"picked":"Backflip","floor":18.0},{"not_picked":["Outmaneuver","Acrobatics"],"picked":"Riddle With Holes","floor":21.0},{"not_picked":["Reflex","Dodge and Roll"],"picked":"Acrobatics","floor":24.0},{"not_picked":["PiercingWail","Poisoned Stab"],"picked":"Adrenaline","floor":25.0},{"not_picked":["Blade Dance","Quick Slash+1"],"picked":"Catalyst","floor":27.0},{"not_picked":["Bane","Reflex","Blade Dance"],"picked":"Singing Bowl","floor":30.0}],"player_experience":1346323,"relics_obtained":[{"floor":7.0,"key":"Singing Bowl"},{"floor":9.0,"key":"Pen Nib"},{"floor":19.0,"key":"Necronomicon"},{"floor":25.0,"key":"CaptainsWheel"},{"floor":26.0,"key":"PreservedInsect"}],"event_choices":[{"cards_removed":["Outmaneuver"],"damage_healed":0.0,"max_hp_gain":0.0,"max_hp_loss":0.0,"gold_gain":0.0,"event_name":"Golden Wing","player_choice":"Card Removal","floor":4.0,"gold_loss":0.0,"damage_taken":7.0},{"damage_healed":17.0,"max_hp_gain":0.0,"max_hp_loss":0.0,"gold_gain":0.0,"event_name":"The Cleric","player_choice":"Healed","floor":13.0,"gold_loss":35.0,"damage_taken":0.0},{"damage_healed":0.0,"max_hp_gain":0.0,"max_hp_loss":0.0,"gold_gain":0.0,"event_name":"Cursed Tome","player_choice":"Obtained Book","floor":19.0,"gold_loss":0.0,"damage_taken":21.0},{"damage_healed":0.0,"max_hp_gain":0.0,"max_hp_loss":0.0,"gold_gain":0.0,"event_name":"Addict","player_choice":"Obtained Relic","floor":20.0,"gold_loss":85.0,"damage_taken":0.0,"relics_obtained":["Toy Ornithopter"]},{"damage_healed":0.0,"max_hp_gain":0.0,"max_hp_loss":0.0,"gold_gain":50.0,"event_name":"Nest","player_choice":"Stole From Cult","floor":22.0,"gold_loss":0.0,"damage_taken":0.0},{"damage_healed":0.0,"max_hp_gain":0.0,"max_hp_loss":0.0,"gold_gain":0.0,"event_name":"Forgotten Altar","player_choice":"Smashed Altar","floor":29.0,"gold_loss":0.0,"damage_taken":0.0,"cards_obtained":["Decay"]}],"is_beta":true,"boss_relics":[{"not_picked":["Tiny House","Astrolabe"],"picked":"Snecko Eye"}],"items_purged_floors":[14],"is_endless":false,"potions_floor_spawned":[1,7,11,12,25],"killed_by":"Automaton","ascension_level":20}}