{"host":"xc18ixkpjvqrt8st","time":1613358998,"event":{"mods":["Act Like it!","BaseMod","Better Match","Better Third Choice","Conspire","Downfall","Hallownest","Hermit","Minty Spire (QoL Compilation)","Reliquary","Robot Space Explorer","Shop Mod","Spicy Shops","Spire Arcade","StSLib","The Animator","The Edgeheg","The Jungle","The Sage"],"gold_per_floor":[267,267,291,291,310,362,412,14,91,15,32,59,78,102,102,224,224,237,259,184,31,36,36],"floor_reached":22,"language":"ENG","playtime":1127,"items_purged":[],"score":216,"play_id":"60e7f635-df83-4cd3-a609-e661e34d6e8f","local_time":"20210214211638","is_ascension_mode":true,"campfire_choices":[{"floor":15,"key":"REST"}],"circlet_count":0,"master_deck":["animator:Strike_Kancolle","animator:Defend_Kancolle","animator:Strike","animator:Strike","animator:Strike","animator:Defend","animator:Defend","animator:Defend","animator:Shimakaze+1","animator:KyokoSakura","Barricade+1","animator:Lancer","animator:KyokoSakura","animator:Shuna","animator:Kagari","animator:Rider","animator:FielNirvalen","animator:YachiyoNanami","animator:Rimuru","animator:HigakiRinne","animator:IrohaTamaki","animator:Assassin","animator:Shizu","CurseOfTheBell","animator:GazelDwargon","animator:Saber+1","animator:Berserker+1","animator:Patchouli+1"],"relics":["animator:LivingPicture","animator:TheMissingPiece","NeowsBlessing","animator:ShionDessert","reliquary:TatteredRug","reliquary:PorcupineQuills","conspire:Dentures","reliquary:BoilingFlask","reliquary:Firecrackers","Calling Bell","Blood Vial","Molten Egg 2","WingedGreaves","Sling"],"acts_visited":["Exordium","TheCity"],"potions_floor_usage":[],"damage_taken":[{"damage":0.0,"enemies":"Jaw Worm","floor":1.0,"turns":1.0},{"damage":0.0,"enemies":"Small Slimes","floor":3.0,"turns":1.0},{"damage":0.0,"enemies":"Cultist","floor":5.0,"turns":1.0},{"damage":7.0,"enemies":"Gremlin Nob","floor":6.0,"turns":4.0},{"damage":19.0,"enemies":"Exordium Thugs","floor":11.0,"turns":5.0},{"damage":6.0,"enemies":"Lagavulin","floor":12.0,"turns":8.0},{"damage":14,"enemies":"Red Slaver","floor":13,"turns":5},{"damage":0,"enemies":"Looter","floor":14,"turns":5},{"damage":25,"enemies":"Slime Boss","floor":16,"turns":10},{"damage":35,"enemies":"3 Byrds","floor":18,"turns":5},{"damage":17,"enemies":"Spheric Guardian","floor":19,"turns":4},{"damage":23,"enemies":"conspire:HollyBat","floor":22,"turns":6}],"seed_played":"-8351793497203174176","potions_obtained":[{"floor":1.0,"key":"Dexterity Potion"},{"floor":3.0,"key":"SpeedPotion"},{"floor":6.0,"key":"Ancient Potion"}],"is_trial":false,"path_per_floor":["M","?","M","?","M","E","T","$","T","$","M","E","M","M","R","B",null,"M","M","?","$","M"],"character_chosen":"THE_ANIMATOR","items_purchased":["conspire:Dentures","animator:Kagari","animator:Rider","animator:FielNirvalen","animator:YachiyoNanami","Sling"],"campfire_rested":1,"item_purchase_floors":[8,8,8,8,10,21],"current_hp_per_floor":[66,50,50,50,50,43,43,43,43,43,25,19,5,6,26,1,68,34,19,20,20,0,0],"gold":36,"neow_bonus":"THREE_ENEMY_KILL","is_daily":false,"chose_seed":false,"campfire_upgraded":0,"win_rate":0.0,"timestamp":1613358998,"path_taken":["M","?","M","?","?","E","?","$","T","?","M","E","?","M","R","BOSS","M","M","?","$","?"],"items_purchased_type":["Relic","Card","Card","Card","Card","Relic"],"build_version":"2020-12-22","purchased_purges":0,"victory":false,"max_hp_per_floor":[66,66,66,66,66,66,66,66,66,66,67,67,67,68,68,68,68,69,69,70,70,70,70],"card_choices":[{"not_picked":["animator:CowGirl","animator:ShinjiMatou"],"picked":"animator:KyokoSakura","floor":1.0},{"not_picked":["animator:Rider","animator:IzunaHatsuse"],"picked":"animator:Lancer","floor":3.0},{"not_picked":["animator:GuildGirl","animator:IzunaHatsuse"],"picked":"animator:KyokoSakura","floor":5.0},{"not_picked":["animator:Shion","animator:Millim"],"picked":"animator:Shuna","floor":6.0},{"not_picked":["animator:Genos","animator:GuildGirl"],"picked":"animator:Rimuru","floor":11.0},{"not_picked":["animator:Emonzaemon","animator:Boros"],"picked":"animator:HigakiRinne","floor":12.0},{"not_picked":["animator:YuiTsuruno","animator:Azekura"],"picked":"animator:IrohaTamaki","floor":13},{"not_picked":["animator:Rider","animator:ShinjiMatou"],"picked":"animator:Assassin","floor":14},{"not_picked":["animator:Kyubey","animator:MadokaKaname"],"picked":"animator:Shizu","floor":16},{"not_picked":["animator:Archer","animator:Spearman+1"],"picked":"animator:GazelDwargon","floor":18},{"not_picked":["animator:DwarfShaman+1","animator:Shichika"],"picked":"animator:Saber+1","floor":19},{"not_picked":["animator:Shuna+1","animator:Millim+1"],"picked":"animator:Berserker+1","floor":20},{"not_picked":["animator:HououinKyouma+1","animator:Lelouch+1"],"picked":"animator:Patchouli+1","floor":20}],"player_experience":724112,"relics_obtained":[{"floor":6.0,"key":"reliquary:TatteredRug"},{"floor":7.0,"key":"reliquary:PorcupineQuills"},{"floor":9.0,"key":"reliquary:BoilingFlask"},{"floor":12.0,"key":"reliquary:Firecrackers"},{"floor":17,"key":"Blood Vial"},{"floor":17,"key":"Molten Egg 2"},{"floor":17,"key":"WingedGreaves"}],"event_choices":[{"damage_healed":0.0,"max_hp_gain":0.0,"max_hp_loss":0.0,"gold_gain":0.0,"event_name":"Upgrade Shrine","player_choice":"Upgraded","floor":4.0,"gold_loss":0.0,"damage_taken":0.0,"cards_upgraded":["animator:Shimakaze"]},{"damage_healed":0,"gold_gain":0,"player_choice":"2","damage_taken":0,"max_hp_gain":0,"max_hp_loss":0,"event_name":"betterMatch:BetterMatch","floor":20,"gold_loss":0,"cards_obtained":["betterMatch:CommonCard","betterMatch:ColorlessRareCard"]}],"is_beta":false,"boss_relics":[{"not_picked":["Empty Cage","reliquary:WritOfMandamus"],"picked":"Calling Bell"}],"items_purged_floors":[],"is_endless":false,"potions_floor_spawned":[1,3,6],"killed_by":"conspire:HollyBat","ascension_level":2}}