{"host":"fuszjwm6fqgjjp4d","time":1613351738,"event":{"mods":["BaseMod","Colored Map","Minty Spire (QoL Compilation)","Permanent Neow","Relic Sorter","Relic Stats","StSLib"],"gold_per_floor":[210,41,41,41,51,51,61,95,95,8,8,8],"floor_reached":11,"language":"ENG","playtime":392,"items_purged":[],"score":142,"play_id":"30046075-5d66-42e8-b909-4e91c1363865","local_time":"20210214191538","is_ascension_mode":true,"campfire_choices":[{"data":"Cloak And Dagger","floor":6,"key":"SMITH"}],"circlet_count":0,"master_deck":["AscendersBane","Strike_G","Strike_G+1","Strike_G","Strike_G+1","Strike_G","Defend_G","Defend_G","Defend_G","Defend_G","Defend_G","Survivor","Neutralize","Cloak And Dagger+1","After Image","Backstab","Well Laid Plans","Caltrops"],"relics":["Ring of the Snake","TungstenRod","CaptainsWheel"],"acts_visited":["Exordium"],"potions_floor_usage":[8],"damage_taken":[{"damage":1,"enemies":"2 Louse","floor":1,"turns":4},{"damage":0,"enemies":"Jaw Worm","floor":5,"turns":5},{"damage":0,"enemies":"Cultist","floor":7,"turns":4},{"damage":17,"enemies":"Gremlin Nob","floor":8,"turns":6},{"damage":25,"enemies":"3 Sentries","floor":11,"turns":10}],"seed_played":"-773851626091676072","potions_obtained":[{"floor":4,"key":"SneckoOil"},{"floor":4,"key":"SpeedPotion"},{"floor":5,"key":"Block Potion"}],"is_trial":false,"path_per_floor":["M","$","?","?","M","R","M","E","T","$","E"],"character_chosen":"THE_SILENT","items_purchased":["After Image","Caltrops"],"campfire_rested":0,"item_purchase_floors":[2,10],"current_hp_per_floor":[58,58,38,38,38,38,38,21,21,21,0,0],"gold":8,"neow_bonus":"HUNDRED_GOLD","is_daily":false,"chose_seed":false,"campfire_upgraded":1,"win_rate":0.0,"timestamp":1613351738,"path_taken":["M","$","?","?","M","R","M","E","T","$","E"],"items_purchased_type":["Card","Card"],"build_version":"2020-12-22","purchased_purges":0,"victory":false,"max_hp_per_floor":[66,66,66,66,66,66,66,66,66,66,66,66],"relic_stats":{"counters":[5,29],"obtain_stats":[{"CaptainsWheel":9,"TungstenRod":8,"Ring of the Snake":0},{"CaptainsWheel":4,"TungstenRod":4,"Ring of the Snake":0},{"CaptainsWheel":19,"TungstenRod":19,"Ring of the Snake":0}],"TungstenRod":4,"Ring of the Snake":[10]},"card_choices":[{"not_picked":["Dagger Throw","Dodge and Roll"],"picked":"Cloak And Dagger","floor":1},{"not_picked":["All Out Attack","Quick Slash"],"picked":"Backstab","floor":5},{"not_picked":["Poisoned Stab","Acrobatics","Dagger Throw"],"picked":"SKIP","floor":7},{"not_picked":["Poisoned Stab","Skewer"],"picked":"Well Laid Plans","floor":8}],"player_experience":1482196,"relics_obtained":[{"floor":8,"key":"TungstenRod"},{"floor":9,"key":"CaptainsWheel"}],"event_choices":[{"damage_healed":0,"gold_gain":0,"player_choice":"Entered Light","damage_taken":20,"max_hp_gain":0,"max_hp_loss":0,"event_name":"Shining Light","floor":3,"gold_loss":0,"cards_upgraded":["Strike_G","Strike_G"]},{"damage_healed":0,"gold_gain":0,"player_choice":"Got Potions","damage_taken":0,"max_hp_gain":0,"max_hp_loss":0,"event_name":"Lab","floor":4,"gold_loss":0}],"is_beta":false,"boss_relics":[],"items_purged_floors":[],"is_endless":false,"potions_floor_spawned":[5,7],"killed_by":"3 Sentries","ascension_level":20}}