{"host":"iggyqwhh1tk9qczq","time":1613371198,"event":{"mods":["BaseMod","Minty Spire (QoL Compilation)","StSLib","Together in Spire"],"gold_per_floor":[115,131,56,67,84,84,111,126,150,175,43,7,7,19,19,117,117,127,155,155,172,184,184,210,210,210,241,241,191,191,191,191,290,290,303,319,319],"floor_reached":36,"language":"ENG","playtime":3375,"items_purged":["Strike_P","Defend_P","Defend_P"],"score":412,"play_id":"2e71a59d-8c39-4b96-98e2-0bfd0cf59972","local_time":"20210214223958","is_ascension_mode":false,"campfire_choices":[{"data":"Eruption","floor":6.0,"key":"SMITH"},{"data":"Study","floor":13.0,"key":"SMITH"},{"data":"LikeWater","floor":15.0,"key":"SMITH"},{"floor":23.0,"key":"REST"},{"data":"ConjureBlade","floor":25.0,"key":"SMITH"},{"data":"Halt","floor":30.0,"key":"SMITH"},{"data":"Perseverance","floor":32.0,"key":"SMITH"}],"circlet_count":0,"master_deck":["Eruption+1","Vigilance","FollowUp","EmptyBody","FlurryOfBlows","EmptyBody","Pray","BowlingBash","Protect","LikeWater+1","Study+1","ConjureBlade+1","ThirdEye+1","Nirvana","Perseverance+1","FlurryOfBlows","FearNoEvil+1","Halt+1","Conclude","Nirvana","Pain","Vault","WreathOfFlame","Indignation","Vault"],"relics":["PureWater","NeowsBlessing","Happy Flower","Smiling Mask","Orichalcum","SlaversCollar","Red Mask","PreservedInsect","Blue Candle","FossilizedHelix","WarpedTongs","Pandora\u0027s Box"],"acts_visited":[],"potions_floor_usage":[],"damage_taken":[{"damage":0.0,"enemies":"Cultist","floor":1.0,"turns":1.0},{"damage":0.0,"enemies":"Small Slimes","floor":2.0,"turns":1.0},{"damage":4.0,"enemies":"Jaw Worm","floor":4.0,"turns":2.0},{"damage":0.0,"enemies":"Large Slime","floor":5.0,"turns":3.0},{"damage":0.0,"enemies":"Gremlin Nob","floor":7.0,"turns":2.0},{"damage":1.0,"enemies":"Red Slaver","floor":8.0,"turns":2.0},{"damage":1.0,"enemies":"Lagavulin","floor":10.0,"turns":4.0},{"damage":9.0,"enemies":"Exordium Wildlife","floor":14.0,"turns":3.0},{"damage":13.0,"enemies":"Hexaghost","floor":16.0,"turns":5.0},{"damage":3.0,"enemies":"Shell Parasite","floor":18.0,"turns":7.0},{"damage":49.0,"enemies":"Masked Bandits","floor":19.0,"turns":8.0},{"damage":0.0,"enemies":"3 Byrds","floor":21.0,"turns":3.0},{"damage":0.0,"enemies":"3 Cultists","floor":22.0,"turns":4.0},{"damage":6.0,"enemies":"Book of Stabbing","floor":24.0,"turns":5.0},{"damage":5.0,"enemies":"Slavers","floor":27.0,"turns":2.0},{"damage":1.0,"enemies":"Champ","floor":33.0,"turns":6.0},{"damage":0.0,"enemies":"3 Darklings","floor":35.0,"turns":3.0},{"damage":0,"enemies":"Orb Walker","floor":36,"turns":1}],"seed_played":"-8547884836396198485","potions_obtained":[{"floor":2.0,"key":"SkillPotion"},{"floor":5.0,"key":"Swift Potion"},{"floor":8.0,"key":"Energy Potion"},{"floor":18.0,"key":"Fruit Juice"},{"floor":19.0,"key":"Energy Potion"},{"floor":24.0,"key":"BottledMiracle"}],"is_trial":false,"path_per_floor":["M","M","$","M","M","R","E","M","T","E","$","$","R","M","R","B",null,"M","?","?","M","M","R","E","R","T","E","?","$","R","?","R","B",null,"M","M"],"character_chosen":"WATCHER","items_purchased":["LikeWater","Study"],"campfire_rested":1,"item_purchase_floors":[11,12],"current_hp_per_floor":[72,72,72,68,68,68,68,67,67,66,66,66,66,57,57,44,72,69,25,11,11,11,35,29,29,29,24,24,24,24,24,24,23,82,82,82,82],"gold":319,"neow_bonus":"THREE_ENEMY_KILL","is_daily":false,"chose_seed":false,"campfire_upgraded":6,"win_rate":0.0,"timestamp":1613371198,"path_taken":["M","M","$","M","M","R","E","?","T","E","?","$","R","M","R","BOSS","M","?","?","M","M","R","E","R","T","E","?","?","R","?","R","BOSS","M","M"],"items_purchased_type":["Card","Card"],"build_version":"2020-12-22","purchased_purges":3,"victory":false,"max_hp_per_floor":[72,72,72,72,72,72,72,72,72,72,72,72,72,72,72,72,72,72,77,82,82,82,82,82,82,82,82,82,82,82,82,82,82,82,82,82,82],"card_choices":[{"not_picked":["DeceiveReality","Sanctity"],"picked":"FollowUp","floor":1.0},{"not_picked":["BattleHymn","FlyingSleeves"],"picked":"EmptyBody","floor":2.0},{"not_picked":["SashWhip","Wallop"],"picked":"FlurryOfBlows","floor":4.0},{"not_picked":["CutThroughFate","Omniscience"],"picked":"EmptyBody","floor":5.0},{"not_picked":["Scrawl","EmptyBody"],"picked":"Pray","floor":7.0},{"not_picked":["SignatureMove","PathToVictory"],"picked":"BowlingBash","floor":8.0},{"not_picked":["FlyingSleeves","Consecrate"],"picked":"Protect","floor":10.0},{"not_picked":["BowlingBash","Consecrate","ReachHeaven"],"picked":"SKIP","floor":14.0},{"not_picked":["MasterReality","Omniscience"],"picked":"ConjureBlade","floor":16.0},{"not_picked":["DeceiveReality+1","Conclude"],"picked":"ThirdEye+1","floor":18.0},{"not_picked":["EmptyBody+1","Protect"],"picked":"Nirvana","floor":19.0},{"not_picked":["ThirdEye+1","ReachHeaven"],"picked":"Perseverance","floor":21.0},{"not_picked":["TalkToTheHand","Worship"],"picked":"FlurryOfBlows","floor":22.0},{"not_picked":["PathToVictory+1","TalkToTheHand+1"],"picked":"FearNoEvil+1","floor":24.0},{"not_picked":["CarveReality","Establishment"],"picked":"Halt","floor":27.0},{"not_picked":["DevaForm","Establishment"],"picked":"Vault","floor":33.0},{"not_picked":["EmptyFist","Halt+1","JustLucky"],"picked":"SKIP","floor":35.0},{"not_picked":["FollowUp","DeceiveReality+1","Sanctity+1"],"picked":"SKIP","floor":36}],"player_experience":111934,"relics_obtained":[{"floor":7.0,"key":"Happy Flower"},{"floor":9.0,"key":"Smiling Mask"},{"floor":10.0,"key":"Orichalcum"},{"floor":19.0,"key":"Red Mask"},{"floor":24.0,"key":"PreservedInsect"},{"floor":26.0,"key":"Blue Candle"},{"floor":27.0,"key":"FossilizedHelix"}],"event_choices":[{"damage_healed":0.0,"max_hp_gain":0.0,"max_hp_loss":0.0,"gold_gain":0.0,"event_name":"Masked Bandits","player_choice":"Fought Bandits","floor":19.0,"gold_loss":0.0,"damage_taken":0.0},{"damage_healed":0.0,"max_hp_gain":5.0,"max_hp_loss":0.0,"gold_gain":0.0,"event_name":"Forgotten Altar","player_choice":"Shed Blood","floor":20.0,"gold_loss":0.0,"damage_taken":19.0},{"damage_healed":0.0,"max_hp_gain":0.0,"max_hp_loss":0.0,"gold_gain":0.0,"cards_transformed":["Defend_P","Defend_P"],"event_name":"Drug Dealer","player_choice":"Became Test Subject","floor":28.0,"gold_loss":0.0,"damage_taken":0.0,"cards_obtained":["Conclude","Nirvana"]},{"damage_healed":0.0,"max_hp_gain":0.0,"max_hp_loss":0.0,"gold_gain":0.0,"event_name":"Accursed Blacksmith","player_choice":"Rummage","floor":31.0,"gold_loss":0.0,"damage_taken":0.0,"relics_obtained":["WarpedTongs"],"cards_obtained":["Pain"]}],"is_beta":false,"boss_relics":[{"not_picked":["Snecko Eye","Calling Bell"],"picked":"SlaversCollar"},{"not_picked":["Philosopher\u0027s Stone","Black Star"],"picked":"Pandora\u0027s Box"}],"items_purged_floors":[3,11,29],"is_endless":false,"potions_floor_spawned":[2,5,8,14,16,18,19,24],"killed_by":"Orb Walker","ascension_level":0}}