{"host":"vyiqbz5w606ur92t","time":1613409822,"event":{"mods":["BaseMod","Downfall","Minty Spire (QoL Compilation)","Relic Stats","StSLib"],"gold_per_floor":[99,118,118,136,152,162,216,116,150,150,182,195,95,120,132,204,204,204,214,234,234,234,246,246,259,292,292,392,418,429,0,11,82,82,82,94,120,153,169,211,262,289,189,237,267,120,154,201,221,221,221,248,51,51,51,51],"floor_reached":57,"language":"ENG","playtime":5798,"items_purged":["Slimebound:CorrosiveSpit","Slimebound:Defend_Slimebound"],"score":2539,"play_id":"dbdbe8d8-669a-4e2c-987f-4779bda42da7","local_time":"20210215172342","is_ascension_mode":true,"campfire_choices":[{"floor":1,"key":"RECALL"},{"data":"Slimebound:Gluttony","floor":8,"key":"SMITH"},{"data":"Slimebound:GrowthPunch","floor":13,"key":"SMITH"},{"data":"Slimebound:TongueLash","floor":18,"key":"SMITH"},{"data":"Slimebound:Equalize","floor":35,"key":"SMITH"},{"data":"Slimebound:SpikyOuterGoop","floor":43,"key":"SMITH"},{"data":"Slimebound:SpikyOuterGoop","floor":54,"key":"SMITH"}],"circlet_count":0,"master_deck":["AscendersBane","Slimebound:Tackle+1","Slimebound:Defend_Slimebound","Slimebound:Split","Slimebound:Schlurp+1","Slimebound:RejuvenatingLick+1","Slimebound:Dissolve+1","Slimebound:SplitBruiser","Slimebound:Gluttony+1","Slimebound:ComboTackle","Slimebound:SplitMire","Slimebound:TongueLash+1","Slimebound:DisruptingSlam+1","Slimebound:GrowthPunch+1","Slimebound:ServeAndProtect","Slimebound:OozeBath","Slimebound:Prepare","Ghostly","Ghostly","Ghostly","Slimebound:AcidTongue+1","Slimebound:HauntingLick","Slimebound:LeechEnergy","Slimebound:SamplingLick","Slimebound:Equalize+1","Slimebound:SpikyOuterGoop+1","Slimebound:SpikyOuterGoop+1","Slimebound:FormOfPuddle+1","Slimebound:GoopSpray","Slimebound:Prepare+1","Slimebound:Schlurp+1","Slimebound:Grow"],"relics":["Astrolabe","PreservedInsect","downfall:HeartBlessingRed","Slimebound:AggressiveSlimeRelic","Centennial Puzzle","downfall:HeartBlessingGreen","Pocketwatch","Slimebound:TarBlob","Pear","StoneCalendar","Pantograph","The Courier","Boot","bronze:BronzeIdol","sneckomod:SneckoTalon","CeramicFish","Slimebound:MaxSlimesRelic","Bottled Lightning","Oddly Smooth Stone","Lantern","downfall:HeartBlessingBlue","Whetstone","Art of War","Slimebound:StickyStick","Orichalcum","Slimebound:SlimedTailRelic","Vajra","bronze:DonusWashers"],"acts_visited":["Exordium","TheCity","TheBeyond","TheEnding"],"potions_floor_usage":[9,12,25,28,29,49,50,50,56],"damage_taken":[{"damage":4,"enemies":"Small Slimes","floor":2,"turns":3},{"damage":0,"enemies":"2 Louse","floor":4,"turns":2},{"damage":1,"enemies":"Jaw Worm","floor":5,"turns":2},{"damage":0,"enemies":"Large Slime","floor":6,"turns":5},{"damage":24,"enemies":"Gremlin Nob","floor":9,"turns":4},{"damage":10,"enemies":"3 Sentries","floor":11,"turns":5},{"damage":0,"enemies":"2 Fungi Beasts","floor":12,"turns":2},{"damage":0,"enemies":"Gremlin Nob","floor":14,"turns":2},{"damage":6,"enemies":"Exordium Wildlife","floor":15,"turns":3},{"damage":0,"enemies":"DF_ARCHETYPE_STREAMLINE","floor":16,"turns":8},{"damage":1,"enemies":"Shell Parasite","floor":19,"turns":3},{"damage":3,"enemies":"Chosen","floor":20,"turns":4},{"damage":6,"enemies":"Shelled Parasite and Fungi","floor":23,"turns":4},{"damage":19,"enemies":"Chosen and Byrds","floor":25,"turns":5},{"damage":0,"enemies":"Book of Stabbing","floor":26,"turns":4},{"damage":1,"enemies":"Colosseum Nobs","floor":28,"turns":4},{"damage":6,"enemies":"Slavers","floor":29,"turns":5},{"damage":6,"enemies":"Centurion and Healer","floor":30,"turns":5},{"damage":0,"enemies":"downfall:FleeingMerchant","floor":31,"turns":4},{"damage":0,"enemies":"Shelled Parasite and Fungi","floor":32,"turns":4},{"damage":29,"enemies":"WA_ARCHETYPE_CALM","floor":33,"turns":7},{"damage":2,"enemies":"3 Darklings","floor":36,"turns":5},{"damage":1,"enemies":"downfall:FleeingMerchant","floor":38,"turns":3},{"damage":2,"enemies":"Orb Walker","floor":39,"turns":3},{"damage":19,"enemies":"Reptomancer","floor":40,"turns":4},{"damage":0,"enemies":"Giant Head","floor":42,"turns":5},{"damage":3,"enemies":"Nemesis","floor":45,"turns":7},{"damage":0,"enemies":"Giant Head","floor":47,"turns":6},{"damage":5,"enemies":"2 Orb Walkers","floor":48,"turns":5},{"damage":0,"enemies":"Writhing Mass","floor":49,"turns":4},{"damage":0,"enemies":"IC_BLOCK_ARCHETYPE","floor":50,"turns":8},{"damage":3,"enemies":"downfall:CharBossMerchant","floor":52,"turns":6},{"damage":0,"enemies":"downfall:NeowBoss","floor":55,"turns":13},{"damage":6,"enemies":"downfall:NeowBossFinal","floor":56,"turns":12}],"seed_played":"-6321638332800676189","potions_obtained":[{"floor":6,"key":"EssenceOfSteel"},{"floor":9,"key":"LiquidMemories"},{"floor":11,"key":"Slimebound:SlimedPotion"},{"floor":12,"key":"LiquidBronze"},{"floor":15,"key":"Energy Potion"},{"floor":19,"key":"DuplicationPotion"},{"floor":26,"key":"Swift Potion"},{"floor":30,"key":"Fire Potion"},{"floor":49,"key":"Energy Potion"},{"floor":52,"key":"Weak Potion"}],"is_trial":false,"path_per_floor":["R","M","?","M","M","M","T","R","E","?","E","M","R","E","M","B",null,"R","M","M","?","?","M","T","M","E","?","?","E","M","$","M","B",null,"R","M","?","$","M","E","T","E","R","T","E","$","E","?","M","B",null,"E","$","R","B","B",null],"character_chosen":"SLIMEBOUND","items_purchased":["Slimebound:SpikyOuterGoop","FearPotion","Boot","bronze:BronzeIdol","Slimebound:MaxSlimesRelic","Slimebound:StickyStick","Slimebound:GoopSpray","Slimebound:Grow","bronze:DonusWashers"],"campfire_rested":0,"item_purchase_floors":[31,31,31,31,38,46,46,53,53],"current_hp_per_floor":[53,49,49,49,48,48,48,48,24,29,19,19,19,19,13,13,51,51,50,47,32,32,26,26,7,17,17,16,10,4,4,12,13,35,35,42,42,42,40,21,21,33,43,43,49,49,52,52,52,52,52,52,52,52,52,52],"gold":51,"neow_bonus":"BOSS_RELIC","is_daily":false,"chose_seed":false,"campfire_upgraded":6,"win_rate":0.0,"timestamp":1613409822,"path_taken":["R","M","?","M","M","M","T","R","E","?","E","?","R","E","M","BOSS","R","M","M","?","?","M","T","M","E","?","?","E","M","$","M","BOSS","R","M","?","$","M","E","T","E","R","?","E","$","E","?","M","BOSS","E","$","R","BOSS","BOSS"],"items_purchased_type":["Card","Potion","Relic","Relic","Relic","Relic","Card","Card","Relic"],"build_version":"2020-12-22","purchased_purges":2,"victory":true,"max_hp_per_floor":[59,59,59,59,59,59,59,59,59,64,64,64,64,64,64,64,64,64,64,64,32,32,32,32,32,42,42,42,42,42,42,42,42,42,42,42,42,42,42,42,42,42,52,52,52,52,52,52,52,52,52,52,52,52,52,52],"relic_stats":{"counters":[34,163],"Astrolabe":["Slimebound:Schlurp","Slimebound:RejuvenatingLick","Slimebound:Dissolve"],"CeramicFish":54,"StoneCalendar":[156],"PreservedInsect":758,"Whetstone":["Slimebound:DisruptingSlam","Slimebound:Tackle"],"Orichalcum":[0],"Boot":[48],"Centennial Puzzle":[51],"Pantograph":25,"Art of War":[10],"obtain_stats":[{"Lantern":42,"CeramicFish":37,"Vajra":52,"downfall:HeartBlessingGreen":13,"StoneCalendar":28,"Whetstone":44,"Boot":31,"Centennial Puzzle":11,"Slimebound:MaxSlimesRelic":38,"downfall:HeartBlessingBlue":43,"Slimebound:StickyStick":46,"Pantograph":28,"Slimebound:AggressiveSlimeRelic":9,"bronze:DonusWashers":53,"Pear":26,"downfall:HeartBlessingRed":8,"Astrolabe":0,"Oddly Smooth Stone":41,"PreservedInsect":7,"The Courier":29,"Orichalcum":47,"sneckomod:SneckoTalon":34,"Slimebound:TarBlob":17,"bronze:BronzeIdol":31,"Slimebound:AbsorbEndCombat":0,"Art of War":45,"Bottled Lightning":40,"Slimebound:SlimedTailRelic":48,"Pocketwatch":14},{"Lantern":26,"CeramicFish":22,"Vajra":32,"downfall:HeartBlessingGreen":7,"StoneCalendar":16,"Whetstone":26,"Boot":19,"Centennial Puzzle":6,"Slimebound:MaxSlimesRelic":23,"downfall:HeartBlessingBlue":26,"Slimebound:StickyStick":27,"Pantograph":16,"Slimebound:AggressiveSlimeRelic":5,"bronze:DonusWashers":32,"Pear":15,"downfall:HeartBlessingRed":4,"Astrolabe":0,"Oddly Smooth Stone":25,"PreservedInsect":4,"The Courier":17,"Orichalcum":28,"sneckomod:SneckoTalon":21,"Slimebound:TarBlob":10,"bronze:BronzeIdol":19,"Slimebound:AbsorbEndCombat":0,"Art of War":27,"Bottled Lightning":25,"Slimebound:SlimedTailRelic":29,"Pocketwatch":8},{"Lantern":102,"CeramicFish":87,"Vajra":138,"downfall:HeartBlessingGreen":20,"StoneCalendar":57,"Whetstone":102,"Boot":71,"Centennial Puzzle":18,"Slimebound:MaxSlimesRelic":90,"downfall:HeartBlessingBlue":102,"Slimebound:StickyStick":109,"Pantograph":57,"Slimebound:AggressiveSlimeRelic":14,"bronze:DonusWashers":138,"Pear":53,"downfall:HeartBlessingRed":11,"Astrolabe":0,"Oddly Smooth Stone":97,"PreservedInsect":11,"The Courier":62,"Orichalcum":115,"sneckomod:SneckoTalon":82,"Slimebound:TarBlob":33,"bronze:BronzeIdol":71,"Slimebound:AbsorbEndCombat":0,"Art of War":109,"Bottled Lightning":97,"Slimebound:SlimedTailRelic":120,"Pocketwatch":22}],"Pocketwatch":[40]},"card_choices":[{"not_picked":["Slimebound:RollThrough","Slimebound:GoopTackle"],"picked":"Slimebound:SplitBruiser","floor":2},{"not_picked":["Slimebound:HauntingLick","Slimebound:Nibble"],"picked":"Slimebound:Gluttony","floor":4},{"not_picked":["Slimebound:SplitBruiser","Slimebound:PressTheAttack"],"picked":"Slimebound:ComboTackle","floor":5},{"not_picked":["Slimebound:HauntingLick","Slimebound:Schlurp"],"picked":"Slimebound:SplitMire","floor":6},{"not_picked":["Slimebound:SamplingLick","Slimebound:SlimeTap"],"picked":"Slimebound:TongueLash","floor":9},{"not_picked":["Slimebound:ItLooksTasty","Slimebound:LeadByExample"],"picked":"Slimebound:DisruptingSlam","floor":11},{"not_picked":["Slimebound:Grow","Slimebound:ViciousTackle"],"picked":"Slimebound:GrowthPunch","floor":12},{"not_picked":["Slimebound:FinishingTackle","Slimebound:SplitSpecialist","Slimebound:SlimeSpikes"],"picked":"SKIP","floor":14},{"not_picked":["Slimebound:Replication","Slimebound:Overexert"],"picked":"Slimebound:ServeAndProtect","floor":15},{"not_picked":["Slimebound:OneTwoCombo","Slimebound:FirmFortitude"],"picked":"Slimebound:OozeBath","floor":16},{"not_picked":["Slimebound:SplitAcid","Slimebound:HauntingLick"],"picked":"Slimebound:Prepare","floor":19},{"not_picked":["Slimebound:SplitAcid","Slimebound:SlimeBrawl","Slimebound:SlimeSpikes"],"picked":"SKIP","floor":20},{"not_picked":["Slimebound:BestDefense","Slimebound:PressTheAttack"],"picked":"Slimebound:AcidTongue+1","floor":23},{"not_picked":["Slimebound:SplitMire","Slimebound:SplitAcid","Slimebound:Prepare"],"picked":"SKIP","floor":25},{"not_picked":["Slimebound:RallyTheTroops","Slimebound:Replication"],"picked":"Slimebound:HauntingLick","floor":26},{"not_picked":["Slimebound:Chomp","Slimebound:Schlurp"],"picked":"Slimebound:LeechEnergy","floor":29},{"not_picked":["Slimebound:SlimeSpikes","Slimebound:PressTheAttack"],"picked":"Slimebound:SamplingLick","floor":30},{"not_picked":["Slimebound:SplitMire","Slimebound:ItLooksTasty+1"],"picked":"Slimebound:Equalize","floor":31},{"not_picked":["Slimebound:SplitMire","Slimebound:SplitBruiser","Slimebound:Gluttony"],"picked":"SKIP","floor":32},{"not_picked":["Slimebound:SlimeBarrage","Slimebound:PressTheAttack","Slimebound:BestDefense+1"],"picked":"SKIP","floor":36},{"not_picked":["Slimebound:SplitLeeching","Slimebound:Schlurp"],"picked":"Slimebound:SpikyOuterGoop","floor":38},{"not_picked":["Slimebound:PressTheAttack","Slimebound:Equalize","Slimebound:SplitAcid"],"picked":"SKIP","floor":39},{"not_picked":["Slimebound:ServeAndProtect","Slimebound:FormOfPuddle+1","Slimebound:SlimeBrawl+1"],"picked":"SKIP","floor":40},{"not_picked":["Slimebound:ServeAndProtect","Slimebound:SlimeBrawl+1"],"picked":"Slimebound:FormOfPuddle+1","floor":40},{"not_picked":["Slimebound:Dissolve+1","Slimebound:DisruptingSlam","Slimebound:Recollect"],"picked":"SKIP","floor":42},{"not_picked":["Slimebound:ProtectTheBoss+1","Slimebound:ItLooksTasty","Slimebound:LivingWall+1"],"picked":"SKIP","floor":45},{"not_picked":["Slimebound:PressTheAttack","Slimebound:Dissolve"],"picked":"Slimebound:Prepare+1","floor":47},{"not_picked":["Slimebound:SplitAcid","Slimebound:SplitBruiser"],"picked":"Slimebound:Schlurp+1","floor":49},{"not_picked":["Slimebound:ServeAndProtect","Slimebound:RollThrough","Slimebound:SplitLeeching"],"picked":"SKIP","floor":52}],"player_experience":1786332,"relics_obtained":[{"floor":7,"key":"PreservedInsect"},{"floor":9,"key":"Slimebound:AggressiveSlimeRelic"},{"floor":11,"key":"Centennial Puzzle"},{"floor":14,"key":"Pocketwatch"},{"floor":26,"key":"Pear"},{"floor":28,"key":"StoneCalendar"},{"floor":28,"key":"Pantograph"},{"floor":29,"key":"The Courier"},{"floor":37,"key":"CeramicFish"},{"floor":40,"key":"Bottled Lightning"},{"floor":41,"key":"Oddly Smooth Stone"},{"floor":42,"key":"Lantern"},{"floor":44,"key":"Whetstone"},{"floor":45,"key":"Art of War"},{"floor":47,"key":"Orichalcum"},{"floor":48,"key":"Slimebound:SlimedTailRelic"},{"floor":52,"key":"Vajra"}],"event_choices":[{"damage_healed":0,"gold_gain":0,"player_choice":"Donut","damage_taken":0,"max_hp_gain":5,"max_hp_loss":0,"event_name":"Big Fish","floor":10,"gold_loss":0},{"damage_healed":0,"gold_gain":0,"player_choice":"Became a Ghost","damage_taken":0,"max_hp_gain":0,"max_hp_loss":32,"event_name":"Ghosts","floor":21,"gold_loss":0,"cards_obtained":["Ghostly","Ghostly","Ghostly"]},{"damage_healed":0,"gold_gain":0,"player_choice":"Fight","damage_taken":0,"max_hp_gain":0,"max_hp_loss":0,"event_name":"Mysterious Sphere","floor":48,"gold_loss":0}],"is_beta":false,"boss_relics":[{"not_picked":["Tiny House","Cursed Key"],"picked":"Slimebound:TarBlob"},{"not_picked":["Snecko Eye","Fusion Hammer"],"picked":"sneckomod:SneckoTalon"}],"items_purged_floors":[31,38],"is_endless":false,"potions_floor_spawned":[6,9,11,12,15,19,26,30,32,33,36,42,45,47,49,52],"ascension_level":16}}