{"host":"or8fr2mp0k3eluj8","time":1613369549,"event":{"mods":["AchievementEnabler","BaseMod","Colored Map","DeckTracker","Minty Spire (QoL Compilation)","SuperFastMode"],"gold_per_floor":[118,68,68,17,17,46,57,75,75,75,75,85,105,124,124,227,227,241,241,259,174,191,191,207,234,257,257,270,46,78,78,78,78,78],"floor_reached":33,"language":"KOR","playtime":967,"items_purged":["Strike_P"],"score":362,"play_id":"c1c55da9-b417-446e-915c-c59a6ec9d6ef","local_time":"20210215151229","is_ascension_mode":false,"campfire_choices":[{"data":"Eruption","floor":10.0,"key":"SMITH"},{"floor":15.0,"key":"REST"},{"data":"CrushJoints","floor":23.0,"key":"SMITH"},{"data":"TalkToTheHand","floor":27.0,"key":"SMITH"},{"floor":32.0,"key":"REST"}],"circlet_count":0,"master_deck":["Strike_P","Defend_P","Defend_P","Eruption+1","Vigilance","MentalFortress+1","FlurryOfBlows","WheelKick","TalkToTheHand+1","DeusExMachina","DeusExMachina","Protect+1","InnerPeace+1","Halt+1","CrushJoints+1","DevaForm","FollowUp+1"],"relics":["PureWater","NeowsBlessing","Ancient Tea Set","Toy Ornithopter","Du-Vu Doll","Question Card","Astrolabe","Darkstone Periapt","Nunchaku","Orichalcum","Pen Nib"],"acts_visited":["Exordium","TheCity"],"potions_floor_usage":[],"damage_taken":[{"damage":0.0,"enemies":"Jaw Worm","floor":1.0,"turns":1.0},{"damage":0.0,"enemies":"Gremlin Nob","floor":6.0,"turns":1.0},{"damage":0.0,"enemies":"2 Louse","floor":7.0,"turns":1.0},{"damage":0.0,"enemies":"Small Slimes","floor":8.0,"turns":2.0},{"damage":15.0,"enemies":"Exordium Thugs","floor":12.0,"turns":3.0},{"damage":17.0,"enemies":"Large Slime","floor":13.0,"turns":5.0},{"damage":0.0,"enemies":"Looter","floor":14.0,"turns":3.0},{"damage":0.0,"enemies":"Slime Boss","floor":16.0,"turns":6.0},{"damage":13.0,"enemies":"3 Byrds","floor":18.0,"turns":6.0},{"damage":19.0,"enemies":"Shell Parasite","floor":20.0,"turns":5.0},{"damage":0.0,"enemies":"Snecko","floor":22.0,"turns":7.0},{"damage":4.0,"enemies":"Snake Plant","floor":24.0,"turns":4.0},{"damage":8.0,"enemies":"Book of Stabbing","floor":25.0,"turns":5.0},{"damage":15.0,"enemies":"Centurion and Healer","floor":28.0,"turns":6.0},{"damage":25.0,"enemies":"Slavers","floor":30.0,"turns":6.0},{"damage":24,"enemies":"Collector","floor":33,"turns":2}],"seed_played":"-1018188776229075957","potions_obtained":[{"floor":1.0,"key":"ColorlessPotion"},{"floor":12.0,"key":"Energy Potion"},{"floor":13.0,"key":"Fire Potion"},{"floor":14.0,"key":"SteroidPotion"},{"floor":20.0,"key":"BottledMiracle"},{"floor":25.0,"key":"FearPotion"},{"floor":30.0,"key":"Strength Potion"}],"is_trial":false,"path_per_floor":["M","?","?","$","T","E","M","M","T","R","?","M","M","M","R","B",null,"M","?","M","?","M","R","M","E","T","R","M","$","E","?","R","B"],"character_chosen":"WATCHER","items_purchased":["FlurryOfBlows","Orichalcum"],"campfire_rested":2,"item_purchase_floors":[4,29],"current_hp_per_floor":[72,72,30,30,30,35,35,35,35,35,35,20,3,3,24,24,72,59,59,45,45,45,45,41,38,38,38,23,23,3,3,24,0,0],"gold":78,"neow_bonus":"THREE_ENEMY_KILL","is_daily":false,"chose_seed":false,"campfire_upgraded":3,"win_rate":0.0,"timestamp":1613369549,"path_taken":["M","?","?","$","?","E","M","M","T","R","?","M","M","?","R","BOSS","M","?","M","?","M","R","M","E","T","R","M","$","E","?","R","BOSS"],"items_purchased_type":["Card","Relic"],"build_version":"2020-12-22","purchased_purges":1,"victory":false,"max_hp_per_floor":[72,72,72,72,72,72,72,72,72,72,72,72,72,72,72,72,72,72,72,72,72,72,72,72,72,72,72,72,72,72,72,72,72,72],"card_choices":[{"not_picked":["Protect","CrushJoints"],"picked":"MentalFortress","floor":1.0},{"not_picked":["CrushJoints","Halt"],"picked":"WheelKick","floor":6.0},{"not_picked":["ClearTheMind","LikeWater","Weave"],"picked":"SKIP","floor":7.0},{"not_picked":["Meditate","ForeignInfluence"],"picked":"TalkToTheHand","floor":8.0},{"not_picked":["ReachHeaven","Wallop","PathToVictory","ClearTheMind"],"picked":"SKIP","floor":12.0},{"not_picked":["Crescendo","Consecrate","Sanctity"],"picked":"DeusExMachina","floor":13.0},{"not_picked":["Halt","Fasting2","WreathOfFlame","JustLucky"],"picked":"SKIP","floor":14.0},{"not_picked":["Ragnarok","Devotion","LessonLearned"],"picked":"DeusExMachina","floor":16.0},{"not_picked":["Consecrate","FlurryOfBlows","PathToVictory","Collect"],"picked":"SKIP","floor":18.0},{"not_picked":["FearNoEvil","ForeignInfluence","Consecrate","ClearTheMind"],"picked":"SKIP","floor":20.0},{"not_picked":["Pray","FlyingSleeves","PathToVictory"],"picked":"DevaForm","floor":22.0},{"not_picked":["Crescendo+1","Collect","Study"],"picked":"FollowUp+1","floor":24.0},{"not_picked":["EmptyFist","Brilliance","Conclude","Crescendo+1"],"picked":"SKIP","floor":25.0},{"not_picked":["ThirdEye","EmptyBody+1","PathToVictory","ClearTheMind+1"],"picked":"SKIP","floor":28.0},{"not_picked":["PathToVictory","EmptyMind","FollowUp+1","EmptyFist"],"picked":"SKIP","floor":30.0}],"player_experience":317247,"relics_obtained":[{"floor":5.0,"key":"Toy Ornithopter"},{"floor":6.0,"key":"Du-Vu Doll"},{"floor":9.0,"key":"Question Card"},{"floor":25.0,"key":"Nunchaku"},{"floor":30.0,"key":"Pen Nib"}],"event_choices":[{"cards_removed":["Defend_P"],"damage_healed":0.0,"max_hp_gain":0.0,"max_hp_loss":0.0,"gold_gain":0.0,"event_name":"The Cleric","player_choice":"Card Removal","floor":2.0,"gold_loss":50.0,"damage_taken":0.0},{"damage_healed":0.0,"max_hp_gain":0.0,"max_hp_loss":0.0,"gold_gain":0.0,"event_name":"Scrap Ooze","player_choice":"Success","floor":3.0,"gold_loss":0.0,"damage_taken":42.0,"relics_obtained":["Ancient Tea Set"]},{"damage_healed":0.0,"max_hp_gain":0.0,"max_hp_loss":0.0,"gold_gain":0.0,"event_name":"Upgrade Shrine","player_choice":"Upgraded","floor":11.0,"gold_loss":0.0,"damage_taken":0.0,"cards_upgraded":["MentalFortress"]},{"damage_healed":0.0,"max_hp_gain":0.0,"max_hp_loss":0.0,"gold_gain":0.0,"event_name":"The Library","player_choice":"Read","floor":19.0,"gold_loss":0.0,"damage_taken":0.0,"cards_obtained":["CrushJoints"]},{"damage_healed":0.0,"max_hp_gain":0.0,"max_hp_loss":0.0,"gold_gain":0.0,"event_name":"Addict","player_choice":"Obtained Relic","floor":21.0,"gold_loss":85.0,"damage_taken":0.0,"relics_obtained":["Darkstone Periapt"]},{"damage_healed":0.0,"max_hp_gain":0.0,"max_hp_loss":0.0,"gold_gain":0.0,"event_name":"Vampires","player_choice":"Ignored","floor":31.0,"gold_loss":0.0,"damage_taken":0.0}],"is_beta":false,"boss_relics":[{"not_picked":["Fusion Hammer","Tiny House"],"picked":"Astrolabe"}],"items_purged_floors":[29],"is_endless":false,"potions_floor_spawned":[1,12,13,14,20,24,25,30],"killed_by":"Collector","ascension_level":0}}