{"host":"uclt3t1usqzz4m5p","time":1613384270,"event":{"mods":["AchievementEnabler","BaseMod","Booster Modes","Card Forge","Colored Powertips","Displayed Cursed Tome","Downfall","GifTheSpireLib","Gremlin Skip","Jorbs\u0027s Wanderer Trilogy","Minty Spire (QoL Compilation)","Permanent Neow","Quick Restart","StSLib","SuperFastMode"],"gold_per_floor":[115,133,146,2,22,52,70,85,85,112,131,81,81,81,81,209,209,224,148,24,48,66,66,66,66,92,92,9,9,22,38,38,158,158,181,240,25,25,50,65,98,98,98],"floor_reached":42,"language":"ENG","playtime":1809,"items_purged":["Strike_R","Strike_R","Strike_R"],"score":515,"play_id":"e534e6c6-a55f-41a0-aed1-35387edf2b83","local_time":"20210215021750","is_ascension_mode":true,"campfire_choices":[{"data":"Uppercut","floor":13,"key":"SMITH"},{"data":"Evolve","floor":15,"key":"SMITH"},{"data":"Shockwave","floor":23,"key":"SMITH"},{"data":"Bash","floor":25,"key":"SMITH"},{"data":"Rupture","floor":29,"key":"SMITH"},{"data":"Carnage","floor":32,"key":"SMITH"}],"circlet_count":0,"master_deck":["Strike_R","Strike_R","Defend_R","Defend_R","Defend_R","Defend_R","Bash+1","Fire Breathing","Uppercut+1","Rampage","Shockwave+1","Metallicize","Wild Strike","Evolve+1","Offering","Brutality","Shrug It Off+1","Carnage+1","Cleave+1","Rupture+1","Power Through","Dark Embrace","Fiend Fire","Headbutt","Demon Form","Heavy Blade","Mayhem","Parasite","Metallicize+1"],"relics":["Hammer of Thor","Seething Fire","Anvil of the Gods","Sozu","Oddly Smooth Stone","Smiling Mask","Paper Frog","Eternal Feather","Golden Idol","Snecko Eye","Darkstone Periapt","Centennial Puzzle","SlaversCollar","Du-Vu Doll","Boot"],"acts_visited":["Exordium","TheCity","TheBeyond"],"potions_floor_usage":[],"damage_taken":[{"damage":0.0,"enemies":"Small Slimes","floor":1.0,"turns":3.0},{"damage":0.0,"enemies":"2 Louse","floor":2.0,"turns":3.0},{"damage":0.0,"enemies":"Cultist","floor":3.0,"turns":2.0},{"damage":9.0,"enemies":"3 Louse","floor":5.0,"turns":3.0},{"damage":20.0,"enemies":"Lagavulin","floor":6.0,"turns":6.0},{"damage":6.0,"enemies":"Exordium Thugs","floor":7.0,"turns":5.0},{"damage":10.0,"enemies":"Gremlin Gang","floor":8.0,"turns":5.0},{"damage":10.0,"enemies":"Gremlin Nob","floor":10.0,"turns":4.0},{"damage":0,"enemies":"Large Slime","floor":11,"turns":4},{"damage":6,"enemies":"Slime Boss","floor":16,"turns":5},{"damage":9,"enemies":"Shell Parasite","floor":18,"turns":3},{"damage":0,"enemies":"Chosen","floor":21,"turns":3},{"damage":21,"enemies":"3 Cultists","floor":22,"turns":4},{"damage":12,"enemies":"Sentry and Sphere","floor":30,"turns":3},{"damage":13,"enemies":"Shelled Parasite and Fungi","floor":31,"turns":3},{"damage":45,"enemies":"Collector","floor":33,"turns":8},{"damage":17,"enemies":"3 Darklings","floor":35,"turns":3},{"damage":31,"enemies":"2 Orb Walkers","floor":36,"turns":4},{"damage":2,"enemies":"3 Shapes","floor":39,"turns":3},{"damage":8,"enemies":"Writhing Mass","floor":40,"turns":3},{"damage":15,"enemies":"Giant Head","floor":41,"turns":4},{"damage":9,"enemies":"Jaw Worm Horde","floor":42,"turns":2}],"seed_played":"7309034128922514575","potions_obtained":[],"is_trial":false,"path_per_floor":["M","M","M","$","M","E","M","M","T","E","M","$","R","?","R","B",null,"M","?","$","M","M","R","?","R","T","$","$","R","M","M","R","B",null,"M","?","$","?","M","M","E","M"],"character_chosen":"IRONCLAD","items_purchased":["Oddly Smooth Stone","Carnage","Rupture","Heavy Blade","Mayhem"],"campfire_rested":0,"item_purchase_floors":[4,20,28,37,37],"current_hp_per_floor":[80,80,80,80,71,51,45,35,35,25,25,25,34,34,43,37,74,65,65,65,65,44,56,74,74,74,74,74,74,62,49,61,16,74,57,26,26,26,24,22,7,0,0],"gold":98,"neow_bonus":"BOSS_RELIC","is_daily":false,"chose_seed":false,"campfire_upgraded":6,"win_rate":0.0,"timestamp":1613384270,"path_taken":["M","M","M","$","M","E","M","M","T","E","M","$","R","?","R","BOSS","M","?","$","?","M","R","?","R","T","?","$","R","?","M","R","BOSS","M","?","$","?","?","M","E","?"],"items_purchased_type":["Relic","Card","Card","Card","Card"],"build_version":"2020-12-22","purchased_purges":3,"victory":false,"max_hp_per_floor":[80,80,80,80,80,80,80,80,80,80,80,80,80,74,74,74,74,74,74,74,74,74,74,74,74,74,74,74,74,74,74,74,74,74,74,74,74,74,74,80,80,80,80],"card_choices":[{"not_picked":["Wild Strike","Spot Weakness"],"picked":"Fire Breathing","floor":1.0},{"not_picked":["Twin Strike","Disarm"],"picked":"Uppercut","floor":2.0},{"not_picked":["Infernal Blade","Uppercut"],"picked":"Rampage","floor":3.0},{"not_picked":["Anger","Perfected Strike"],"picked":"Shockwave","floor":5.0},{"not_picked":["Feel No Pain","Headbutt"],"picked":"Metallicize","floor":6.0},{"not_picked":["Anger","Iron Wave","Combust"],"picked":"SKIP","floor":7.0},{"not_picked":["Thunderclap","Second Wind"],"picked":"Wild Strike","floor":8.0},{"not_picked":["Sentinel","Wild Strike"],"picked":"Evolve","floor":10.0},{"not_picked":["Heavy Blade","Anger"],"picked":"Offering","floor":11},{"not_picked":["Limit Break","Barricade"],"picked":"Brutality","floor":16},{"not_picked":["Uppercut","Cleave"],"picked":"Shrug It Off+1","floor":18},{"not_picked":["Combust+1","Warcry"],"picked":"Cleave+1","floor":21},{"not_picked":["Searing Blow","Flex","Combust"],"picked":"SKIP","floor":22},{"not_picked":["Dual Wield","Berserk"],"picked":"Power Through","floor":30},{"not_picked":["Evolve","Perfected Strike"],"picked":"Dark Embrace","floor":31},{"not_picked":["Berserk","Double Tap"],"picked":"Fiend Fire","floor":33},{"not_picked":["Iron Wave+1","Havoc"],"picked":"Headbutt","floor":35},{"not_picked":["Dark Embrace","Infernal Blade"],"picked":"Demon Form","floor":36},{"not_picked":["Wild Strike+1","Thunderclap+1","Flex+1"],"picked":"SKIP","floor":39},{"not_picked":["Searing Blow+1","Armaments+1","Thunderclap+1"],"picked":"SKIP","floor":40},{"not_picked":["Wild Strike+1","Heavy Blade"],"picked":"Metallicize+1","floor":41}],"player_experience":648732,"relics_obtained":[{"floor":6.0,"key":"Smiling Mask"},{"floor":9.0,"key":"Paper Frog"},{"floor":10.0,"key":"Eternal Feather"},{"floor":26,"key":"Centennial Puzzle"},{"floor":36,"key":"Du-Vu Doll"},{"floor":41,"key":"Boot"}],"event_choices":[{"damage_healed":0,"gold_gain":0,"player_choice":"Lose Max HP","damage_taken":0,"relics_obtained":["Golden Idol"],"max_hp_gain":0,"max_hp_loss":6,"event_name":"Golden Idol","floor":14,"gold_loss":0},{"damage_healed":0,"gold_gain":0,"player_choice":"Paid Gold","damage_taken":0,"relics_obtained":["Darkstone Periapt"],"max_hp_gain":0,"max_hp_loss":0,"event_name":"WeMeetAgain","floor":19,"gold_loss":76},{"damage_healed":24,"gold_gain":0,"player_choice":"Heal","damage_taken":0,"max_hp_gain":0,"max_hp_loss":0,"event_name":"The Library","floor":24,"gold_loss":0},{"damage_healed":0,"gold_gain":0,"player_choice":"Fight","damage_taken":0,"max_hp_gain":0,"max_hp_loss":0,"event_name":"Mysterious Sphere","floor":36,"gold_loss":0},{"damage_healed":0,"gold_gain":0,"player_choice":"0 cards matched","damage_taken":0,"max_hp_gain":0,"max_hp_loss":0,"event_name":"Match and Keep!","floor":38,"gold_loss":0,"cards_obtained":[]}],"is_beta":false,"boss_relics":[{"not_picked":["Runic Pyramid","Busted Crown"],"picked":"Snecko Eye"},{"not_picked":["SacredBark","Astrolabe"],"picked":"SlaversCollar"}],"items_purged_floors":[12,20,28],"is_endless":false,"potions_floor_spawned":[2,3,6,8,10,18,21,36,40],"killed_by":"Jaw Worm Horde","ascension_level":1}}