{"host":"bvp2uifzy1c463d9","time":1613430606,"event":{"mods":["AchievementEnabler","BaseMod","Better Note","Block Reminder","Bossed Relics","ChefMod","Colored Map","Colored Powertips","Energized Spire","Hermit","Highlight Path","Hubris","Infinite Spire","Minty Spire (QoL Compilation)","Random Character Button","Relic Sorter","Relic Stats","Reliquary","Replay The Spire","Robot Space Explorer","StSLib","The Blue Laboratory","The Jungle","The Servant 0.9.4","Wandering Minibosses"],"gold_per_floor":[113,130,41,53,3,3,37,55,55,90,155,155,209,261,261,410,410,480,420,420,487,551,637,637,718,718,792,365,365,427,134,134,273,373,439,521,521,530,530,629,629,418,441,296,296,358,411,550,550,615,615,615,373,497,567],"floor_reached":56,"language":"ENG","playtime":2351,"items_purged":["chefmod:Strike","chefmod:Strike"],"score":1570,"play_id":"1f825a0d-1780-460f-af93-554a232d2929","local_time":"20210215171006","is_ascension_mode":true,"campfire_choices":[{"data":"chefmod:QuickThaw","floor":6,"key":"SMITH"},{"data":"chefmod:OrderUp","floor":15,"key":"SMITH"},{"data":"chefmod:QuickChop","floor":24,"key":"SMITH"},{"data":"chefmod:Fillet","floor":32,"key":"SMITH"},{"data":"chefmod:QuickChop","floor":41,"key":"SMITH"},{"floor":49,"key":"RECALL"},{"data":"chefmod:FreezerBurn","floor":52,"key":"SMITH"}],"circlet_count":0,"master_deck":["chefmod:Strike","chefmod:QuickThaw+1","chefmod:Defend","chefmod:Defend","chefmod:Defend","chefmod:Defend","chefmod:TodaysSpecial","chefmod:TastyDistraction+1","chefmod:Leftovers","chefmod:Granita","chefmod:Fillet+1","chefmod:IcePick+1","chefmod:FreezerBurn+1","chefmod:HotSoup","chefmod:QuickChop+1","chefmod:LiquidNitrogen","chefmod:QuickChop+1","chefmod:OrderUp+1","chefmod:NoSoupForYou","chefmod:TwoForOne","chefmod:Chop+1","chefmod:Gelato","chefmod:ZaruSoba+1","chefmod:Defrost","chefmod:KnifeFlurry","chefmod:ColdSteel","chefmod:RisingDough+1","chefmod:Sorbet","ReplayTheSpireMod:Splinters","chefmod:Gelato+1","chefmod:ColdSteel+1","infinitespire:NeuralNetwork","chefmod:CayenneCloud+1","chefmod:FreezeSolid+1","chefmod:SpaghettiCarbonara","chefmod:FrozenTuna","chefmod:FrozenTuna","chefmod:Puree+1","chefmod:Sorbet+1"],"relics":["chefmod:TrustyPot","infinitespire:WardingShard","hubris:SphereOfDissonance","Replay:Bandana","hubris:GlazedTorus","Coffee Dripper","Mercury Hourglass","CeramicFish","Du-Vu Doll","Bag of Marbles","OrangePellets","Replay:Bottled Steam","Replay:Wanted Poster","Sundial","hubris:Backtick","Bottled Flame","Guide Book","reliquary:PrincelyHelmet","reliquary:PartyBalloon","Mummified Hand","Toy Ornithopter"],"acts_visited":["Exordium","TheCity","TheBeyond","TheEnding"],"potions_floor_usage":[25,27,33,54],"damage_taken":[{"damage":2,"enemies":"Small Slimes","floor":1,"turns":3},{"damage":7,"enemies":"Cultist","floor":2,"turns":5},{"damage":0,"enemies":"Jaw Worm","floor":4,"turns":3},{"damage":0,"enemies":"Lagavulin","floor":7,"turns":6},{"damage":0,"enemies":"Large Slime","floor":8,"turns":4},{"damage":0,"enemies":"Gremlin Nob","floor":10,"turns":4},{"damage":6,"enemies":"Exordium Thugs","floor":11,"turns":3},{"damage":0,"enemies":"Replay:BlueRogue","floor":13,"turns":4},{"damage":2,"enemies":"2 Fungi Beasts","floor":14,"turns":3},{"damage":25,"enemies":"Hexaghost","floor":16,"turns":7},{"damage":0,"enemies":"Chosen","floor":18,"turns":3},{"damage":0,"enemies":"3 Byrds","floor":21,"turns":5},{"damage":14,"enemies":"Snake Plant","floor":22,"turns":3},{"damage":10,"enemies":"Book of Stabbing","floor":23,"turns":4},{"damage":10,"enemies":"Replay:Snechameleon","floor":25,"turns":4},{"damage":1,"enemies":"3 Cultists","floor":27,"turns":4},{"damage":0,"enemies":"Snecko","floor":30,"turns":4},{"damage":18,"enemies":"Automaton","floor":33,"turns":9},{"damage":0,"enemies":"Orb Walker","floor":35,"turns":3},{"damage":0,"enemies":"Nemesis","floor":40,"turns":3},{"damage":4,"enemies":"3 Shapes","floor":46,"turns":2},{"damage":0,"enemies":"Spire Growth","floor":47,"turns":2},{"damage":0,"enemies":"Giant Head","floor":48,"turns":5},{"damage":0,"enemies":"hubris:GrandSnecko","floor":50,"turns":7},{"damage":30,"enemies":"Shield and Spear","floor":54,"turns":6},{"damage":25,"enemies":"The Heart","floor":55,"turns":6}],"seed_played":"-3959572721237805179","potions_obtained":[{"floor":2,"key":"blueLaboratory:HummingbirdPotion"},{"floor":10,"key":"Death Potion"},{"floor":12,"key":"blueLaboratory:BottleOfVodka"},{"floor":12,"key":"AttackPotion"},{"floor":13,"key":"Fruit Juice"},{"floor":27,"key":"Toxic Potion"},{"floor":35,"key":"Languid Potion"},{"floor":54,"key":"DistilledChaos"}],"is_trial":false,"path_per_floor":["M","M","$","M","?","R","E","M","T","E","M","?","E","M","R","B",null,"M","?","?","M","M","E","R","E","T","M","$","?","M","$","R","B",null,"M","?","?","AVR","?","E","R","$","T","$","?","M","M","E","R_BF","B",null,"R","$","E","B",null],"character_chosen":"THE_CHEF","items_purchased":["chefmod:Fillet","chefmod:IcePick+1","Bag of Marbles","OrangePellets","Block Potion","chefmod:ColdSteel","Replay:Bottled Steam","chefmod:FreezeSolid+1","chefmod:SpaghettiCarbonara","chefmod:FrozenTuna","Mummified Hand"],"campfire_rested":0,"item_purchase_floors":[3,3,28,28,28,31,31,42,42,44,53],"current_hp_per_floor":[74,67,67,67,67,67,67,67,67,67,61,61,61,59,59,34,76,76,76,70,70,56,46,46,41,41,40,40,40,40,40,40,22,81,81,81,81,81,81,81,81,81,81,81,81,77,77,77,77,77,81,81,81,51,26],"gold":567,"neow_bonus":"ONE_RANDOM_RARE_CARD","is_daily":false,"chose_seed":false,"campfire_upgraded":6,"win_rate":0.0,"timestamp":1613430606,"path_taken":["M","M","$","M","?","R","E","M","T","E","M","?","E","?","R","BOSS","M","?","?","M","?","E","R","E","T","M","$","?","M","$","R","BOSS","M","?","?","AVR","?","E","R","$","T","$","?","M","M","E","R_BF","BOSS","R","$","E","BOSS"],"items_purchased_type":["Card","Card","Relic","Relic","Potion","Card","Relic","Card","Card","Card","Relic"],"build_version":"2020-12-22","purchased_purges":2,"victory":true,"max_hp_per_floor":[76,76,76,76,76,76,76,76,76,76,76,76,76,76,76,76,76,76,76,76,76,76,76,76,81,81,81,81,81,81,81,81,81,81,81,81,81,81,81,81,81,81,81,81,81,81,81,81,81,81,81,81,81,81,81],"relic_stats":{"OrangePellets":[6],"counters":[26,111],"Sundial":[2],"Mummified Hand":[8],"CeramicFish":144,"obtain_stats":[{"chefmod:TrustyPot":0,"reliquary:PrincelyHelmet":40,"reliquary:PartyBalloon":48,"CeramicFish":25,"Guide Book":38,"hubris:SphereOfDissonance":9,"Mercury Hourglass":23,"Du-Vu Doll":26,"Replay:Wanted Poster":34,"OrangePellets":28,"Replay:Bandana":10,"Bottled Flame":38,"hubris:Backtick":38,"infinitespire:WardingShard":7,"Sundial":36,"Mummified Hand":53,"Coffee Dripper":17,"Bag of Marbles":28,"Toy Ornithopter":54,"hubris:GlazedTorus":13,"Replay:Bottled Steam":31},{"chefmod:TrustyPot":0,"reliquary:PrincelyHelmet":20,"reliquary:PartyBalloon":23,"CeramicFish":15,"Guide Book":19,"hubris:SphereOfDissonance":5,"Mercury Hourglass":14,"Du-Vu Doll":15,"Replay:Wanted Poster":18,"OrangePellets":16,"Replay:Bandana":6,"Bottled Flame":19,"hubris:Backtick":19,"infinitespire:WardingShard":4,"Sundial":19,"Mummified Hand":24,"Coffee Dripper":10,"Bag of Marbles":16,"Toy Ornithopter":25,"hubris:GlazedTorus":8,"Replay:Bottled Steam":17},{"chefmod:TrustyPot":0,"reliquary:PrincelyHelmet":83,"reliquary:PartyBalloon":92,"CeramicFish":61,"Guide Book":80,"hubris:SphereOfDissonance":21,"Mercury Hourglass":57,"Du-Vu Doll":61,"Replay:Wanted Poster":78,"OrangePellets":65,"Replay:Bandana":25,"Bottled Flame":80,"hubris:Backtick":80,"infinitespire:WardingShard":17,"Sundial":80,"Mummified Hand":99,"Coffee Dripper":42,"Bag of Marbles":65,"Toy Ornithopter":105,"hubris:GlazedTorus":32,"Replay:Bottled Steam":69}],"Toy Ornithopter":0,"Mercury Hourglass":[204]},"card_choices":[{"not_picked":["chefmod:Granita","chefmod:DinoKale"],"picked":"chefmod:Leftovers","floor":1},{"not_picked":["chefmod:ColdSteel","chefmod:Defrost"],"picked":"chefmod:Granita","floor":2},{"not_picked":["chefmod:Granita","chefmod:HotSoup"],"picked":"chefmod:FreezerBurn","floor":4},{"not_picked":["chefmod:SushiPlatter","chefmod:RisingDough"],"picked":"chefmod:HotSoup","floor":7},{"not_picked":["chefmod:IcePick","chefmod:Leftovers"],"picked":"chefmod:QuickChop","floor":8},{"not_picked":["chefmod:Granita","chefmod:FryPan"],"picked":"chefmod:LiquidNitrogen","floor":10},{"not_picked":["chefmod:MonsterBait","chefmod:SushiPlatter"],"picked":"chefmod:QuickChop","floor":11},{"not_picked":["chefmod:FireUp","chefmod:Puree"],"picked":"chefmod:OrderUp","floor":13},{"not_picked":["chefmod:FarmersMarket","chefmod:ColdSteel"],"picked":"chefmod:NoSoupForYou","floor":14},{"not_picked":["chefmod:CandyBowl","chefmod:PrepCook"],"picked":"chefmod:TwoForOne","floor":16},{"not_picked":["chefmod:DoubleChop","chefmod:Sorbet+1"],"picked":"chefmod:Chop+1","floor":18},{"not_picked":["chefmod:BleedOut","chefmod:Chop+1"],"picked":"chefmod:Gelato","floor":21},{"not_picked":["chefmod:HotSoup+1","chefmod:Leftovers"],"picked":"chefmod:ZaruSoba+1","floor":22},{"not_picked":["chefmod:Fillet","chefmod:TastyDistraction","chefmod:BleedOut"],"picked":"SKIP","floor":23},{"not_picked":["chefmod:FiveAlarmChili","chefmod:QuickChop+1"],"picked":"chefmod:Defrost","floor":25},{"not_picked":["chefmod:HotSoup","chefmod:IcePick"],"picked":"chefmod:KnifeFlurry","floor":27},{"not_picked":["chefmod:SliceAndDice","chefmod:IcePick","chefmod:Defrost"],"picked":"SKIP","floor":30},{"not_picked":["chefmod:FullCourseMeal","chefmod:TastyDistraction"],"picked":"chefmod:RisingDough","floor":33},{"not_picked":["chefmod:FryPan","chefmod:FireUp"],"picked":"chefmod:Sorbet","floor":35},{"not_picked":["chefmod:ColdSteel+1","chefmod:FryPan+1"],"picked":"chefmod:Gelato+1","floor":36},{"not_picked":["chefmod:Fillet","chefmod:FireUp"],"picked":"chefmod:ColdSteel+1","floor":36},{"not_picked":["chefmod:FryPan","chefmod:ZaruSoba"],"picked":"chefmod:CayenneCloud+1","floor":40},{"not_picked":["chefmod:Defrost","chefmod:ZaruSoba+1"],"picked":"chefmod:FrozenTuna","floor":46},{"not_picked":["chefmod:FryPan","chefmod:FreezeSolid","chefmod:OldCookbook"],"picked":"SKIP","floor":47},{"not_picked":["chefmod:FiveAlarmChili+1","chefmod:Escargot"],"picked":"chefmod:Puree+1","floor":48},{"not_picked":["chefmod:MonsterBait+1","chefmod:Chop+1"],"picked":"chefmod:Sorbet+1","floor":54}],"player_experience":384728,"relics_obtained":[{"floor":7,"key":"infinitespire:WardingShard"},{"floor":9,"key":"hubris:SphereOfDissonance"},{"floor":10,"key":"Replay:Bandana"},{"floor":13,"key":"hubris:GlazedTorus"},{"floor":23,"key":"Mercury Hourglass"},{"floor":25,"key":"CeramicFish"},{"floor":26,"key":"Du-Vu Doll"},{"floor":36,"key":"Sundial"},{"floor":40,"key":"reliquary:PrincelyHelmet"},{"floor":48,"key":"reliquary:PartyBalloon"},{"floor":54,"key":"Toy Ornithopter"}],"event_choices":[{"cards_removed":["chefmod:Strike"],"damage_healed":0,"gold_gain":0,"player_choice":"Card Removal","damage_taken":0,"max_hp_gain":0,"max_hp_loss":0,"event_name":"The Cleric","floor":5,"gold_loss":50},{"damage_healed":0,"gold_gain":0,"player_choice":"Got Potions","damage_taken":0,"max_hp_gain":0,"max_hp_loss":0,"event_name":"Lab","floor":12,"gold_loss":0},{"damage_healed":0,"gold_gain":0,"player_choice":"","damage_taken":6,"max_hp_gain":0,"max_hp_loss":0,"event_name":"Knowing Skull","floor":20,"potions_obtained":[],"gold_loss":0,"cards_obtained":[]},{"damage_healed":0,"gold_gain":0,"player_choice":"Bought 0 Potions","damage_taken":0,"max_hp_gain":0,"max_hp_loss":0,"event_name":"The Woman in Blue","floor":29,"gold_loss":0},{"damage_healed":0,"gold_gain":0,"player_choice":"Ignored","damage_taken":0,"max_hp_gain":0,"max_hp_loss":0,"event_name":"Tomb of Lord Red Mask","floor":45,"gold_loss":0}],"is_beta":false,"boss_relics":[{"not_picked":["Runic Dome","Ectoplasm"],"picked":"Coffee Dripper"},{"not_picked":["Replay:Ancient Bell","Honey Jar"],"picked":"Replay:Wanted Poster"}],"items_purged_floors":[28,42],"is_endless":false,"potions_floor_spawned":[2,10,13,16,18,27,35,48,54],"ascension_level":1}}