{"host":"6ulps5ednfgqn0to","time":1613378228,"event":{"mods":["AchievementEnabler","BaseMod","Colored Map","Highlight Path","Minty Spire (QoL Compilation)","Relic Sorter","Relic Stats","StSLib"],"gold_per_floor":[109,120,135,85,85,113,113,147,147,147,157,183,183,198,198,296,296,315,335,345,361,44,44,44,44,44,44,73,73,48,61,61,61,61],"floor_reached":33,"language":"ENG","playtime":1201,"items_purged":[],"score":342,"play_id":"006313ef-0319-4736-9ccd-516e4ad7fb99","local_time":"20210215103708","is_ascension_mode":true,"campfire_choices":[{"floor":10,"key":"REST"},{"floor":13,"key":"REST"},{"floor":15,"key":"REST"},{"floor":23,"key":"REST"},{"floor":29,"key":"REST"},{"floor":32,"key":"REST"}],"circlet_count":0,"master_deck":["Strike_R","Strike_R","Strike_R","Defend_R","Defend_R","Defend_R","Defend_R","Bash","Body Slam","Thunderclap","Battle Trance","Demon Form","Sword Boomerang","Body Slam","Spot Weakness","Barricade","True Grit","Heavy Blade","Shrug It Off","Infernal Blade","Flame Barrier","Ghostly Armor","Shame","Iron Wave","Shrug It Off","Shrug It Off+1","Second Wind"],"relics":["Fusion Hammer","Happy Flower","Meat on the Bone","Ancient Tea Set","Dream Catcher","Runic Cube","Shuriken","Letter Opener","PreservedInsect","White Beast Statue"],"acts_visited":["Exordium","TheCity"],"potions_floor_usage":[6,16,16,21,33],"damage_taken":[{"damage":0,"enemies":"Cultist","floor":1,"turns":2},{"damage":3,"enemies":"Small Slimes","floor":2,"turns":3},{"damage":7,"enemies":"Jaw Worm","floor":3,"turns":3},{"damage":40,"enemies":"Lagavulin","floor":6,"turns":8},{"damage":34,"enemies":"Gremlin Nob","floor":8,"turns":4},{"damage":5,"enemies":"3 Louse","floor":11,"turns":3},{"damage":20,"enemies":"Lagavulin","floor":12,"turns":4},{"damage":3,"enemies":"Blue Slaver","floor":14,"turns":2},{"damage":13,"enemies":"Slime Boss","floor":16,"turns":7},{"damage":17,"enemies":"Spheric Guardian","floor":18,"turns":4},{"damage":7,"enemies":"Chosen","floor":19,"turns":3},{"damage":31,"enemies":"Snake Plant","floor":20,"turns":4},{"damage":31,"enemies":"3 Cultists","floor":21,"turns":5},{"damage":41,"enemies":"Slavers","floor":28,"turns":4},{"damage":23,"enemies":"Shelled Parasite and Fungi","floor":31,"turns":5},{"damage":77,"enemies":"Collector","floor":33,"turns":7}],"seed_played":"-7548813071521530374","potions_obtained":[{"floor":6,"key":"Fruit Juice"},{"floor":11,"key":"Swift Potion"},{"floor":12,"key":"BloodPotion"},{"floor":14,"key":"Energy Potion"},{"floor":18,"key":"Dexterity Potion"},{"floor":19,"key":"BlessingOfTheForge"},{"floor":31,"key":"LiquidBronze"}],"is_trial":false,"path_per_floor":["M","M","M","?","$","E","?","E","T","R","M","E","R","M","R","B",null,"M","M","M","M","$","R","$","?","T","?","E","R","$","M","R","B"],"character_chosen":"IRONCLAD","items_purchased":["Shuriken","Flame Barrier","Shrug It Off"],"campfire_rested":6,"item_purchase_floors":[22,22,30],"current_hp_per_floor":[80,77,70,70,70,35,35,1,1,26,33,25,50,47,72,59,85,68,61,42,23,23,48,48,48,48,48,19,44,44,33,58,0,0],"gold":61,"neow_bonus":"BOSS_RELIC","is_daily":false,"chose_seed":false,"campfire_upgraded":0,"win_rate":0.0,"timestamp":1613378228,"path_taken":["M","M","?","?","$","E","?","E","T","R","M","E","R","M","R","BOSS","M","?","M","M","$","R","$","?","T","?","E","R","$","M","R","BOSS"],"items_purchased_type":["Relic","Card","Card"],"build_version":"2020-12-22","purchased_purges":0,"victory":false,"max_hp_per_floor":[80,80,80,80,80,85,85,85,85,85,85,85,85,85,85,85,85,85,85,85,85,85,85,85,85,85,85,85,85,85,85,85,85,85],"relic_stats":{"Dream Catcher":5,"Happy Flower":[17],"counters":[16,68],"Shuriken":[1],"PreservedInsect":41,"Letter Opener":[43],"obtain_stats":[{"Dream Catcher":12,"Happy Flower":6,"Shuriken":22,"Fusion Hammer":0,"PreservedInsect":27,"Letter Opener":26,"Ancient Tea Set":9,"Burning Blood":0,"White Beast Statue":28,"Meat on the Bone":8,"Runic Cube":17},{"Dream Catcher":7,"Happy Flower":4,"Shuriken":13,"Fusion Hammer":0,"PreservedInsect":13,"Letter Opener":13,"Ancient Tea Set":5,"Burning Blood":0,"White Beast Statue":14,"Meat on the Bone":5,"Runic Cube":9},{"Dream Catcher":27,"Happy Flower":16,"Shuriken":52,"Fusion Hammer":0,"PreservedInsect":52,"Letter Opener":52,"Ancient Tea Set":20,"Burning Blood":0,"White Beast Statue":56,"Meat on the Bone":20,"Runic Cube":36}],"Meat on the Bone":72,"Runic Cube":[23]},"card_choices":[{"not_picked":["Shrug It Off","Rampage"],"picked":"Body Slam","floor":1},{"not_picked":["Heavy Blade","Twin Strike"],"picked":"Thunderclap","floor":2},{"not_picked":["Thunderclap","Heavy Blade","Pommel Strike"],"picked":"SKIP","floor":3},{"not_picked":["Perfected Strike","Havoc"],"picked":"Battle Trance","floor":6},{"not_picked":["Burning Pact","Pummel"],"picked":"Demon Form","floor":8},{"not_picked":["Headbutt","Anger"],"picked":"Sword Boomerang","floor":11},{"not_picked":["Havoc","Rampage","Anger"],"picked":"SKIP","floor":12},{"not_picked":["Cleave","Armaments"],"picked":"Body Slam","floor":14},{"not_picked":["Rampage","Dark Embrace"],"picked":"Spot Weakness","floor":15},{"not_picked":["Bludgeon","Offering"],"picked":"Barricade","floor":16},{"not_picked":["Havoc","Heavy Blade+1"],"picked":"True Grit","floor":18},{"not_picked":["Wild Strike","Clothesline"],"picked":"Heavy Blade","floor":19},{"not_picked":["Thunderclap","Exhume"],"picked":"Shrug It Off","floor":20},{"not_picked":["Perfected Strike","Wild Strike+1"],"picked":"Infernal Blade","floor":21},{"not_picked":["Fire Breathing","Wild Strike+1","Combust"],"picked":"SKIP","floor":28},{"not_picked":["Body Slam","True Grit"],"picked":"Iron Wave","floor":29},{"not_picked":["Pummel","Corruption"],"picked":"Shrug It Off+1","floor":31},{"not_picked":["Sentinel","Flex+1"],"picked":"Second Wind","floor":32}],"player_experience":15564,"relics_obtained":[{"floor":6,"key":"Happy Flower"},{"floor":8,"key":"Meat on the Bone"},{"floor":9,"key":"Ancient Tea Set"},{"floor":12,"key":"Dream Catcher"},{"floor":26,"key":"Letter Opener"},{"floor":28,"key":"White Beast Statue"}],"event_choices":[{"cards_removed":["Strike_R"],"damage_healed":0,"gold_gain":0,"player_choice":"Card Removal","damage_taken":0,"max_hp_gain":0,"max_hp_loss":0,"event_name":"The Cleric","floor":4,"gold_loss":50},{"cards_removed":["Strike_R"],"damage_healed":0,"gold_gain":0,"player_choice":"Offered Basic","damage_taken":0,"max_hp_gain":0,"max_hp_loss":0,"event_name":"Bonfire Elementals","floor":7,"gold_loss":0},{"damage_healed":0,"gold_gain":0,"player_choice":"Read","damage_taken":0,"max_hp_gain":0,"max_hp_loss":0,"event_name":"The Library","floor":25,"gold_loss":0,"cards_obtained":["Ghostly Armor"]},{"damage_healed":0,"gold_gain":0,"player_choice":"Stole Relic","damage_taken":0,"relics_obtained":["PreservedInsect"],"max_hp_gain":0,"max_hp_loss":0,"event_name":"Addict","floor":27,"gold_loss":0,"cards_obtained":["Shame"]}],"is_beta":false,"boss_relics":[{"not_picked":["Snecko Eye","Tiny House"],"picked":"Runic Cube"}],"items_purged_floors":[],"is_endless":false,"potions_floor_spawned":[6,11,12,14,18,19,31],"killed_by":"Collector","ascension_level":4}}