{"host":"6xsbn6ynqlzwllfm","time":1613364847,"event":{"mods":["2.2 Compatiblity","BaseMod","Bestiary","Colored Map","Colored Powertips","Curses Come First","Downfall","Highlight Path","Keyboard Shortcuts","Minty Spire (QoL Compilation)","Relic Stats","Slay the Relics Exporter","StSLib","SuperFastMode"],"gold_per_floor":[99,118,103,121,132,132,132,161,174,174,209,384,395,159,171,276,276,76,89,89,5,5,5,30,30,30,30],"floor_reached":25,"language":"ENG","playtime":909,"items_purged":["Doubt"],"score":334,"play_id":"9a2ce88e-1570-4150-bd4d-3ec977c6089f","local_time":"20210214235407","is_ascension_mode":true,"campfire_choices":[{"data":"bronze:Goto","floor":1,"key":"SMITH"},{"floor":6,"key":"RECALL"},{"data":"bronze:OilSpill","floor":18,"key":"SMITH"},{"data":"bronze:CloningBeam","floor":23,"key":"SMITH"}],"circlet_count":0,"master_deck":["AscendersBane","bronze:Strike","bronze:Strike","bronze:Strike","bronze:Strike","bronze:Defend","bronze:Defend","bronze:Defend","bronze:Defend","bronze:Replicate","bronze:Goto+1","bronze:DelayedGuard","bronze:ChosenStrike","bronze:Turbo","bronze:OilSpill+1","bronze:SpaghettiCode","bronze:OilSpill","bronze:Optimize","bronze:Verify","Necronomicurse","bronze:CloningBeam+1"],"relics":["bronze:BronzeCore","Pocketwatch","Meat on the Bone","Gambling Chip","Bag of Marbles","Busted Crown","downfall:HeartBlessingRed","downfall:HeartBlessingGreen","Necronomicon"],"acts_visited":["Exordium","TheCity"],"potions_floor_usage":[11,11,21],"damage_taken":[{"damage":0,"enemies":"Cultist","floor":2,"turns":4},{"damage":0,"enemies":"downfall:FleeingMerchant","floor":3,"turns":4},{"damage":9,"enemies":"2 Louse","floor":4,"turns":2},{"damage":3,"enemies":"Small Slimes","floor":5,"turns":4},{"damage":13,"enemies":"3 Sentries","floor":8,"turns":8},{"damage":13,"enemies":"3 Louse","floor":9,"turns":3},{"damage":13,"enemies":"Lagavulin","floor":11,"turns":6},{"damage":15,"enemies":"Exordium Thugs","floor":13,"turns":4},{"damage":1,"enemies":"downfall:FleeingMerchant","floor":14,"turns":4},{"damage":11,"enemies":"downfall:LooterAlt","floor":15,"turns":2},{"damage":10,"enemies":"SI_SHIV_ARCHETYPE","floor":16,"turns":5},{"damage":0,"enemies":"Spheric Guardian","floor":19,"turns":2},{"damage":20,"enemies":"downfall:FleeingMerchant","floor":21,"turns":4},{"damage":46,"enemies":"Gremlin Leader","floor":25,"turns":3}],"seed_played":"-7381069808584188181","potions_obtained":[{"floor":8,"key":"PowerPotion"},{"floor":9,"key":"LiquidMemories"},{"floor":11,"key":"bronze:CleanCodePotion"},{"floor":16,"key":"Swift Potion"}],"is_trial":false,"path_per_floor":["R","M","$","M","M","R","T","E","M","?","E","?","M","$","M","B",null,"R","M","?","$","?","R","T","E"],"character_chosen":"THE_AUTOMATON","items_purchased":["Bag of Marbles","bronze:CloningBeam"],"campfire_rested":0,"item_purchase_floors":[14,21],"current_hp_per_floor":[70,70,70,61,58,58,58,45,44,44,43,43,40,39,40,42,68,68,68,52,44,44,44,44,0,0,0],"gold":30,"neow_bonus":"TEN_PERCENT_HP_BONUS","is_daily":false,"chose_seed":false,"campfire_upgraded":3,"win_rate":0.0,"timestamp":1613364847,"path_taken":["R","M","$","M","M","R","T","E","?","?","E","?","M","$","M","BOSS","R","M","?","$","?","R","T","E"],"items_purchased_type":["Relic","Card"],"build_version":"2020-12-22","purchased_purges":1,"victory":false,"max_hp_per_floor":[77,77,77,77,77,77,77,77,77,77,77,77,77,77,77,77,77,77,77,77,77,77,77,77,77,77,77],"relic_stats":{"Busted Crown":4,"counters":[14,55],"Gambling Chip":[22],"Necronomicon":[3],"obtain_stats":[{"bronze:BronzeCore":0,"Busted Crown":17,"downfall:HeartBlessingRed":18,"Gambling Chip":11,"downfall:HeartBlessingGreen":18,"Bag of Marbles":14,"Necronomicon":20,"Pocketwatch":7,"Meat on the Bone":8},{"bronze:BronzeCore":0,"Busted Crown":11,"downfall:HeartBlessingRed":11,"Gambling Chip":7,"downfall:HeartBlessingGreen":11,"Bag of Marbles":9,"Necronomicon":12,"Pocketwatch":4,"Meat on the Bone":5},{"bronze:BronzeCore":0,"Busted Crown":46,"downfall:HeartBlessingRed":46,"Gambling Chip":31,"downfall:HeartBlessingGreen":46,"Bag of Marbles":39,"Necronomicon":48,"Pocketwatch":14,"Meat on the Bone":22}],"Pocketwatch":[45],"Meat on the Bone":72},"card_choices":[{"not_picked":["bronze:Deprecate","bronze:Frontload"],"picked":"bronze:DelayedGuard","floor":2},{"not_picked":["bronze:Separator","bronze:BuggyMess"],"picked":"bronze:ChosenStrike","floor":3},{"not_picked":["bronze:Shield","bronze:DelayedSlice"],"picked":"bronze:Turbo","floor":4},{"not_picked":["bronze:Separator","bronze:Deprecate"],"picked":"bronze:OilSpill","floor":5},{"not_picked":["bronze:DelayedSlice","bronze:Shield"],"picked":"bronze:SpaghettiCode","floor":8},{"not_picked":["bronze:BuggyMess","bronze:Turbo"],"picked":"bronze:OilSpill","floor":9},{"not_picked":["bronze:BuggyMess","bronze:NullPointer","bronze:Separator"],"picked":"SKIP","floor":11},{"not_picked":["bronze:BronzeOrb","bronze:Constructor","bronze:Shield"],"picked":"SKIP","floor":13},{"not_picked":["bronze:Deprecate","bronze:ChosenStrike"],"picked":"bronze:Optimize","floor":14},{"not_picked":["bronze:WildBeam","bronze:WhirlingStrike","bronze:DarkDash"],"picked":"SKIP","floor":15},{"not_picked":["bronze:Break","bronze:Virus"],"picked":"bronze:Verify","floor":16},{"not_picked":["bronze:FineTuning"],"picked":"SKIP","floor":21}],"player_experience":1789283,"relics_obtained":[{"floor":7,"key":"Pocketwatch"},{"floor":8,"key":"Meat on the Bone"},{"floor":11,"key":"Gambling Chip"},{"floor":20,"key":"Necronomicon"}],"event_choices":[],"is_beta":false,"boss_relics":[{"not_picked":["Philosopher\u0027s Stone","bronze:ElectromagneticCoil"],"picked":"Busted Crown"}],"items_purged_floors":[14],"is_endless":false,"potions_floor_spawned":[8,9,11,16],"killed_by":"Gremlin Leader","ascension_level":12}}