{"host":"lehbxtjrpalkmwwj","time":1613399177,"event":{"mods":["ATMod(°¢èªMod)","Aspiration","BaseMod","Challenge The Spire","Colored Map","Colored Powertips","Conspire","Dota2Spire","Energized Spire","Hunter ÁÔÈË","Minty Spire (QoL Compilation)","Quick Restart","Relic Stats","Reliquary","Replay The Spire","Spicy Shops","StSLib","TestMod","The Cursed","The IronCluck","The Poker Player","Waifu the Spire","Wide Potions","[IsaacMod]ÒÔÈö¼âËþ","¡¾ÒÅÎï¿¨ÅÆ¡¿REMEMod","É³µñ²ÄÖÊ°ümod","óô»ðÖ¸ÄÏ"],"gold_per_floor":[109,109,121,132,205,234,234,267,267,308,323,350,213,213,113,120,120],"floor_reached":16,"language":"ZHS","playtime":348,"items_purged":["Regret","Pride"],"score":214,"play_id":"0f92f8a6-4028-4d12-bf61-6dcf48bb300c","local_time":"20210215222617","is_ascension_mode":true,"campfire_choices":[{"floor":7.0,"key":"RECALL"}],"circlet_count":0,"master_deck":["Strike_R","Strike_R","Strike_R","Strike_R","Strike_R","Defend_R","Defend_R","Defend_R","Defend_R","Bash","SuicideKing","testmod-PulseDistributor","AT_FamilyPortrait","Seeing Red","Spot Weakness","Impervious","Twin Strike","Flex"],"relics":["Burning Blood","HushsDoor","AT_ATBox","testmod-TestBox","REME_ComplimentaryCards","testmod-D_4","BelialBook","NeowsBlessing","Dota2Spire:LotusOrb","Anchor","REME_HourglassOfDeath","SalivaCoin","AT_BellowingDragoncrestRing","Replay:Baseball","Bronze Scales"],"acts_visited":["Exordium"],"potions_floor_usage":[],"damage_taken":[{"damage":0.0,"enemies":"Jaw Worm","floor":1.0,"turns":1.0},{"damage":0.0,"enemies":"2 Louse","floor":3.0,"turns":1.0},{"damage":0.0,"enemies":"Cultist","floor":4.0,"turns":1.0},{"damage":1.0,"enemies":"Lagavulin","floor":6.0,"turns":2.0},{"damage":52.0,"enemies":"Gremlin Nob","floor":8.0,"turns":5.0},{"damage":30.0,"enemies":"3 Sentries","floor":10.0,"turns":4.0},{"damage":0.0,"enemies":"Blue Slaver","floor":11.0,"turns":3.0},{"damage":0.0,"enemies":"Gremlin Nob","floor":12.0,"turns":2.0},{"damage":99999,"enemies":"Hexaghost","floor":16,"turns":2}],"seed_played":"-4430097011705898339","potions_obtained":[{"floor":1.0,"key":"LifebloodPotion"},{"floor":8.0,"key":"ColorlessPotion"},{"floor":10.0,"key":"DistilledChaos"},{"floor":11.0,"key":"Dota2Spire:HealingSalve"},{"floor":12.0,"key":"Elixir"}],"is_trial":false,"path_per_floor":["M","?","M","M","?","E","R","E","T","E","M","E","R","?","R","B"],"character_chosen":"IRONCLAD","items_purchased":["Bronze Scales"],"campfire_rested":0,"item_purchase_floors":[13],"current_hp_per_floor":[80,80,80,80,65,70,70,66,66,67,73,79,79,79,79,0,0],"gold":120,"neow_bonus":"THREE_ENEMY_KILL","is_daily":false,"chose_seed":false,"campfire_upgraded":0,"win_rate":0.0,"timestamp":1613399177,"path_taken":["M","?","M","M","?","E","R","E","T","E","M","E","R","?","R","BOSS"],"items_purchased_type":["Relic"],"build_version":"2020-12-22","purchased_purges":2,"victory":false,"max_hp_per_floor":[80,80,80,80,80,80,80,80,80,80,80,80,80,80,80,80,80],"relic_stats":{"counters":[9,20],"Bronze Scales":[0],"obtain_stats":[{"KeepersGift":0,"AT_ATBox":0,"testmod-TestBox":0,"NeowsBlessing":0,"BelialBook":0,"Burning Blood":0,"Dota2Spire:LotusOrb":2,"Anchor":6,"Replay:Baseball":12,"AT_BellowingDragoncrestRing":10,"testmod-D_4":0,"REME_HourglassOfDeath":8,"Bronze Scales":13,"SalivaCoin":9,"HushsDoor":0,"REME_ComplimentaryCards":0},{"KeepersGift":0,"AT_ATBox":0,"testmod-TestBox":0,"NeowsBlessing":0,"BelialBook":0,"Burning Blood":0,"Dota2Spire:LotusOrb":1,"Anchor":4,"Replay:Baseball":8,"AT_BellowingDragoncrestRing":6,"testmod-D_4":0,"REME_HourglassOfDeath":5,"Bronze Scales":8,"SalivaCoin":5,"HushsDoor":0,"REME_ComplimentaryCards":0},{"KeepersGift":0,"AT_ATBox":0,"testmod-TestBox":0,"NeowsBlessing":0,"BelialBook":0,"Burning Blood":0,"Dota2Spire:LotusOrb":1,"Anchor":5,"Replay:Baseball":19,"AT_BellowingDragoncrestRing":14,"testmod-D_4":0,"REME_HourglassOfDeath":10,"Bronze Scales":19,"SalivaCoin":10,"HushsDoor":0,"REME_ComplimentaryCards":0}],"Burning Blood":30},"card_choices":[{"not_picked":[],"picked":"SuicideKing","floor":0.0},{"not_picked":["Infernal Blade","ReplayReversal"],"picked":"Seeing Red","floor":1.0},{"not_picked":["Dual Wield","ReplayTheSpireMod:Strike From Hell"],"picked":"Spot Weakness","floor":3.0},{"not_picked":["Warcry","Clothesline"],"picked":"Impervious","floor":4.0},{"not_picked":["Bomb","Clash"],"picked":"Twin Strike","floor":6.0},{"not_picked":["Sever Soul","True Grit","Warcry"],"picked":"SKIP","floor":8.0},{"not_picked":["Replay:Undeath\u0027s Touch","Shrug It Off"],"picked":"Flex","floor":10.0},{"not_picked":["Armaments","AT_BodySlamDance","Second Wind"],"picked":"SKIP","floor":11.0},{"not_picked":["Havoc","Feed","AT_BodySlamDance"],"picked":"SKIP","floor":12.0}],"player_experience":193255,"relics_obtained":[{"floor":6.0,"key":"Anchor"},{"floor":8.0,"key":"REME_HourglassOfDeath"},{"floor":9.0,"key":"SalivaCoin"},{"floor":10.0,"key":"AT_BellowingDragoncrestRing"},{"floor":12.0,"key":"Replay:Baseball"}],"event_choices":[{"damage_healed":0.0,"max_hp_gain":0.0,"max_hp_loss":0.0,"gold_gain":0.0,"event_name":"Big Fish","player_choice":"Box","floor":2.0,"gold_loss":0.0,"damage_taken":0.0,"relics_obtained":["Dota2Spire:LotusOrb"],"cards_obtained":["Regret"]},{"damage_healed":0.0,"max_hp_gain":0.0,"max_hp_loss":0.0,"gold_gain":0.0,"event_name":"conspire:LoneGhost","player_choice":"Disagree","floor":14.0,"gold_loss":0.0,"damage_taken":0.0}],"is_beta":false,"boss_relics":[],"items_purged_floors":[13,15],"is_endless":false,"potions_floor_spawned":[1,8,10,11,12],"killed_by":"Hexaghost","ascension_level":4}}