{"host":"vpaavrwbmey593fx","time":1613363313,"event":{"mods":["AchievementEnabler","BaseMod","Bestiary","Colored Map","Colored Powertips","DeckTracker","Minty Spire (QoL Compilation)","Relic Sorter"],"gold_per_floor":[115,133,133,146,159,159,179,206,206,234,234,252,262,262,262,357,357,373,373,389,389,389,389,415,429,455,484,105,122,137,151,151,151,151],"floor_reached":33,"language":"ENG","playtime":3236,"items_purged":["Defend_G"],"score":452,"play_id":"11a8c5dc-1d2e-49e3-bacd-aba30856c70d","local_time":"20210214202833","is_ascension_mode":true,"campfire_choices":[{"data":"Underhanded Strike","floor":6.0,"key":"SMITH"},{"data":"Infinite Blades","floor":15.0,"key":"SMITH"},{"floor":23.0,"key":"REST"},{"floor":32.0,"key":"REST"}],"circlet_count":0,"master_deck":["AscendersBane","Strike_G","Strike_G","Strike_G","Strike_G","Defend_G","Defend_G","Defend_G","Defend_G","Survivor","Neutralize","Infinite Blades+1","Well Laid Plans","Underhanded Strike+1","Malaise","Cloak And Dagger","Caltrops","Escape Plan","Backstab","Adrenaline","Blade Dance+1","Acrobatics","RitualDagger","PiercingWail+1","Concentrate","Deflect+1","Crippling Poison+1","Wraith Form v2","Noxious Fumes","PiercingWail"],"relics":["Ring of the Snake","Orichalcum","Du-Vu Doll","StoneCalendar","Prayer Wheel","Paper Crane","Sozu","Tough Bandages","Centennial Puzzle","Darkstone Periapt","Membership Card","Vajra","MealTicket"],"acts_visited":["Exordium","TheCity"],"potions_floor_usage":[],"damage_taken":[{"damage":1.0,"enemies":"Small Slimes","floor":1.0,"turns":3.0},{"damage":0.0,"enemies":"2 Louse","floor":2.0,"turns":5.0},{"damage":3.0,"enemies":"Jaw Worm","floor":4.0,"turns":4.0},{"damage":6.0,"enemies":"2 Fungi Beasts","floor":5.0,"turns":4.0},{"damage":2.0,"enemies":"Looter","floor":7.0,"turns":4.0},{"damage":16.0,"enemies":"3 Sentries","floor":8.0,"turns":8.0},{"damage":6.0,"enemies":"Lagavulin","floor":10.0,"turns":7.0},{"damage":2.0,"enemies":"Blue Slaver","floor":12.0,"turns":4.0},{"damage":0.0,"enemies":"2 Fungi Beasts","floor":13.0,"turns":4.0},{"damage":2.0,"enemies":"Slime Boss","floor":16.0,"turns":7.0},{"damage":14.0,"enemies":"2 Thieves","floor":18.0,"turns":4.0},{"damage":11.0,"enemies":"Spheric Guardian","floor":20.0,"turns":4.0},{"damage":24.0,"enemies":"Book of Stabbing","floor":24.0,"turns":5.0},{"damage":2.0,"enemies":"Cultist and Chosen","floor":25.0,"turns":7.0},{"damage":4.0,"enemies":"Slavers","floor":27.0,"turns":5.0},{"damage":3.0,"enemies":"Snecko","floor":29.0,"turns":5.0},{"damage":0.0,"enemies":"Snake Plant","floor":30.0,"turns":3.0},{"damage":0.0,"enemies":"Centurion and Healer","floor":31.0,"turns":5.0},{"damage":36,"enemies":"Collector","floor":33,"turns":9}],"seed_played":"-8064008619446622781","potions_obtained":[{"floor":1.0,"key":"Block Potion"},{"floor":10.0,"key":"Poison Potion"},{"floor":13.0,"key":"ColorlessPotion"},{"floor":16.0,"key":"Dexterity Potion"}],"is_trial":false,"path_per_floor":["M","M","?","M","M","R","M","E","T","E","?","M","M","?","R","B",null,"M","?","M","?","$","R","E","M","T","E","$","M","M","M","R","B"],"character_chosen":"THE_SILENT","items_purchased":["Membership Card","Vajra","MealTicket","Noxious Fumes"],"campfire_rested":2,"item_purchase_floors":[28,28,28,28],"current_hp_per_floor":[62,62,55,52,46,46,44,28,28,22,22,20,20,41,41,39,57,43,37,26,26,26,44,20,18,18,14,14,11,11,11,29,0,0],"gold":151,"neow_bonus":"ONE_RARE_RELIC","is_daily":false,"chose_seed":false,"campfire_upgraded":2,"win_rate":0.0,"timestamp":1613363313,"path_taken":["M","M","?","M","M","R","M","E","T","E","?","M","M","?","R","BOSS","M","?","M","?","$","R","E","M","T","E","$","M","M","M","R","BOSS"],"items_purchased_type":["Relic","Relic","Relic","Card"],"build_version":"2020-12-22","purchased_purges":1,"victory":false,"max_hp_per_floor":[63,63,63,63,63,63,63,63,63,63,63,63,63,63,63,63,63,63,63,63,63,63,63,63,63,63,63,63,63,63,63,63,63,63],"card_choices":[{"not_picked":["Finisher","Prepared"],"picked":"Infinite Blades","floor":1.0},{"not_picked":["Quick Slash","Deflect"],"picked":"Well Laid Plans","floor":2.0},{"not_picked":["Slice","Blur"],"picked":"Underhanded Strike","floor":4.0},{"not_picked":["Quick Slash","Bane"],"picked":"Malaise","floor":5.0},{"not_picked":["Backflip","Bane"],"picked":"Cloak And Dagger","floor":7.0},{"not_picked":["Deadly Poison","Outmaneuver"],"picked":"Caltrops","floor":8.0},{"not_picked":["Dodge and Roll","Bouncing Flask","Dagger Throw"],"picked":"SKIP","floor":10.0},{"not_picked":["Reflex","Expertise"],"picked":"Escape Plan","floor":12.0},{"not_picked":["Underhanded Strike","Well Laid Plans","Choke"],"picked":"SKIP","floor":12.0},{"not_picked":["Prepared","Backflip"],"picked":"Backstab","floor":13.0},{"not_picked":["Storm of Steel","Deadly Poison","Flechettes"],"picked":"SKIP","floor":13.0},{"not_picked":["Phantasmal Killer","Grand Finale"],"picked":"Adrenaline","floor":16.0},{"not_picked":["Accuracy","Dagger Throw"],"picked":"Blade Dance+1","floor":18.0},{"not_picked":["Endless Agony","Quick Slash"],"picked":"Acrobatics","floor":18.0},{"not_picked":["Cloak And Dagger+1","Bane"],"picked":"PiercingWail+1","floor":20.0},{"not_picked":["Backstab","Blade Dance+1"],"picked":"Concentrate","floor":20.0},{"not_picked":["Outmaneuver+1","All Out Attack"],"picked":"Deflect+1","floor":24.0},{"not_picked":["Skewer+1","Outmaneuver+1"],"picked":"Crippling Poison+1","floor":25.0},{"not_picked":["Underhanded Strike","Masterful Stab+1"],"picked":"Wraith Form v2","floor":25.0},{"not_picked":["Underhanded Strike","Bane","Outmaneuver"],"picked":"SKIP","floor":27.0},{"not_picked":["Poisoned Stab","Deflect+1","Riddle With Holes"],"picked":"SKIP","floor":29.0},{"not_picked":["Quick Slash+1","Acrobatics","Deadly Poison"],"picked":"SKIP","floor":29.0},{"not_picked":["Poisoned Stab","Prepared"],"picked":"PiercingWail","floor":30.0},{"not_picked":["Blade Dance","Slice","Grand Finale"],"picked":"SKIP","floor":30.0},{"not_picked":["Flying Knee","Acrobatics","Expertise"],"picked":"SKIP","floor":31.0},{"not_picked":["Choke","Concentrate","Quick Slash"],"picked":"SKIP","floor":31.0}],"player_experience":362354,"relics_obtained":[{"floor":8.0,"key":"StoneCalendar"},{"floor":9.0,"key":"Prayer Wheel"},{"floor":10.0,"key":"Paper Crane"},{"floor":24.0,"key":"Orichalcum"},{"floor":26.0,"key":"Centennial Puzzle"},{"floor":27.0,"key":"Darkstone Periapt"}],"event_choices":[{"cards_removed":["Strike_G"],"damage_healed":0.0,"max_hp_gain":0.0,"max_hp_loss":0.0,"gold_gain":0.0,"event_name":"Golden Wing","player_choice":"Card Removal","floor":3.0,"gold_loss":0.0,"damage_taken":7.0},{"damage_healed":0.0,"max_hp_gain":0.0,"max_hp_loss":0.0,"gold_gain":0.0,"event_name":"Dead Adventurer","player_choice":"Searched \u00270\u0027 times","floor":11.0,"gold_loss":0.0,"damage_taken":0.0},{"damage_healed":21.0,"max_hp_gain":0.0,"max_hp_loss":0.0,"gold_gain":0.0,"event_name":"Big Fish","player_choice":"Banana","floor":14.0,"gold_loss":0.0,"damage_taken":0.0},{"damage_healed":0.0,"max_hp_gain":0.0,"max_hp_loss":0.0,"gold_gain":0.0,"event_name":"Nest","player_choice":"Joined the Cult","floor":19.0,"gold_loss":0.0,"damage_taken":6.0,"cards_obtained":["RitualDagger"]},{"damage_healed":0.0,"max_hp_gain":0.0,"max_hp_loss":0.0,"gold_gain":0.0,"event_name":"The Mausoleum","player_choice":"Opened","floor":21.0,"gold_loss":0.0,"damage_taken":0.0,"relics_obtained":["Tough Bandages"]}],"is_beta":false,"boss_relics":[{"not_picked":["Pandora\u0027s Box","WristBlade"],"picked":"Sozu"}],"items_purged_floors":[28],"is_endless":false,"potions_floor_spawned":[1,10,13,16,18,25,29],"killed_by":"Collector","ascension_level":10}}