{"host":"s24sb66hw4a4sfft","time":1613349867,"event":{"mods":["AchievementEnabler","BaseMod","Colored Map","Colored Powertips","Googly Eyes","Hermit","Hubris","Minty Spire (QoL Compilation)","Quick Restart","Shop Mod","StSLib"],"gold_per_floor":[119,119,16,16,29,29,60,60,60,60,74,108,167,195,195,274,274,284,300,319,91,91,46,71,71,71,71,84,110,110,16,16,16,16],"floor_reached":33,"language":"ENG","playtime":1107,"items_purged":["Strike_G"],"score":551,"play_id":"912c9755-c233-4204-828f-eb7ad5974a2f","local_time":"20210214194426","is_ascension_mode":true,"campfire_choices":[{"data":"Poisoned Stab","floor":6,"key":"SMITH"},{"data":"Bouncing Flask","floor":8,"key":"SMITH"},{"data":"Cloak And Dagger","floor":10,"key":"SMITH"},{"data":"Infinite Blades","floor":15,"key":"SMITH"},{"floor":27,"key":"REST"},{"data":"Poisoned Stab","floor":30,"key":"SMITH"},{"floor":32,"key":"REST"}],"circlet_count":0,"master_deck":["AscendersBane","Strike_G","Strike_G+1","Strike_G","Strike_G","Defend_G","Defend_G","Defend_G","Defend_G","Defend_G","Survivor","Neutralize+1","Prepared","Poisoned Stab+1","Cloak And Dagger+1","Bouncing Flask+1","Finisher","Infinite Blades+1","Crippling Poison+1","Die Die Die+1","Sucker Punch+1","Poisoned Stab+1","Poisoned Stab+1","Bane","Cloak And Dagger+1","Tactician+1","Bandage Up+1"],"relics":["Ring of the Snake","NeowsBlessing","hubris:Towel","Blood Vial","Toxic Egg 2","Ninja Scroll","Toy Ornithopter","Regal Pillow","SlaversCollar","Whetstone","hubris:Spice","MutagenicStrength","Bronze Scales"],"acts_visited":["Exordium","TheCity"],"potions_floor_usage":[12,13,18,20,33],"damage_taken":[{"damage":0,"enemies":"Jaw Worm","floor":1,"turns":1},{"damage":0,"enemies":"Small Slimes","floor":5,"turns":1},{"damage":0,"enemies":"Lagavulin","floor":7,"turns":1},{"damage":0,"enemies":"2 Louse","floor":11,"turns":2},{"damage":17,"enemies":"Gremlin Nob","floor":12,"turns":4},{"damage":19,"enemies":"Lagavulin Event","floor":13,"turns":4},{"damage":5,"enemies":"3 Sentries","floor":14,"turns":7},{"damage":12,"enemies":"Hexaghost","floor":16,"turns":7},{"damage":15,"enemies":"Shell Parasite","floor":18,"turns":4},{"damage":8,"enemies":"Chosen","floor":19,"turns":3},{"damage":11,"enemies":"Centurion and Healer","floor":20,"turns":5},{"damage":29,"enemies":"Book of Stabbing","floor":24,"turns":5},{"damage":10,"enemies":"3 Cultists","floor":28,"turns":4},{"damage":12,"enemies":"Gremlin Leader","floor":29,"turns":2},{"damage":95,"enemies":"Champ","floor":33,"turns":7}],"seed_played":"6224447657436446671","potions_obtained":[{"floor":1,"key":"Explosive Potion"},{"floor":5,"key":"SpeedPotion"},{"floor":12,"key":"Regen Potion"},{"floor":13,"key":"Dexterity Potion"},{"floor":19,"key":"Strength Potion"},{"floor":28,"key":"SneckoOil"}],"is_trial":false,"path_per_floor":["M","?","$","?","M","R","E","R","T","R","M","E","?","E","R","B",null,"M","M","M","$","?","$","E","?","T","R","M","E","R","$","R","B"],"character_chosen":"THE_SILENT","items_purchased":["Poisoned Stab","Cloak And Dagger","Whetstone","Bane","Bandage Up+1"],"campfire_rested":2,"item_purchase_floors":[3,3,21,23,31],"current_hp_per_floor":[59,59,59,59,59,59,59,59,59,59,61,46,41,38,38,28,57,49,43,39,39,61,61,42,42,42,74,64,62,62,62,82,0,0],"gold":16,"neow_bonus":"THREE_ENEMY_KILL","is_daily":false,"chose_seed":false,"campfire_upgraded":5,"win_rate":0.0,"timestamp":1613349866,"path_taken":["M","?","$","?","M","R","E","R","T","R","M","E","?","E","R","BOSS","M","M","M","$","?","?","E","?","T","R","?","E","R","$","R","BOSS"],"items_purchased_type":["Card","Card","Relic","Card","Card"],"build_version":"2020-12-22","purchased_purges":1,"victory":false,"max_hp_per_floor":[66,66,66,66,66,66,66,66,66,66,66,66,66,66,66,66,66,66,66,66,66,66,66,74,74,74,74,74,82,82,82,82,82,82],"card_choices":[{"not_picked":["Expertise","Quick Slash"],"picked":"Prepared","floor":1},{"not_picked":["Prepared","Leg Sweep"],"picked":"Bouncing Flask","floor":5},{"not_picked":["Acrobatics","Flechettes","Blur"],"picked":"SKIP","floor":7},{"not_picked":["Flechettes","Distraction+1","Choke"],"picked":"SKIP","floor":11},{"not_picked":["Flechettes","hubris:TrickCloak+1"],"picked":"Finisher","floor":12},{"not_picked":["Backflip+1","All Out Attack"],"picked":"Infinite Blades","floor":13},{"not_picked":["Acrobatics+1","hubris:Sniper+1"],"picked":"Crippling Poison+1","floor":14},{"not_picked":["Wraith Form v2","After Image"],"picked":"Die Die Die","floor":16},{"not_picked":["Concentrate+1","Backflip+1"],"picked":"Sucker Punch+1","floor":18},{"not_picked":["Backflip+1","Deflect+1"],"picked":"Poisoned Stab","floor":19},{"not_picked":["Cloak And Dagger+1","Dodge and Roll+1"],"picked":"Poisoned Stab+1","floor":20},{"not_picked":["Finisher","Sucker Punch"],"picked":"Cloak And Dagger+1","floor":24},{"not_picked":["Poisoned Stab","Backflip+1","hubris:SlightOfHand+1"],"picked":"SKIP","floor":28},{"not_picked":["Acrobatics+1","Slice"],"picked":"Tactician+1","floor":29}],"player_experience":642680,"relics_obtained":[{"floor":7,"key":"Blood Vial"},{"floor":9,"key":"Toxic Egg 2"},{"floor":12,"key":"Ninja Scroll"},{"floor":13,"key":"Toy Ornithopter"},{"floor":14,"key":"Regal Pillow"},{"floor":24,"key":"hubris:Spice"},{"floor":26,"key":"Bronze Scales"},{"floor":29,"key":"hubris:Spice"}],"event_choices":[{"damage_healed":0,"gold_gain":0,"player_choice":"Grow","damage_taken":0,"max_hp_gain":0,"max_hp_loss":0,"event_name":"Living Wall","floor":2,"gold_loss":0,"cards_upgraded":["Neutralize"]},{"damage_healed":0,"gold_gain":0,"player_choice":"Searched \u00272\u0027 times","damage_taken":0,"max_hp_gain":0,"max_hp_loss":0,"event_name":"Dead Adventurer","floor":13,"gold_loss":0},{"damage_healed":22,"gold_gain":0,"player_choice":"Heal","damage_taken":0,"max_hp_gain":0,"max_hp_loss":0,"event_name":"The Library","floor":22,"gold_loss":0},{"damage_healed":0,"gold_gain":0,"player_choice":"Inject Mutagens","damage_taken":0,"relics_obtained":["MutagenicStrength"],"max_hp_gain":0,"max_hp_loss":0,"event_name":"Drug Dealer","floor":25,"gold_loss":0}],"is_beta":false,"boss_relics":[{"not_picked":["Snecko Eye","Cursed Key"],"picked":"SlaversCollar"}],"items_purged_floors":[21],"is_endless":false,"potions_floor_spawned":[1,5,12,13,19,28,29],"killed_by":"Champ","ascension_level":14}}