{"host":"5jdby9iqu3ct6557","time":1613359207,"event":{"mods":["BaseMod","DeckTracker","Highlight Path","Minty Spire (QoL Compilation)","Relic Stats","StSLib","ojb\u0027s Info Mod"],"gold_per_floor":[211,226,246,39,51,51,86,86,112,124,124,167,167,187,187,272,272,286,309,37,46,64,64,78,91,118,138,180,199,227,227,227,311,356,383,383,383,137,152,180,180,214,214,246,262,262,294,227,227,227,227,227],"floor_reached":51,"language":"ENG","playtime":13242,"items_purged":["Steam Power"],"score":1619,"play_id":"ed4a4381-9b13-4f3d-a06e-900594793327","local_time":"20210214222007","is_ascension_mode":true,"campfire_choices":[{"data":"Ball Lightning","floor":6.0,"key":"SMITH"},{"floor":8.0,"key":"REST"},{"data":"Biased Cognition","floor":11.0,"key":"SMITH"},{"data":"Coolheaded","floor":15.0,"key":"SMITH"},{"floor":23.0,"key":"REST"},{"floor":32.0,"key":"REST"},{"floor":46,"key":"RECALL"},{"data":"Loop","floor":49,"key":"SMITH"}],"circlet_count":0,"master_deck":["AscendersBane","Zap","Dualcast","Cold Snap","Coolheaded+1","Ball Lightning+1","Ball Lightning","Biased Cognition+1","Barrage","Compile Driver","Echo Form","Conserve Battery","Necronomicurse","Storm","Conserve Battery","Glacier","Stack+1","Electrodynamics","Reinforced Body","Fission","Coolheaded","Streamline+1","Meteor Strike","Self Repair","Hologram+1","Loop+1"],"relics":["Cracked Core","Happy Flower","Boot","Ancient Tea Set","CeramicFish","Snecko Eye","Bottled Tornado","Necronomicon","MealTicket","Shuriken","Pandora\u0027s Box","Orrery","Kunai","HornCleat","Gremlin Horn","Lantern","White Beast Statue","Vajra"],"acts_visited":["Exordium","TheCity","TheBeyond"],"potions_floor_usage":[50,51],"damage_taken":[{"damage":0.0,"enemies":"Cultist","floor":1.0,"turns":3.0},{"damage":7.0,"enemies":"Jaw Worm","floor":2.0,"turns":4.0},{"damage":0.0,"enemies":"2 Louse","floor":3.0,"turns":3.0},{"damage":2.0,"enemies":"Exordium Thugs","floor":5.0,"turns":4.0},{"damage":28.0,"enemies":"Gremlin Nob","floor":7.0,"turns":4.0},{"damage":4.0,"enemies":"Gremlin Gang","floor":10.0,"turns":5.0},{"damage":12.0,"enemies":"Lagavulin","floor":12.0,"turns":4.0},{"damage":7.0,"enemies":"Large Slime","floor":14.0,"turns":2.0},{"damage":14.0,"enemies":"Hexaghost","floor":16.0,"turns":8.0},{"damage":17.0,"enemies":"2 Thieves","floor":18.0,"turns":4.0},{"damage":20.0,"enemies":"Shell Parasite","floor":19.0,"turns":5.0},{"damage":0.0,"enemies":"Sentry and Sphere","floor":24.0,"turns":3.0},{"damage":0.0,"enemies":"3 Cultists","floor":25.0,"turns":4.0},{"damage":6.0,"enemies":"Chosen and Byrds","floor":27.0,"turns":3.0},{"damage":16.0,"enemies":"Book of Stabbing","floor":28.0,"turns":5.0},{"damage":0.0,"enemies":"Snecko","floor":29.0,"turns":5.0},{"damage":0.0,"enemies":"3 Cultists","floor":30.0,"turns":3.0},{"damage":3.0,"enemies":"Champ","floor":33.0,"turns":11.0},{"damage":0.0,"enemies":"Orb Walker","floor":35.0,"turns":3.0},{"damage":25.0,"enemies":"3 Shapes","floor":39.0,"turns":6.0},{"damage":7,"enemies":"Reptomancer","floor":40,"turns":4},{"damage":1,"enemies":"Nemesis","floor":42,"turns":6},{"damage":0,"enemies":"Reptomancer","floor":44,"turns":6},{"damage":18,"enemies":"Spire Growth","floor":45,"turns":4},{"damage":0,"enemies":"Giant Head","floor":47,"turns":5},{"damage":39,"enemies":"Time Eater","floor":50,"turns":9},{"damage":48,"enemies":"Awakened One","floor":51,"turns":5}],"seed_played":"-5106430131730429808","potions_obtained":[{"floor":2.0,"key":"SkillPotion"},{"floor":5.0,"key":"Weak Potion"},{"floor":7.0,"key":"Ancient Potion"},{"floor":18.0,"key":"Fruit Juice"},{"floor":24.0,"key":"DistilledChaos"},{"floor":28.0,"key":"Energy Potion"},{"floor":33.0,"key":"FocusPotion"},{"floor":35.0,"key":"PotionOfCapacity"}],"is_trial":false,"path_per_floor":["M","M","M","$","M","R","E","R","T","M","R","E","?","M","R","B",null,"M","M","$","?","?","R","M","M","T","M","E","M","M","?","R","B",null,"M","?","?","$","M","E","T","E","T","E","M","R","E","?","R","B","B"],"character_chosen":"DEFECT","items_purchased":["Ball Lightning","Happy Flower","Bottled Tornado","Orrery","Loop"],"campfire_rested":3,"item_purchase_floors":[4,4,20,38,38],"current_hp_per_floor":[64,57,57,57,55,55,27,48,48,44,44,32,32,25,25,11,56,39,19,19,3,3,25,25,25,25,19,3,3,3,3,25,22,63,63,63,63,76,65,65,65,76,76,76,65,65,72,72,72,47,0,0],"gold":227,"neow_bonus":"HUNDRED_GOLD","is_daily":false,"chose_seed":false,"campfire_upgraded":4,"win_rate":0.0,"timestamp":1613359207,"path_taken":["M","M","M","$","?","R","E","R","T","M","R","E","?","?","R","BOSS","M","M","$","?","?","R","M","?","T","?","E","M","M","?","R","BOSS","M","?","?","$","M","E","?","E","T","E","?","R","E","?","R","BOSS","BOSS"],"items_purchased_type":["Card","Relic","Relic","Relic","Card"],"build_version":"2020-12-22","purchased_purges":1,"victory":false,"max_hp_per_floor":[71,71,71,71,71,71,71,71,71,71,71,71,71,71,71,71,71,71,71,71,76,76,76,76,76,76,76,76,76,76,76,76,76,76,76,76,76,76,76,76,76,76,76,76,76,76,76,76,76,76,76,76],"relic_stats":{"Happy Flower":[39],"Gremlin Horn":[8,8],"counters":[27,128],"Shuriken":[35],"CeramicFish":180,"Snecko Eye":[159,164,173,174],"MealTicket":13,"Pandora\u0027s Box":["Reinforced Body","Lockon","Steam Power","Fission","Coolheaded"],"Necronomicon":[43],"Kunai":[21],"Boot":[87],"obtain_stats":[{"Lantern":44,"Happy Flower":4,"Gremlin Horn":43,"CeramicFish":12,"Vajra":48,"Bottled Tornado":20,"Boot":7,"Ancient Tea Set":9,"White Beast Statue":47,"HornCleat":42,"Shuriken":28,"Snecko Eye":17,"Orrery":38,"MealTicket":26,"Pandora\u0027s Box":34,"Necronomicon":21,"Kunai":40,"Cracked Core":0},{"Lantern":23,"Happy Flower":3,"Gremlin Horn":22,"CeramicFish":7,"Vajra":25,"Bottled Tornado":11,"Boot":5,"Ancient Tea Set":5,"White Beast Statue":25,"HornCleat":22,"Shuriken":15,"Snecko Eye":9,"Orrery":19,"MealTicket":13,"Pandora\u0027s Box":18,"Necronomicon":11,"Kunai":21,"Cracked Core":0},{"Lantern":105,"Happy Flower":10,"Gremlin Horn":99,"CeramicFish":27,"Vajra":114,"Bottled Tornado":46,"Boot":18,"Ancient Tea Set":18,"White Beast Statue":114,"HornCleat":99,"Shuriken":61,"Snecko Eye":37,"Orrery":83,"MealTicket":53,"Pandora\u0027s Box":80,"Necronomicon":46,"Kunai":93,"Cracked Core":0}]},"card_choices":[{"not_picked":["Gash","Hologram","Streamline"],"picked":"SKIP","floor":1.0},{"not_picked":["Conserve Battery","Go for the Eyes"],"picked":"Cold Snap","floor":2.0},{"not_picked":["Force Field","Auto Shields"],"picked":"Coolheaded","floor":3.0},{"not_picked":["Turbo","Consume","Rebound"],"picked":"SKIP","floor":5.0},{"not_picked":["Hologram","Genetic Algorithm"],"picked":"Ball Lightning","floor":7.0},{"not_picked":["Cold Snap","Leap"],"picked":"Biased Cognition","floor":10.0},{"not_picked":["Streamline","Fusion"],"picked":"Barrage","floor":12.0},{"not_picked":["Cold Snap","Conserve Battery"],"picked":"Compile Driver","floor":14.0},{"not_picked":["Multi-Cast","Seek"],"picked":"Echo Form","floor":16.0},{"not_picked":["Compile Driver","Gash","Rebound"],"picked":"SKIP","floor":18.0},{"not_picked":["Compile Driver","Steam"],"picked":"Conserve Battery","floor":19.0},{"not_picked":["Seek","Ball Lightning"],"picked":"Glacier","floor":28.0},{"not_picked":["Rebound","Heatsinks"],"picked":"Stack+1","floor":30.0},{"not_picked":["Amplify","Echo Form"],"picked":"Electrodynamics","floor":33.0},{"not_picked":["Steam","Beam Cell+1"],"picked":"Streamline+1","floor":35.0},{"not_picked":["Ball Lightning","Hello World+1"],"picked":"Meteor Strike","floor":38.0},{"not_picked":["BootSequence+1","Leap"],"picked":"Self Repair","floor":38.0},{"not_picked":["Chill","Rebound"],"picked":"Hologram+1","floor":38.0}],"player_experience":2729985,"relics_obtained":[{"floor":7.0,"key":"Boot"},{"floor":9.0,"key":"Ancient Tea Set"},{"floor":12.0,"key":"CeramicFish"},{"floor":21.0,"key":"Necronomicon"},{"floor":26.0,"key":"MealTicket"},{"floor":28.0,"key":"Shuriken"},{"floor":40,"key":"Kunai"},{"floor":42,"key":"HornCleat"},{"floor":43,"key":"Gremlin Horn"},{"floor":44,"key":"Lantern"},{"floor":47,"key":"White Beast Statue"}],"event_choices":[{"cards_removed":["Strike_B"],"damage_healed":0.0,"max_hp_gain":0.0,"max_hp_loss":0.0,"gold_gain":0.0,"event_name":"Bonfire Elementals","player_choice":"Offered Basic","floor":13.0,"gold_loss":0.0,"damage_taken":0.0},{"damage_healed":0.0,"max_hp_gain":0.0,"max_hp_loss":0.0,"gold_gain":0.0,"event_name":"Cursed Tome","player_choice":"Obtained Book","floor":21.0,"gold_loss":0.0,"damage_taken":21.0},{"damage_healed":0.0,"max_hp_gain":0.0,"max_hp_loss":0.0,"gold_gain":0.0,"cards_transformed":["Strike_B","Strike_B"],"event_name":"Drug Dealer","player_choice":"Became Test Subject","floor":22.0,"gold_loss":0.0,"damage_taken":0.0,"cards_obtained":["Storm","Conserve Battery"]},{"damage_healed":0.0,"max_hp_gain":0.0,"max_hp_loss":0.0,"gold_gain":0.0,"event_name":"The Mausoleum","player_choice":"Ignored","floor":31.0,"gold_loss":0.0,"damage_taken":0.0},{"cards_removed":["Lockon"],"damage_healed":0.0,"max_hp_gain":0.0,"max_hp_loss":0.0,"gold_gain":0.0,"event_name":"Falling","player_choice":"Removed Attack","floor":36.0,"gold_loss":0.0,"damage_taken":0.0},{"damage_healed":0.0,"max_hp_gain":0.0,"max_hp_loss":0.0,"gold_gain":0.0,"event_name":"SensoryStone","player_choice":"Memory 1","floor":37.0,"gold_loss":0.0,"damage_taken":0.0},{"damage_healed":0,"gold_gain":0,"player_choice":"Paid Gold","damage_taken":0,"relics_obtained":["Vajra"],"max_hp_gain":0,"max_hp_loss":0,"event_name":"WeMeetAgain","floor":48,"gold_loss":67}],"is_beta":false,"boss_relics":[{"not_picked":["Nuclear Battery","Runic Pyramid"],"picked":"Snecko Eye"},{"not_picked":["Calling Bell","Coffee Dripper"],"picked":"Pandora\u0027s Box"}],"items_purged_floors":[38],"is_endless":false,"potions_floor_spawned":[2,5,7,12,18,24,28,33,35,44,45],"killed_by":"Awakened One","ascension_level":20}}