{"host":"farxtl2u8hmkbdo2","time":1613372073,"event":{"mods":["A Magickal Journey","BaseMod","Better Altar","Better Note","Better Sensory Stone","Better Skull","Better Third Choice","Challenge The Spire","Colored Map","Colored Powertips","Current Relic Mod","Downfall","Energized Spire","Fox Events","Gremlin Mod","Hermit","Hubris","Mimic Mod","Minty Spire (QoL Compilation)","Quick Restart","READ ME - Guardian Mod","Rare Cards Sparkle","StSLib","The Bladedancer","The Bug Knight","The Cursed","The Disciple","The Hierophant","The Marked","The Necromancer","The Runesmith","Transform Curses"],"gold_per_floor":[99,116,116,116,131,163,200,231,247,281,281,281,281,406,417,514,514,514,532,551,359,359,24,97,34,34,50,77,94,125,139,159,261,261,61,73,173,189,206,206,206,206,217,243,117,117,17,52,71,71,71,106,4,4,4,4],"floor_reached":57,"language":"SPA","playtime":5648,"items_purged":["Pride"],"score":1678,"play_id":"a3e5fe85-7821-445e-9063-85990bdb6d03","local_time":"20210215035433","is_ascension_mode":true,"campfire_choices":[{"data":"Magnetism","floor":1.0,"key":"SMITH"},{"data":"bronze:Library","floor":11.0,"key":"SMITH"},{"floor":13.0,"key":"REST"},{"data":"bronze:Mutator","floor":18.0,"key":"SMITH"},{"floor":26.0,"key":"RECALL"},{"data":"bronze:Virus","floor":35,"key":"SMITH"},{"data":"bronze:Boost","floor":47,"key":"SMITH"},{"data":"bronze:BurnOut","floor":54,"key":"SMITH"}],"circlet_count":0,"master_deck":["bronze:Replicate","bronze:Goto","Magnetism+1","bronze:Backtrace","bronze:Fortify","bronze:ChosenStrike","bronze:WildBeam","bronze:HardenedForm","bronze:Library+1","bronze:InfiniteBeams","bronze:RecursiveStrike","bronze:ForceShield+1","bronze:RecursiveStrike","bronze:DarkDash","bronze:FineTuning","bronze:ShipIt","bronze:Mutator+1","bronze:Shell+1","bronze:Deprecate+1","bronze:Return","bronze:Turbo","bronze:Iterate","bronze:DelayedGuard+1","bronze:Turbo","bronze:FunctionCard","bronze:Flail+1","bronze:Allocate+1","bronze:Boost+1","bronze:Turbo+1","bronze:Virus+1","bronze:ForLoop+1","bronze:WhirlingStrike+1","bronze:ClassDefault+1","bronze:Invalidate+1","bronze:BurnOut+1","bronze:CutThrough+1","bronze:BugBarrage+1","bronze:Return+1","bronze:DelayedGuard"],"relics":["bronze:BronzeCore","hubris:Icosahedron","Pear","Centennial Puzzle","FossilizedHelix","bronze:Mallet","Blood Vial","Pandora\u0027s Box","Potion Belt","Ginger","Omamori","bronze:SilverBullet","Ancient Tea Set","InkBottle","HornCleat","War Paint","Black Star","downfall:HeartBlessingRed","downfall:HeartBlessingBlue","bronze:BottledCode","Letter Opener","Blue Candle","Juzu Bracelet","downfall:HeartBlessingGreen","Akabeko","hubris:TenFootPole","Ornamental Fan","Runesmith:AutoHammer"],"acts_visited":["Exordium","TheCity","TheBeyond","TheEnding"],"potions_floor_usage":[28,28,28,30,30,33,38,43,48,55,56,56],"damage_taken":[{"damage":2.0,"enemies":"Jaw Worm","floor":2.0,"turns":5.0},{"damage":0.0,"enemies":"Small Slimes","floor":5.0,"turns":3.0},{"damage":0.0,"enemies":"Gremlin Nob","floor":6.0,"turns":3.0},{"damage":2.0,"enemies":"2 Louse","floor":7.0,"turns":5.0},{"damage":29.0,"enemies":"Lagavulin","floor":8.0,"turns":6.0},{"damage":0.0,"enemies":"2 Louse","floor":9.0,"turns":1.0},{"damage":5.0,"enemies":"3 Sentries","floor":10.0,"turns":7.0},{"damage":12.0,"enemies":"Lagavulin","floor":14.0,"turns":6.0},{"damage":8.0,"enemies":"Gremlin Gang","floor":15.0,"turns":4.0},{"damage":20.0,"enemies":"IC_STATUS_ARCHETYPE","floor":16.0,"turns":5.0},{"damage":0.0,"enemies":"Shell Parasite","floor":19.0,"turns":2.0},{"damage":0.0,"enemies":"Spheric Guardian","floor":20.0,"turns":3.0},{"damage":0.0,"enemies":"downfall:FleeingMerchant","floor":21.0,"turns":4.0},{"damage":12.0,"enemies":"downfall:FleeingMerchant","floor":23.0,"turns":4.0},{"damage":0.0,"enemies":"downfall:FleeingMerchant","floor":25.0,"turns":4.0},{"damage":0,"enemies":"Cultist and Chosen","floor":27,"turns":4},{"damage":23,"enemies":"Book of Stabbing","floor":28,"turns":5},{"damage":0,"enemies":"Snecko","floor":29,"turns":3},{"damage":19,"enemies":"Slavers","floor":30,"turns":2},{"damage":0,"enemies":"Sentry and Sphere","floor":31,"turns":3},{"damage":0,"enemies":"Cultist and Chosen","floor":32,"turns":4},{"damage":15,"enemies":"WA_ARCHETYPE_CALM","floor":33,"turns":7},{"damage":1,"enemies":"3 Shapes","floor":36,"turns":3},{"damage":0,"enemies":"Orb Walker","floor":38,"turns":3},{"damage":17,"enemies":"4 Shapes","floor":39,"turns":4},{"damage":0,"enemies":"Sphere and 2 Shapes","floor":43,"turns":2},{"damage":0,"enemies":"Giant Head","floor":44,"turns":5},{"damage":0,"enemies":"HollowMod:StalkingDevout","floor":48,"turns":2},{"damage":0,"enemies":"3 Darklings","floor":49,"turns":2},{"damage":6,"enemies":"SI_POISON_ARCHETYPE","floor":50,"turns":4},{"damage":0,"enemies":"downfall:CharBossMerchant","floor":52,"turns":3},{"damage":1,"enemies":"downfall:NeowBoss","floor":55,"turns":8},{"damage":43,"enemies":"downfall:NeowBossFinal","floor":56,"turns":9}],"seed_played":"501420684817096318","potions_obtained":[{"floor":2.0,"key":"Explosive Potion"},{"floor":8.0,"key":"EntropicBrew"},{"floor":10.0,"key":"BlessingOfTheForge"},{"floor":15.0,"key":"AttackPotion"},{"floor":19.0,"key":"hexamod:SoulburnPotion"},{"floor":20.0,"key":"Block Potion"},{"floor":29,"key":"bronze:CleanCodePotion"},{"floor":30,"key":"PowerPotion"},{"floor":31,"key":"FairyPotion"},{"floor":32,"key":"Explosive Potion"},{"floor":36,"key":"SneckoOil"},{"floor":39,"key":"FairyPotion"},{"floor":49,"key":"Block Potion"},{"floor":52,"key":"BlessingOfTheForge"}],"is_trial":false,"path_per_floor":["R","M","?","?","M","E","MIM","E","M","E","R","?","R","E","M","B",null,"R","M","M","$","?","$","T","$","R","M","E","M","E","M","M","B",null,"R","M","?","M","M","?","T","?","M","E","$","?","R","E","M","B",null,"E","$","R","B","B",null],"character_chosen":"THE_AUTOMATON","items_purchased":["Potion Belt","bronze:Turbo","Omamori","bronze:SilverBullet","bronze:DelayedGuard","Ancient Tea Set","InkBottle","Swift Potion","ColorlessPotion","bronze:DelayedGuard"],"campfire_rested":1,"item_purchase_floors":[21,21,23,23,23,25,25,45,53,53],"current_hp_per_floor":[49,47,47,47,47,57,55,26,26,21,21,21,45,33,27,9,80,80,80,80,80,80,68,68,70,70,72,51,53,36,38,40,27,80,90,89,89,90,73,73,73,73,75,77,77,80,80,80,80,74,80,80,80,80,79,37],"gold":4,"neow_bonus":"RANDOM_COLORLESS_2","is_daily":false,"chose_seed":false,"campfire_upgraded":6,"win_rate":0.0,"timestamp":1613372073,"path_taken":["R","M","?","?","M","E","MIM","E","M","E","R","?","R","E","M","BOSS","R","M","?","$","?","$","T","?","R","M","E","M","E","M","M","BOSS","R","M","?","?","M","?","T","?","M","E","?","?","R","E","M","BOSS","E","$","R","BOSS","BOSS"],"items_purchased_type":["Relic","Card","Relic","Relic","Card","Relic","Relic","Potion","Potion","Card"],"build_version":"2020-12-22","purchased_purges":1,"victory":true,"max_hp_per_floor":[70,70,70,70,70,80,80,80,80,80,80,80,80,80,80,80,80,80,80,80,80,80,80,80,80,80,80,80,80,80,80,80,80,80,90,90,90,90,90,80,80,80,80,80,80,80,80,80,80,80,80,80,80,80,80,80],"card_choices":[{"not_picked":["Sadistic Nature","hubris:EnhanceAbility"],"picked":"Magnetism","floor":0.0},{"not_picked":["bronze:FineTuning","bronze:BitShift"],"picked":"bronze:Separator","floor":2.0},{"not_picked":["bronze:BronzeArmor","bronze:DelayedGuard"],"picked":"bronze:Backtrace","floor":5.0},{"not_picked":["bronze:OilSpill","bronze:Iterate"],"picked":"bronze:Fortify","floor":6.0},{"not_picked":["bronze:DelayedSlice","bronze:FineTuning"],"picked":"bronze:ChosenStrike","floor":7.0},{"not_picked":["bronze:Philosophize","bronze:FollowUp"],"picked":"bronze:WildBeam","floor":8.0},{"not_picked":["bronze:FineTuning","bronze:Shield"],"picked":"bronze:HardenedForm","floor":9.0},{"not_picked":["bronze:Refactor","bronze:CutThrough"],"picked":"bronze:Library","floor":10.0},{"not_picked":["bronze:Invalidate","bronze:OilSpill"],"picked":"bronze:DelayedSlice","floor":14.0},{"not_picked":["bronze:BitShift","bronze:Return"],"picked":"bronze:InfiniteBeams","floor":15.0},{"not_picked":["bronze:Verify","bronze:Hardcode"],"picked":"bronze:RecursiveStrike","floor":16.0},{"not_picked":["bronze:Fortify","bronze:ForLoop"],"picked":"bronze:Shell+1","floor":19.0},{"not_picked":["bronze:DelayedGuard","bronze:WhirlingStrike"],"picked":"bronze:Deprecate+1","floor":20.0},{"not_picked":["bronze:DigitalCarnage","bronze:Fortify"],"picked":"bronze:Return","floor":21.0},{"not_picked":["bronze:WildBeam","bronze:FineTuning"],"picked":"bronze:Iterate","floor":23.0},{"not_picked":["bronze:GetLatest","bronze:OilSpill"],"picked":"bronze:Turbo","floor":25.0},{"not_picked":["bronze:BitShift","bronze:BuggyMess"],"picked":"bronze:Hardcode","floor":27},{"not_picked":["bronze:OilSpill","bronze:FineTuning"],"picked":"bronze:Shield","floor":28},{"not_picked":["bronze:BitShift+1","bronze:NullPointer+1"],"picked":"bronze:Flail+1","floor":29},{"not_picked":["bronze:Invalidate","bronze:BugBarrage"],"picked":"bronze:Allocate+1","floor":30},{"not_picked":["bronze:Separator+1","bronze:CutThrough+1"],"picked":"bronze:Boost","floor":31},{"not_picked":["bronze:Return","bronze:Deprecate"],"picked":"bronze:Turbo+1","floor":32},{"not_picked":["bronze:Format","bronze:HyperBeam"],"picked":"bronze:Virus","floor":33},{"not_picked":["bronze:DelayedGuard","bronze:FineTuning+1"],"picked":"bronze:ForLoop+1","floor":36},{"not_picked":["bronze:Optimize+1","bronze:Iterate+1"],"picked":"bronze:WhirlingStrike+1","floor":38},{"not_picked":["bronze:Shield+1","bronze:Repulsor+1"],"picked":"bronze:ClassDefault+1","floor":39},{"not_picked":["bronze:WhirlingStrike","bronze:Repulsor"],"picked":"bronze:Invalidate+1","floor":43},{"not_picked":["bronze:Backtrace+1","bronze:BuggyMess+1"],"picked":"bronze:BurnOut","floor":44},{"not_picked":["bronze:Overload+1","bronze:Frontload+1"],"picked":"bronze:CutThrough+1","floor":48},{"not_picked":["bronze:DelayedSlice+1","bronze:Fortify"],"picked":"bronze:BugBarrage+1","floor":49},{"not_picked":["bronze:DarkDash","bronze:Optimize+1"],"picked":"bronze:Return+1","floor":52}],"player_experience":2238535,"relics_obtained":[{"floor":6.0,"key":"Pear"},{"floor":7.0,"key":"Centennial Puzzle"},{"floor":8.0,"key":"FossilizedHelix"},{"floor":10.0,"key":"bronze:Mallet"},{"floor":14.0,"key":"Blood Vial"},{"floor":28,"key":"HornCleat"},{"floor":30,"key":"War Paint"},{"floor":41,"key":"Letter Opener"},{"floor":44,"key":"Blue Candle"},{"floor":44,"key":"Juzu Bracelet"},{"floor":48,"key":"Akabeko"},{"floor":48,"key":"hubris:TenFootPole"},{"floor":52,"key":"Ornamental Fan"},{"floor":52,"key":"Runesmith:AutoHammer"}],"event_choices":[{"cards_removed":["bronze:Strike"],"damage_healed":0.0,"max_hp_gain":0.0,"max_hp_loss":0.0,"gold_gain":0.0,"event_name":"The Cleric","player_choice":"Card Removal","floor":3.0,"gold_loss":0.0,"damage_taken":0.0},{"cards_removed":["bronze:Defend"],"damage_healed":0.0,"max_hp_gain":0.0,"max_hp_loss":0.0,"gold_gain":0.0,"event_name":"Bonfire Elementals","player_choice":"Offered Basic","floor":12.0,"gold_loss":0.0,"damage_taken":0.0},{"damage_healed":0.0,"max_hp_gain":0.0,"max_hp_loss":0.0,"gold_gain":0.0,"event_name":"Addict","player_choice":"Stole Relic","floor":22.0,"gold_loss":0.0,"damage_taken":0.0,"relics_obtained":["Ginger"],"cards_obtained":["Pride"]},{"cards_removed":["bronze:Shield"],"damage_healed":0,"gold_gain":0,"player_choice":"Removed Skill","damage_taken":0,"max_hp_gain":0,"max_hp_loss":0,"event_name":"Falling","floor":42,"gold_loss":0}],"is_beta":false,"boss_relics":[{"not_picked":["energizedSpire:OgreHead","Empty Cage"],"picked":"Pandora\u0027s Box"},{"not_picked":["hubris:VirtuousBlindfold","hubris:BlackHole"],"picked":"Black Star"}],"items_purged_floors":[45],"is_endless":false,"potions_floor_spawned":[2,8,10,15,19,20,29,30,31,32,36,39,49,52],"ascension_level":3}}