{"host":"8is2j71l4wmybkoi","time":1613391810,"event":{"mods":["AchievementEnabler","BaseMod","Colored Map","DeckTracker","Minty Spire (QoL Compilation)","Rare Cards Sparkle","Relic Stats","StSLib","SuperFastMode"],"gold_per_floor":[114,114,130,3,3,3,30,49,49,0,0,29,29,60,60,135,135,145,145,160,177,102,102,132,151,206,206,206,206],"floor_reached":28,"language":"KOR","playtime":808,"items_purged":["Strike_R"],"score":445,"play_id":"acdc5fee-c71e-46fd-afe5-a18c57ec23aa","local_time":"20210215212330","is_ascension_mode":true,"campfire_choices":[{"data":"Flex","floor":6,"key":"SMITH"},{"data":"Sword Boomerang","floor":11,"key":"SMITH"},{"data":"Cleave","floor":15,"key":"SMITH"},{"data":"Heavy Blade","floor":23,"key":"SMITH"},{"data":"Bash","floor":27,"key":"SMITH"}],"circlet_count":0,"master_deck":["AscendersBane","Strike_R+1","Defend_R+1","Defend_R+1","Defend_R","Defend_R","Bash+1","Wild Strike","Flex+1","Disarm+1","Sword Boomerang+1","Bloodletting","Cleave+1","Reaper","Heavy Blade+1","Fire Breathing","Battle Trance+1"],"relics":["Burning Blood","Bottled Lightning","Meat on the Bone","Kunai","Mango","Vajra","Sozu","Toxic Egg 2","War Paint"],"acts_visited":["Exordium","TheCity"],"potions_floor_usage":[7,10,12,14,14],"damage_taken":[{"damage":12,"enemies":"2 Louse","floor":1,"turns":3},{"damage":3,"enemies":"Small Slimes","floor":3,"turns":3},{"damage":10,"enemies":"Gremlin Nob","floor":7,"turns":3},{"damage":10,"enemies":"Jaw Worm","floor":8,"turns":2},{"damage":34,"enemies":"3 Sentries","floor":12,"turns":10},{"damage":16,"enemies":"Lagavulin","floor":14,"turns":6},{"damage":21,"enemies":"Slime Boss","floor":16,"turns":11},{"damage":21,"enemies":"2 Thieves","floor":18,"turns":3},{"damage":7,"enemies":"3 Byrds","floor":20,"turns":5},{"damage":3,"enemies":"Centurion and Healer","floor":21,"turns":4},{"damage":62,"enemies":"Book of Stabbing","floor":24,"turns":5},{"damage":25,"enemies":"Sentry and Sphere","floor":25,"turns":4},{"damage":39,"enemies":"Slavers","floor":28,"turns":2}],"seed_played":"-8201707301206750025","potions_obtained":[{"floor":3,"key":"Swift Potion"},{"floor":8,"key":"Weak Potion"},{"floor":12,"key":"Explosive Potion"}],"is_trial":false,"path_per_floor":["M","?","M","$","?","R","E","M","T","$","R","E","?","E","R","B",null,"M","?","M","M","?","R","E","M","T","R","E"],"character_chosen":"IRONCLAD","items_purchased":["BloodPotion","Block Potion"],"campfire_rested":0,"item_purchase_floors":[4,10],"current_hp_per_floor":[62,39,42,42,42,42,38,34,34,49,49,33,21,23,23,20,72,62,62,68,78,78,78,41,39,39,39,0,0],"gold":206,"neow_bonus":"REMOVE_CARD","is_daily":false,"chose_seed":false,"campfire_upgraded":5,"win_rate":0.0,"timestamp":1613391810,"path_taken":["M","?","M","$","?","R","E","M","T","?","R","E","?","E","R","BOSS","M","?","?","M","?","R","E","M","T","R","E"],"items_purchased_type":["Potion","Potion"],"build_version":"2020-12-22","purchased_purges":1,"victory":false,"max_hp_per_floor":[75,75,75,75,75,75,75,75,75,75,75,75,89,89,89,89,89,89,89,89,89,89,89,89,89,89,89,89,89],"relic_stats":{"Sozu":2,"counters":[13,61],"Kunai":[10],"War Paint":["Defend_R","Disarm"],"obtain_stats":[{"Sozu":17,"Vajra":14,"Mango":13,"Bottled Lightning":7,"Kunai":12,"Toxic Egg 2":24,"War Paint":26,"Burning Blood":0,"Meat on the Bone":9},{"Sozu":7,"Vajra":6,"Mango":5,"Bottled Lightning":3,"Kunai":5,"Toxic Egg 2":11,"War Paint":12,"Burning Blood":0,"Meat on the Bone":4},{"Sozu":38,"Vajra":27,"Mango":21,"Bottled Lightning":9,"Kunai":21,"Toxic Egg 2":55,"War Paint":59,"Burning Blood":0,"Meat on the Bone":11}],"Burning Blood":72,"Meat on the Bone":60},"card_choices":[{"not_picked":["Sentinel","Headbutt"],"picked":"Wild Strike","floor":1},{"not_picked":["Havoc","Armaments"],"picked":"Flex","floor":3},{"not_picked":["Twin Strike","Sentinel"],"picked":"Disarm","floor":7},{"not_picked":["Twin Strike","Thunderclap"],"picked":"Sword Boomerang","floor":8},{"not_picked":["True Grit","Sword Boomerang"],"picked":"Bloodletting","floor":12},{"not_picked":["Body Slam","Flex"],"picked":"Cleave","floor":14},{"not_picked":["Berserk","Fiend Fire"],"picked":"Reaper","floor":16},{"not_picked":["Disarm","Iron Wave","Body Slam"],"picked":"SKIP","floor":18},{"not_picked":["Havoc","Wild Strike","Heavy Blade"],"picked":"SKIP","floor":20},{"not_picked":["Havoc","Wild Strike"],"picked":"Heavy Blade","floor":20},{"not_picked":["Infernal Blade","Wild Strike","Sentinel"],"picked":"SKIP","floor":21},{"not_picked":["Reaper","Bludgeon"],"picked":"Fire Breathing","floor":24},{"not_picked":["Fire Breathing+1","Armaments+1"],"picked":"Battle Trance+1","floor":25}],"player_experience":1221761,"relics_obtained":[{"floor":7,"key":"Bottled Lightning"},{"floor":9,"key":"Meat on the Bone"},{"floor":12,"key":"Kunai"},{"floor":14,"key":"Vajra"},{"floor":24,"key":"Toxic Egg 2"},{"floor":26,"key":"War Paint"}],"event_choices":[{"damage_healed":0,"gold_gain":0,"player_choice":"Entered Light","damage_taken":23,"max_hp_gain":0,"max_hp_loss":0,"event_name":"Shining Light","floor":2,"gold_loss":0,"cards_upgraded":["Defend_R","Strike_R"]},{"damage_healed":0,"gold_gain":0,"player_choice":"Ignored","damage_taken":0,"max_hp_gain":0,"max_hp_loss":0,"event_name":"Liars Game","floor":5,"gold_loss":0},{"damage_healed":0,"gold_gain":0,"player_choice":"Success","damage_taken":26,"relics_obtained":["Mango"],"max_hp_gain":0,"max_hp_loss":0,"event_name":"Scrap Ooze","floor":13,"gold_loss":0},{"cards_removed":["Strike_R"],"damage_healed":0,"gold_gain":0,"player_choice":"Purged","damage_taken":0,"max_hp_gain":0,"max_hp_loss":0,"event_name":"Purifier","floor":19,"gold_loss":0},{"cards_removed":["Strike_R"],"damage_healed":0,"gold_gain":0,"player_choice":"Gave Gold","damage_taken":0,"max_hp_gain":0,"max_hp_loss":0,"event_name":"Beggar","floor":22,"gold_loss":75}],"is_beta":false,"boss_relics":[{"not_picked":["Philosopher\u0027s Stone","Tiny House"],"picked":"Sozu"}],"items_purged_floors":[4],"is_endless":false,"potions_floor_spawned":[3,8,12,18,21],"killed_by":"Slavers","ascension_level":15}}