{"host":"Tuck","time":1613418343,"event":{"mods":["BaseMod","Minty Spire (QoL Compilation)","StSLib"],"gold_per_floor":[6114,5679,5754,5754,5773,5808,5826,5826,5826,5844,5879,5879,5922,5936,5936,6055,6055,6078,6078,6097,6097,6097,6128,6159,6172,6172,6172,6205,6221,6251,6251,6251,6355,6355,6373,6383,6433,6446,5677,5706,4936,4967,4992,5009,5038,5038,5038,5065,5065,5065,5065,5065,4367,4393,4393],"floor_reached":56,"language":"ENG","playtime":6406,"items_purged":[],"score":1777,"play_id":"3006cfec-5a56-4302-8224-dd06398e8258","local_time":"20210215124543","is_ascension_mode":true,"campfire_choices":[{"data":"Go for the Eyes","floor":8.0,"key":"SMITH"},{"data":"Chaos","floor":15,"key":"SMITH"},{"data":"Loop","floor":27,"key":"SMITH"},{"data":"Heatsinks","floor":32,"key":"SMITH"},{"data":"Defragment","floor":46,"key":"SMITH"},{"floor":49,"key":"RECALL"},{"data":"Recycle","floor":52,"key":"SMITH"}],"circlet_count":0,"master_deck":["Rainbow+1","Sweeping Beam+1","Aggregate","Chaos+1","Barrage","Hologram","Meteor Strike+1","Stack+1","Echo Form+1","Coolheaded+1","Hologram+1","Self Repair","Conserve Battery","BootSequence","Go for the Eyes+1","Cold Snap+1","All For One","Conserve Battery+1","Echo Form","Double Energy+1","Loop+1","Force Field+1","Glacier","Echo Form","Capacitor","Heatsinks+1","Meteor Strike","Recycle+1","Defragment+1","Chill","White Noise","Loop","Creative AI","Defragment+1","Madness","Madness","Coolheaded+1"],"relics":["Astrolabe","Oddly Smooth Stone","Medical Kit","Bloody Idol","Bird Faced Urn","Eternal Feather","Blue Candle","WingedGreaves","Coffee Dripper","WarpedTongs","Nilry\u0027s Codex","Toy Ornithopter","Emotion Chip","Sundial","Bag of Marbles","War Paint","Sozu","Gambling Chip","Matryoshka","Toolbox","Blood Vial","Du-Vu Doll","FossilizedHelix","Pantograph","ClockworkSouvenir","Happy Flower","Bag of Preparation","Lizard Tail","Bottled Flame","Ice Cream","Mummified Hand","Strange Spoon","OrangePellets","DataDisk"],"acts_visited":["Exordium","TheCity","TheBeyond","TheEnding"],"potions_floor_usage":[55,55,55],"damage_taken":[{"damage":0.0,"enemies":"Jaw Worm","floor":1.0,"turns":1.0},{"damage":0.0,"enemies":"2 Louse","floor":5.0,"turns":2.0},{"damage":1.0,"enemies":"3 Sentries","floor":6.0,"turns":7.0},{"damage":0.0,"enemies":"Small Slimes","floor":7.0,"turns":4.0},{"damage":0.0,"enemies":"Blue Slaver","floor":10.0,"turns":5.0},{"damage":21.0,"enemies":"Gremlin Nob","floor":11.0,"turns":5.0},{"damage":0,"enemies":"Lagavulin","floor":13,"turns":7},{"damage":3,"enemies":"Looter","floor":14,"turns":4},{"damage":18,"enemies":"The Guardian","floor":16,"turns":12},{"damage":6,"enemies":"Spheric Guardian","floor":18,"turns":4},{"damage":0,"enemies":"2 Thieves","floor":20,"turns":4},{"damage":0,"enemies":"Book of Stabbing","floor":23,"turns":4},{"damage":25,"enemies":"Slavers","floor":24,"turns":6},{"damage":1,"enemies":"Centurion and Healer","floor":25,"turns":7},{"damage":1,"enemies":"Book of Stabbing","floor":28,"turns":6},{"damage":0,"enemies":"Snake Plant","floor":29,"turns":4},{"damage":27,"enemies":"Gremlin Leader","floor":30,"turns":7},{"damage":6,"enemies":"Collector","floor":33,"turns":9},{"damage":11,"enemies":"3 Darklings","floor":35,"turns":5},{"damage":7,"enemies":"Orb Walker","floor":36,"turns":3},{"damage":0,"enemies":"Mind Bloom Boss Battle","floor":37,"turns":5},{"damage":49,"enemies":"4 Shapes","floor":38,"turns":10},{"damage":0,"enemies":"Nemesis","floor":40,"turns":7},{"damage":0,"enemies":"Giant Head","floor":42,"turns":5},{"damage":0,"enemies":"3 Darklings","floor":44,"turns":4},{"damage":0,"enemies":"Nemesis","floor":45,"turns":7},{"damage":0,"enemies":"Giant Head","floor":48,"turns":4},{"damage":4,"enemies":"Time Eater","floor":50,"turns":19},{"damage":0,"enemies":"Shield and Spear","floor":54,"turns":5},{"damage":0,"enemies":"The Heart","floor":55,"turns":7}],"seed_played":"879290049017570525","potions_obtained":[{"floor":6.0,"key":"FocusPotion"},{"floor":11.0,"key":"Energy Potion"},{"floor":13,"key":"SkillPotion"},{"floor":14,"key":"FocusPotion"}],"is_trial":false,"path_per_floor":["M","$","?","?","M","E","M","R","T","M","E","?","E","M","R","B",null,"M","?","M","?","?","E","E","M","T","R","E","M","E","?","R","B",null,"M","M","?","M","$","E","$","E","T","M","E","R","?","E","R","B",null,"R","$","E","B",null],"character_chosen":"DEFECT","items_purchased":["Oddly Smooth Stone","Medical Kit","Hologram","Self Repair","Defragment","Chill","White Noise","Matryoshka","Toolbox","Blood Vial","FossilizedHelix","Pantograph","ClockworkSouvenir","Loop","Ice Cream","Mummified Hand","Strange Spoon"],"campfire_rested":0,"item_purchase_floors":[2,2,2,2,39,39,39,39,39,39,41,41,41,41,53,53,53],"current_hp_per_floor":[75,75,64,46,60,66,68,68,68,75,72,57,75,75,75,75,75,75,75,75,59,59,75,75,75,75,75,75,75,75,75,75,75,75,75,73,75,75,75,75,75,75,75,75,75,75,66,75,75,75,75,75,75,75,75],"gold":4393,"neow_bonus":"BOSS_RELIC","is_daily":false,"chose_seed":false,"campfire_upgraded":6,"win_rate":0.0,"timestamp":1613418343,"path_taken":["M","$","?","?","M","E","M","R","T","M","E","?","E","?","R","BOSS","M","?","M","?","?","E","E","?","T","R","E","M","E","?","R","BOSS","M","M","?","M","$","E","$","E","T","M","E","R","?","E","R","BOSS","R","$","E","BOSS"],"items_purchased_type":["Relic","Relic","Card","Card","Card","Card","Card","Relic","Relic","Relic","Relic","Relic","Relic","Card","Relic","Relic","Relic"],"build_version":"2020-12-18","purchased_purges":0,"victory":true,"max_hp_per_floor":[75,75,75,75,75,75,75,75,75,75,75,75,75,75,75,75,75,75,75,75,75,75,75,75,75,75,75,75,75,75,75,75,75,75,75,75,75,75,75,75,75,75,75,75,75,75,75,75,75,75,75,75,75,75,75],"card_choices":[{"not_picked":["Sweeping Beam","Tempest","Reprogram"],"picked":"SKIP","floor":1.0},{"not_picked":["Gash","Steam"],"picked":"Conserve Battery","floor":5.0},{"not_picked":["Gash","Rainbow"],"picked":"BootSequence","floor":6.0},{"not_picked":["Gash","Leap"],"picked":"Go for the Eyes","floor":7.0},{"not_picked":["Gash","Rebound"],"picked":"Cold Snap","floor":10.0},{"not_picked":["Steam Power","Force Field"],"picked":"All For One","floor":11.0},{"not_picked":["Lockon","Rip and Tear"],"picked":"Conserve Battery","floor":13},{"not_picked":["Ball Lightning","Conserve Battery","Hologram"],"picked":"SKIP","floor":14},{"not_picked":["Ball Lightning","Conserve Battery","Hologram"],"picked":"SKIP","floor":14},{"not_picked":["Hyperbeam","Electrodynamics"],"picked":"Echo Form","floor":16},{"not_picked":["Compile Driver+1","Ball Lightning+1"],"picked":"Double Energy","floor":18},{"not_picked":["Sweeping Beam+1","Leap","Hologram+1"],"picked":"SKIP","floor":20},{"not_picked":["Sweeping Beam","Leap"],"picked":"Loop","floor":23},{"not_picked":["Streamline+1","Barrage+1"],"picked":"Force Field","floor":24},{"not_picked":["Stack","Steam"],"picked":"Glacier","floor":25},{"not_picked":["Scrape","Skim"],"picked":"Echo Form","floor":28},{"not_picked":["Turbo","Steam"],"picked":"Capacitor","floor":29},{"not_picked":["Doom and Gloom","Gash","Reinforced Body"],"picked":"SKIP","floor":30},{"not_picked":["Buffer","Biased Cognition"],"picked":"Meteor Strike","floor":33},{"not_picked":["Undo+1","Stack+1","Reinforced Body+1"],"picked":"SKIP","floor":35},{"not_picked":["Conserve Battery+1","Stack+1","Leap"],"picked":"SKIP","floor":36},{"not_picked":["Rebound","Turbo"],"picked":"Recycle","floor":37},{"not_picked":["Leap+1","Rebound+1","Auto Shields"],"picked":"SKIP","floor":38},{"not_picked":["Redo","Cold Snap+1","Turbo"],"picked":"SKIP","floor":40},{"not_picked":["Ball Lightning+1","Streamline+1","Glacier+1"],"picked":"SKIP","floor":42},{"not_picked":["Reprogram","Steam"],"picked":"Creative AI","floor":44},{"not_picked":["Conserve Battery","Go for the Eyes+1"],"picked":"Defragment+1","floor":45},{"not_picked":["Ball Lightning+1","Rebound","Storm"],"picked":"SKIP","floor":48},{"not_picked":["Streamline+1","Go for the Eyes+1"],"picked":"Coolheaded+1","floor":54}],"player_experience":2407434,"relics_obtained":[{"floor":6.0,"key":"Bird Faced Urn"},{"floor":9.0,"key":"Eternal Feather"},{"floor":11.0,"key":"Blue Candle"},{"floor":13,"key":"WingedGreaves"},{"floor":21,"key":"Nilry\u0027s Codex"},{"floor":23,"key":"Toy Ornithopter"},{"floor":24,"key":"Emotion Chip"},{"floor":26,"key":"Sundial"},{"floor":28,"key":"Bag of Marbles"},{"floor":30,"key":"War Paint"},{"floor":37,"key":"Gambling Chip"},{"floor":40,"key":"Du-Vu Doll"},{"floor":42,"key":"Happy Flower"},{"floor":43,"key":"Bag of Preparation"},{"floor":45,"key":"Lizard Tail"},{"floor":48,"key":"Bottled Flame"},{"floor":54,"key":"DataDisk"}],"event_choices":[{"damage_healed":0.0,"max_hp_gain":0.0,"max_hp_loss":0.0,"gold_gain":75.0,"event_name":"World of Goop","player_choice":"Gather Gold","floor":3.0,"gold_loss":0.0,"damage_taken":11.0},{"damage_healed":0.0,"max_hp_gain":0.0,"max_hp_loss":0.0,"gold_gain":0.0,"event_name":"Golden Idol","player_choice":"Take Damage","floor":4.0,"gold_loss":0.0,"damage_taken":18.0,"relics_obtained":["Golden Idol"]},{"damage_healed":0.0,"max_hp_gain":0.0,"max_hp_loss":0.0,"gold_gain":0.0,"event_name":"Shining Light","player_choice":"Entered Light","floor":12.0,"gold_loss":0.0,"damage_taken":15.0,"cards_upgraded":["Cold Snap","Hologram"]},{"damage_healed":0,"gold_gain":0,"player_choice":"Gave Idol","damage_taken":0,"relics_obtained":["Bloody Idol"],"max_hp_gain":0,"max_hp_loss":0,"event_name":"Forgotten Altar","floor":19,"relics_lost":["Golden Idol"],"gold_loss":0},{"damage_healed":0,"gold_gain":0,"player_choice":"Obtained Book","damage_taken":16,"max_hp_gain":0,"max_hp_loss":0,"event_name":"Cursed Tome","floor":21,"gold_loss":0},{"damage_healed":0,"gold_gain":0,"player_choice":"Upgraded","damage_taken":0,"max_hp_gain":0,"max_hp_loss":0,"event_name":"Upgrade Shrine","floor":22,"gold_loss":0,"cards_upgraded":["Double Energy"]},{"damage_healed":0,"gold_gain":0,"player_choice":"Read","damage_taken":0,"max_hp_gain":0,"max_hp_loss":0,"event_name":"The Library","floor":31,"gold_loss":0,"cards_obtained":["Heatsinks"]},{"damage_healed":0,"gold_gain":0,"player_choice":"Fight","damage_taken":0,"max_hp_gain":0,"max_hp_loss":0,"event_name":"MindBloom","floor":37,"gold_loss":0},{"damage_healed":0,"gold_gain":0,"player_choice":"Embrace Madness","damage_taken":9,"max_hp_gain":0,"max_hp_loss":0,"event_name":"Winding Halls","floor":47,"gold_loss":0,"cards_obtained":["Madness","Madness"]}],"is_beta":true,"boss_relics":[{"not_picked":["Pandora\u0027s Box","Fusion Hammer"],"picked":"Coffee Dripper"},{"not_picked":["Black Star","Astrolabe"],"picked":"Sozu"}],"items_purged_floors":[],"is_endless":false,"potions_floor_spawned":[6,11,13,14,16,24,25,29,33,36,38,42,44],"ascension_level":1}}