{"host":"dl909bjyolgrn2uw","time":1613353080,"event":{"mods":["2.2 Compatiblity","BaseMod","Bestiary","Better Altar","Better Note","Better Sensory Stone","Better Skull","Better Third Choice","Better Vampires","Better-Laid Plans","BetterRewards","Colored Powertips","Curses Come First","Disable Question Mark Monsters","Displayed Cursed Tome","Emptier Cage","Minty Spire (QoL Compilation)","Morshu Shopkeeper","Permanent Neow","Rare Cards Sparkle","Relic Stats","Shop Mod","Spicy Shops","StSLib","SuperFastMode","Transform Curses"],"gold_per_floor":[118,67,85,105,105,105,140,150,173,199,223,236,55,55,55,130,130,70,70,70,15,15,15,15,15,15,15,15,15,15,15,15,15,15,15,15,0,0,0,0,0,0,0,0,0,0,0,0,0,0],"floor_reached":51,"language":"ENG","playtime":3877,"items_purged":["Strike_B"],"score":1260,"play_id":"aba16d97-45e1-4598-bc2e-9a63ef0ce4fb","local_time":"20210214193800","is_ascension_mode":true,"campfire_choices":[{"data":"Lockon","floor":6.0,"key":"SMITH"},{"data":"Defragment","floor":15,"key":"SMITH"},{"data":"Conserve Battery","floor":23,"key":"SMITH"},{"floor":28,"key":"REST"},{"floor":32,"key":"REST"},{"data":"Buffer","floor":40,"key":"SMITH"},{"data":"Consume","floor":46,"key":"SMITH"},{"floor":49,"key":"REST"}],"circlet_count":0,"master_deck":["AscendersBane","Defend_B","Defend_B","Defend_B","Defend_B","Zap","Dualcast","Lockon+1","Streamline+1","Leap","Defragment+1","Sweeping Beam","Coolheaded","Ball Lightning","Doom and Gloom","Conserve Battery+1","Echo Form","Conserve Battery","Echo Form","RitualDagger","Capacitor+1","Skim","Conserve Battery","Undo","Leap","Tempest","Buffer+1","CurseOfTheBell","Glacier","Coolheaded","Consume+1","Defragment+1"],"relics":["Snecko Eye","Regal Pillow","Smiling Mask","Juzu Bracelet","Odd Mushroom","Ectoplasm","Orichalcum","Symbiotic Virus","Ice Cream","Shuriken","Calling Bell","Happy Flower","Matryoshka","Dead Branch","Red Mask","Pear","White Beast Statue","Art of War"],"acts_visited":["Exordium","TheCity","TheBeyond"],"potions_floor_usage":[7,16,27,30,30,47,50],"damage_taken":[{"damage":1.0,"enemies":"Cultist","floor":1.0,"turns":4.0},{"damage":4.0,"enemies":"2 Louse","floor":3.0,"turns":3.0},{"damage":2.0,"enemies":"Jaw Worm","floor":4.0,"turns":2.0},{"damage":10,"enemies":"Gremlin Nob","floor":7,"turns":3},{"damage":0,"enemies":"Large Slime","floor":8,"turns":4},{"damage":25,"enemies":"Lagavulin","floor":10,"turns":5},{"damage":0,"enemies":"The Mushroom Lair","floor":11,"turns":3},{"damage":0,"enemies":"Looter","floor":12,"turns":3},{"damage":0,"enemies":"Slime Boss","floor":16,"turns":5},{"damage":21,"enemies":"2 Thieves","floor":18,"turns":4},{"damage":4,"enemies":"Spheric Guardian","floor":19,"turns":3},{"damage":1,"enemies":"Snecko","floor":22,"turns":4},{"damage":18,"enemies":"Snake Plant","floor":25,"turns":5},{"damage":5,"enemies":"Centurion and Healer","floor":27,"turns":5},{"damage":2,"enemies":"Colosseum Slavers","floor":30,"turns":4},{"damage":38,"enemies":"Colosseum Nobs","floor":30,"turns":4},{"damage":5,"enemies":"Shelled Parasite and Fungi","floor":31,"turns":4},{"damage":7,"enemies":"Champ","floor":33,"turns":8},{"damage":18,"enemies":"3 Shapes","floor":35,"turns":3},{"damage":0,"enemies":"Orb Walker","floor":36,"turns":3},{"damage":0,"enemies":"Writhing Mass","floor":38,"turns":19},{"damage":15,"enemies":"4 Shapes","floor":39,"turns":5},{"damage":0,"enemies":"Spire Growth","floor":42,"turns":4},{"damage":0,"enemies":"Reptomancer","floor":45,"turns":5},{"damage":5,"enemies":"Maw","floor":47,"turns":8},{"damage":0,"enemies":"4 Shapes","floor":48,"turns":5},{"damage":22,"enemies":"Awakened One","floor":50,"turns":31}],"seed_played":"-576482047098004392","potions_obtained":[{"floor":1.0,"key":"DistilledChaos"},{"floor":3.0,"key":"SmokeBomb"},{"floor":10,"key":"EssenceOfDarkness"},{"floor":12,"key":"Ancient Potion"},{"floor":18,"key":"AttackPotion"},{"floor":22,"key":"Dexterity Potion"},{"floor":27,"key":"Energy Potion"},{"floor":31,"key":"SteroidPotion"},{"floor":38,"key":"FearPotion"},{"floor":42,"key":"SpeedPotion"},{"floor":47,"key":"LiquidMemories"}],"is_trial":false,"path_per_floor":["M","$","M","M","?","R","E","M","T","E","?","M","$","?","R","B",null,"M","M","?","?","M","R","?","M","T","M","R","$","?","M","R","B",null,"M","M","?","M","M","R","?","M","T","?","E","R","M","M","R","B",null],"character_chosen":"DEFECT","items_purchased":["FearPotion","Doom and Gloom","Conserve Battery"],"campfire_rested":3,"item_purchase_floors":[2,13,13],"current_hp_per_floor":[63,63,59,57,57,57,47,47,47,22,22,22,22,45,45,45,65,44,40,34,34,33,33,33,15,15,10,46,46,6,1,37,30,61,43,43,43,43,28,28,28,28,38,38,38,38,33,33,72,50],"gold":0,"neow_bonus":"BOSS_RELIC","is_daily":false,"chose_seed":false,"campfire_upgraded":5,"win_rate":0.0,"timestamp":1613353080,"path_taken":["M","$","M","M","?","R","E","?","T","E","?","M","?","?","R","BOSS","M","M","?","?","M","R","?","M","T","M","R","$","?","M","R","BOSS","M","M","?","M","M","R","?","M","T","?","E","R","M","M","R","BOSS"],"items_purchased_type":["Potion","Card","Card"],"build_version":"2020-12-22","purchased_purges":1,"victory":true,"max_hp_per_floor":[71,71,71,71,71,71,71,71,71,71,71,71,71,71,71,71,71,71,71,71,71,71,71,71,71,71,71,71,71,71,71,71,71,71,71,71,71,71,71,71,71,71,81,81,81,81,81,81,81,81],"relic_stats":{"Regal Pillow":45,"Happy Flower":[27],"counters":[27,156],"Shuriken":[8],"Dead Branch":[28],"Snecko Eye":[275,245,293,298],"Ectoplasm":451,"Juzu Bracelet":1,"Art of War":[28],"Orichalcum":[234],"Smiling Mask":25,"obtain_stats":[{"Ice Cream":30,"Regal Pillow":7,"Pear":43,"Happy Flower":34,"Dead Branch":34,"Juzu Bracelet":10,"Odd Mushroom":11,"Orichalcum":21,"Smiling Mask":9,"White Beast Statue":43,"Calling Bell":34,"Matryoshka":34,"Shuriken":30,"Snecko Eye":0,"Ectoplasm":17,"Red Mask":37,"Art of War":45,"Cracked Core":0,"Symbiotic Virus":26},{"Ice Cream":16,"Regal Pillow":4,"Pear":23,"Happy Flower":18,"Dead Branch":18,"Juzu Bracelet":6,"Odd Mushroom":7,"Orichalcum":11,"Smiling Mask":5,"White Beast Statue":23,"Calling Bell":18,"Matryoshka":18,"Shuriken":16,"Snecko Eye":0,"Ectoplasm":9,"Red Mask":20,"Art of War":24,"Cracked Core":0,"Symbiotic Virus":13},{"Ice Cream":61,"Regal Pillow":12,"Pear":107,"Happy Flower":73,"Dead Branch":73,"Juzu Bracelet":21,"Odd Mushroom":24,"Orichalcum":39,"Smiling Mask":16,"White Beast Statue":107,"Calling Bell":73,"Matryoshka":73,"Shuriken":61,"Snecko Eye":0,"Ectoplasm":32,"Red Mask":79,"Art of War":112,"Cracked Core":0,"Symbiotic Virus":48}]},"card_choices":[{"not_picked":["Darkness","Coolheaded"],"picked":"Lockon","floor":1.0},{"not_picked":["Gash","Sweeping Beam"],"picked":"Streamline","floor":3.0},{"not_picked":["Beam Cell","Go for the Eyes"],"picked":"Leap","floor":4.0},{"not_picked":["Ball Lightning","Stack"],"picked":"Defragment","floor":7},{"not_picked":["Chaos","Reboot"],"picked":"Sweeping Beam","floor":8},{"not_picked":["Beam Cell","Tempest"],"picked":"Coolheaded","floor":10},{"not_picked":["Leap","Coolheaded"],"picked":"Ball Lightning","floor":12},{"not_picked":["Seek","Thunder Strike"],"picked":"Echo Form","floor":16},{"not_picked":["Turbo","Go for the Eyes"],"picked":"Conserve Battery","floor":18},{"not_picked":["Streamline","Leap"],"picked":"Echo Form","floor":19},{"not_picked":["Barrage","Compile Driver"],"picked":"Capacitor+1","floor":22},{"not_picked":["Sweeping Beam","Leap"],"picked":"Undo","floor":25},{"not_picked":["Gash","Stack"],"picked":"Leap","floor":27},{"not_picked":["Blizzard","Double Energy"],"picked":"Tempest","floor":30},{"not_picked":["Streamline","Rebound","Barrage"],"picked":"SKIP","floor":31},{"not_picked":["Echo Form","Reboot"],"picked":"Buffer","floor":33},{"not_picked":["Reinforced Body","Compile Driver"],"picked":"Glacier","floor":35},{"not_picked":["Redo","Ball Lightning","Leap"],"picked":"SKIP","floor":36},{"not_picked":["Beam Cell","Genetic Algorithm+1"],"picked":"Coolheaded","floor":38},{"not_picked":["Conserve Battery","Sweeping Beam","Reprogram"],"picked":"SKIP","floor":39},{"not_picked":["Redo+1","Sweeping Beam"],"picked":"Consume","floor":42},{"not_picked":["Coolheaded+1","Double Energy+1"],"picked":"Defragment+1","floor":45},{"not_picked":["Gash","Sweeping Beam","Consume+1"],"picked":"SKIP","floor":47},{"not_picked":["FTL","Compile Driver","Consume+1"],"picked":"SKIP","floor":48}],"player_experience":426488,"relics_obtained":[{"floor":7,"key":"Regal Pillow"},{"floor":9,"key":"Smiling Mask"},{"floor":10,"key":"Juzu Bracelet"},{"floor":11,"key":"Odd Mushroom"},{"floor":26,"key":"Symbiotic Virus"},{"floor":30,"key":"Ice Cream"},{"floor":30,"key":"Shuriken"},{"floor":34,"key":"Happy Flower"},{"floor":34,"key":"Matryoshka"},{"floor":34,"key":"Dead Branch"},{"floor":43,"key":"Pear"},{"floor":43,"key":"White Beast Statue"},{"floor":45,"key":"Art of War"}],"event_choices":[{"damage_healed":0.0,"max_hp_gain":0.0,"max_hp_loss":0.0,"gold_gain":0.0,"event_name":"Accursed Blacksmith","player_choice":"Forge","floor":5.0,"gold_loss":0.0,"damage_taken":0.0,"cards_upgraded":["Streamline"]},{"damage_healed":0,"gold_gain":0,"player_choice":"Fought Mushrooms","damage_taken":0,"max_hp_gain":0,"max_hp_loss":0,"event_name":"Mushrooms","floor":11,"gold_loss":0},{"damage_healed":23,"gold_gain":0,"player_choice":"Banana","damage_taken":0,"max_hp_gain":0,"max_hp_loss":0,"event_name":"Big Fish","floor":14,"gold_loss":0},{"damage_healed":0,"gold_gain":0,"player_choice":"Dagger","damage_taken":6,"max_hp_gain":0,"max_hp_loss":0,"event_name":"betterThird:BetterNest","floor":20,"gold_loss":0,"cards_obtained":["RitualDagger"]},{"damage_healed":0,"gold_gain":0,"player_choice":"Paid Gold","damage_taken":0,"relics_obtained":["Orichalcum"],"max_hp_gain":0,"max_hp_loss":0,"event_name":"WeMeetAgain","floor":21,"gold_loss":55},{"damage_healed":0,"gold_gain":0,"cards_transformed":["Strike_B","Strike_B"],"player_choice":"Became Test Subject","damage_taken":0,"max_hp_gain":0,"max_hp_loss":0,"event_name":"Drug Dealer","floor":24,"gold_loss":0,"cards_obtained":["Skim","Conserve Battery"]},{"damage_healed":0,"gold_gain":0,"player_choice":"Fight","damage_taken":0,"max_hp_gain":0,"max_hp_loss":0,"event_name":"Colosseum","floor":30,"gold_loss":0},{"damage_healed":0,"gold_gain":0,"player_choice":"Fought Nobs","damage_taken":0,"max_hp_gain":0,"max_hp_loss":0,"event_name":"Colosseum","floor":30,"gold_loss":0},{"damage_healed":0,"gold_gain":0,"player_choice":"Paid","damage_taken":0,"relics_obtained":["Red Mask"],"max_hp_gain":0,"max_hp_loss":0,"event_name":"Tomb of Lord Red Mask","floor":37,"gold_loss":15},{"damage_healed":0,"gold_gain":3,"player_choice":"1","damage_taken":0,"max_hp_gain":0,"max_hp_loss":0,"event_name":"betterStone:BetterStone","floor":41,"gold_loss":0},{"cards_removed":["Strike_B"],"damage_healed":0,"gold_gain":0,"player_choice":"Purged","damage_taken":0,"max_hp_gain":0,"max_hp_loss":0,"event_name":"Purifier","floor":44,"gold_loss":0}],"is_beta":false,"boss_relics":[{"not_picked":["Runic Pyramid","SlaversCollar"],"picked":"Ectoplasm"},{"not_picked":["Inserter","Velvet Choker"],"picked":"Calling Bell"}],"items_purged_floors":[13],"is_endless":false,"potions_floor_spawned":[1,3,10,12,18,22,27,31,38,42,45,47,48],"ascension_level":14}}