{"host":"rwzz6mk6bpmb57ql","time":1613431152,"event":{"mods":["AchievementEnabler","BaseMod","Better Third Choice","BetterRewards","Colored Map","Highlight Path","Hubris","Infinite Spire","Minty Spire (QoL Compilation)","Replay The Spire","StSLib","Wandering Minibosses"],"gold_per_floor":[5610,5621,5640,5657,5146,5146,5156,5156,5156,5191,4610,4628,4628,4607,4607,4708,4708,4723,4826,4837,4949,4949,4949,4650,4668,4668,4668,4682,3951,3976,3976,3976],"floor_reached":31,"language":"ENG","playtime":1519,"items_purged":["Strike_B","Defend_B","Delirium","Shame","CommonCold"],"score":419,"play_id":"4debe22a-6c61-4617-b253-23ca0712a03a","local_time":"20210215171912","is_ascension_mode":true,"campfire_choices":[{"floor":6,"key":"RECALL"},{"data":"Dualcast","floor":8,"key":"SMITH"},{"data":"Capacitor","floor":15,"key":"SMITH"},{"data":"hubris:Fate","floor":23,"key":"SMITH"}],"circlet_count":0,"master_deck":["Strike_B+1","Strike_B+1","Defend_B","Defend_B","Defend_B","Zap","Dualcast+1","Conserve Battery","Coolheaded","Creative AI","Mirror Shield","Capacitor+1","Multi-Cast","Loop+1","Chaos+1","hubris:Fate+1","infinitespire:NeuralNetwork","White Noise","Loop","hubris:Fate+1"],"relics":["Cracked Core","hubris:EmptyBottle","Whetstone","Boot","Bronze Scales","Sling","hubris:OldNail","hubris:Icosahedron","ReplayTheSpireMod:Ninjato","Replay:Ancient Bell","Smiling Mask","Replay:Bottled Snecko","Ginger","Prayer Wheel","hubris:SlimyHat","hubris:RGBLights","Symbiotic Virus","Emotion Chip","infinitespire:PuzzleCube","DollysMirror","Du-Vu Doll"],"acts_visited":["Exordium","TheCity"],"potions_floor_usage":[10,10,14,16,16,21,28,30,30,30,30],"damage_taken":[{"damage":2,"enemies":"Jaw Worm","floor":1,"turns":3},{"damage":13,"enemies":"Small Slimes","floor":2,"turns":4},{"damage":2,"enemies":"Cultist","floor":3,"turns":6},{"damage":3,"enemies":"Exordium Thugs","floor":4,"turns":5},{"damage":18,"enemies":"Lots of Slimes","floor":7,"turns":5},{"damage":23,"enemies":"3 Sentries","floor":10,"turns":6},{"damage":13,"enemies":"Exordium Wildlife","floor":12,"turns":5},{"damage":11,"enemies":"Replay:BlueRogue","floor":14,"turns":4},{"damage":23,"enemies":"Hexaghost","floor":16,"turns":11},{"damage":17,"enemies":"Spheric Guardian","floor":18,"turns":8},{"damage":29,"enemies":"Shell Parasite","floor":20,"turns":6},{"damage":32,"enemies":"Snake Plant","floor":21,"turns":4},{"damage":51,"enemies":"Centurion and Healer","floor":25,"turns":4},{"damage":36,"enemies":"Shelled Parasite and Fungi","floor":28,"turns":5},{"damage":55,"enemies":"Nightmare","floor":30,"turns":5},{"damage":20,"enemies":"Snake Plant","floor":31,"turns":2}],"seed_played":"-6266699663113948547","potions_obtained":[{"floor":1,"key":"FocusPotion"},{"floor":7,"key":"Dexterity Potion"},{"floor":12,"key":"Explosive Potion"},{"floor":16,"key":"Venom Potion"},{"floor":21,"key":"Fire Potion"},{"floor":28,"key":"Dexterity Potion"},{"floor":30,"key":"Dexterity Potion"}],"is_trial":false,"path_per_floor":["M","M","M","M","$","R","M","R","T","E","$","M","?","E","R","B",null,"M","?","M","M","AVR","R","$","M","T","?","M","$","NM","M"],"character_chosen":"DEFECT","items_purchased":["hubris:EmptyBottle","Whetstone","Boot","Sling","hubris:OldNail","Mirror Shield","FocusPotion","hubris:RGBLights","Emotion Chip","infinitespire:PuzzleCube","Loop","DollysMirror"],"campfire_rested":0,"item_purchase_floors":[5,5,5,11,11,11,11,24,29,29,29,29],"current_hp_per_floor":[143,130,128,125,125,125,107,107,107,84,84,71,71,60,60,37,145,128,92,63,31,31,31,31,95,95,95,120,120,65,60,60],"gold":3976,"neow_bonus":"REMOVE_CARD","is_daily":false,"chose_seed":false,"campfire_upgraded":3,"win_rate":0.0,"timestamp":1613431152,"path_taken":["M","M","M","M","$","R","M","R","T","E","$","M","?","E","R","BOSS","M","?","M","M","AVR","R","$","M","T","?","M","$","NM","M"],"items_purchased_type":["Relic","Relic","Relic","Relic","Relic","Card","Potion","Relic","Relic","Relic","Card","Relic"],"build_version":"2020-12-22","purchased_purges":5,"victory":false,"max_hp_per_floor":[145,145,145,145,145,145,145,145,145,145,145,145,145,145,145,145,145,145,145,145,145,145,145,145,145,145,145,145,145,145,145,145],"card_choices":[{"not_picked":["Cold Snap","Steam"],"picked":"Conserve Battery","floor":1},{"not_picked":["Stack","Steam Power"],"picked":"Coolheaded","floor":2},{"not_picked":["Coolheaded","Stack","BootSequence"],"picked":"SKIP","floor":3},{"not_picked":["Coolheaded","Steam"],"picked":"Creative AI","floor":4},{"not_picked":["ReplayTheSpireMod:Calculation Training","Go for the Eyes","BasicCrystalCard"],"picked":"SKIP","floor":7},{"not_picked":["Undo","Redo","ReplaySolidLightProjector"],"picked":"SKIP","floor":10},{"not_picked":["Rebound","Reprogram","Beam Cell"],"picked":"SKIP","floor":12},{"not_picked":["Glacier","Reboot"],"picked":"Capacitor","floor":14},{"not_picked":["Multi-Cast","Machine Learning"],"picked":"ReplayTheSpireMod:Fabricate Wheel","floor":16},{"not_picked":["hubris:Envy","Regret"],"picked":"Shame","floor":17},{"not_picked":["hubris:Gluttony","hubris:Lust"],"picked":"CommonCold","floor":17},{"not_picked":["Spreading Infection","hubris:Compulsion"],"picked":"Delirium","floor":17},{"not_picked":["Aggregate","Barrage","Panic Button"],"picked":"SKIP","floor":18},{"not_picked":["Barrage","Melter","Compile Driver"],"picked":"SKIP","floor":18},{"not_picked":["Cold Snap","ReplayTheSpireMod:Calculation Training+1"],"picked":"Multi-Cast","floor":19},{"not_picked":["Glacier+1","Sweeping Beam"],"picked":"Loop+1","floor":20},{"not_picked":["Leap","ReplayTheSpireMod:System Scan","ReplaySort"],"picked":"SKIP","floor":20},{"not_picked":["Hello World","Compile Driver+1"],"picked":"Chaos+1","floor":21},{"not_picked":["Barrage","BasicCrystalCard","Rebound"],"picked":"SKIP","floor":21},{"not_picked":["Barrage","BasicCrystalCard","Rebound"],"picked":"SKIP","floor":21},{"not_picked":["Hologram","Rip and Tear"],"picked":"White Noise","floor":25},{"not_picked":["Reinforced Body","Thunder Strike","Turbo"],"picked":"SKIP","floor":25},{"not_picked":["ReplayTheSpireMod:Calculation Training","Reprogram","Gash+1"],"picked":"SKIP","floor":28},{"not_picked":["Steam+1","Gash","ReplayTheSpireMod:Repulse"],"picked":"SKIP","floor":28},{"not_picked":["Chill","Heatsinks","BasicCrystalCard+1"],"picked":"SKIP","floor":30},{"not_picked":["Chill","Heatsinks","BasicCrystalCard+1"],"picked":"SKIP","floor":30}],"player_experience":209351,"relics_obtained":[{"floor":10,"key":"Bronze Scales"},{"floor":14,"key":"ReplayTheSpireMod:Ninjato"},{"floor":19,"key":"hubris:SlimyHat"},{"floor":26,"key":"Symbiotic Virus"},{"floor":30,"key":"Du-Vu Doll"}],"event_choices":[{"damage_healed":0,"gold_gain":0,"player_choice":"0 cards matched","damage_taken":0,"max_hp_gain":0,"max_hp_loss":0,"event_name":"Match and Keep!","floor":27,"gold_loss":0,"cards_obtained":[]}],"is_beta":false,"boss_relics":[{"not_picked":["Snecko Eye","Coffee Dripper"],"picked":"Replay:Ancient Bell"},{"not_picked":["ReplayFunnel","Dream Catcher"],"picked":"Smiling Mask"},{"not_picked":["Quantum Egg","Pear"],"picked":"Replay:Bottled Snecko"},{"not_picked":["Turnip","Dead Branch"],"picked":"Ginger"}],"items_purged_floors":[5,11,22,24,29],"is_endless":true,"potions_floor_spawned":[1,7,12,16,21,25,28,30],"killed_by":"Snake Plant","ascension_level":2}}