{"host":"1ooxfz79hmpvpehx","time":1613425022,"event":{"mods":["BaseMod","Better Altar","Better Match","Better Note","Better Sensory Stone","Better Skull","Better Third Choice","Infinite Spire","Marked Mod","Minty Spire (QoL Compilation)","Quick Restart","RNG Fix","Replay The Spire","StSLib","SuperFastMode"],"gold_per_floor":[111,111,123,141,157,189,189,40,67,67,82,82,107,122,122,122,122],"floor_reached":16,"language":"ENG","playtime":324,"items_purged":[],"score":143,"play_id":"3b06311b-95de-437c-b4c9-93f72b339cf0","local_time":"20210215183702","is_ascension_mode":true,"campfire_choices":[{"data":"ReplayTheSpireMod:Omega Cannon","floor":7.0,"key":"SMITH"},{"data":"Heatsinks","floor":12.0,"key":"SMITH"},{"data":"Double Energy","floor":15.0,"key":"SMITH"}],"circlet_count":0,"master_deck":["Strike_B","Strike_B","Strike_B","Strike_B","Defend_B","Defend_B","Defend_B","Defend_B","Zap","Dualcast","Heatsinks+1","Strike_B","Hologram","Gash","Double Energy+1","ReplayTheSpireMod:Omega Cannon+1","Burn","Gash"],"relics":["Cracked Core","Darkstone Periapt","Lee\u0027s Waffle","Counterbalance"],"acts_visited":["Exordium"],"potions_floor_usage":[],"damage_taken":[{"damage":0.0,"enemies":"Small Slimes","floor":1.0,"turns":3.0},{"damage":0.0,"enemies":"2 Louse","floor":3.0,"turns":3.0},{"damage":6.0,"enemies":"Jaw Worm","floor":4.0,"turns":3.0},{"damage":5.0,"enemies":"Looter","floor":5.0,"turns":4.0},{"damage":48.0,"enemies":"3 Sentries","floor":6.0,"turns":10.0},{"damage":4.0,"enemies":"Large Slime","floor":11.0,"turns":3.0},{"damage":29.0,"enemies":"Gremlin Nob","floor":13.0,"turns":4.0},{"damage":7.0,"enemies":"Gremlin Gang","floor":14.0,"turns":4.0},{"damage":0,"enemies":"Fading Forest","floor":16,"turns":1}],"seed_played":"8413028487240613805","potions_obtained":[{"floor":1.0,"key":"Energy Potion"},{"floor":3.0,"key":"Regen Potion"},{"floor":11.0,"key":"Fruit Juice"}],"is_trial":false,"path_per_floor":["M","?","M","M","M","E","R","$","T","?","M","R","E","M","R","B"],"character_chosen":"DEFECT","items_purchased":["Lee\u0027s Waffle"],"campfire_rested":0,"item_purchase_floors":[8],"current_hp_per_floor":[82,82,82,76,80,32,32,89,89,89,90,90,61,54,54,54,54],"gold":122,"neow_bonus":"TEN_PERCENT_HP_BONUS","is_daily":false,"chose_seed":false,"campfire_upgraded":3,"win_rate":0.0,"timestamp":1613425022,"path_taken":["M","?","?","M","M","E","R","$","T","?","?","R","E","M","R","BOSS"],"items_purchased_type":["Relic"],"build_version":"2020-12-22","purchased_purges":0,"victory":false,"max_hp_per_floor":[82,82,82,82,82,82,82,89,89,89,94,94,94,94,94,94,94],"card_choices":[{"not_picked":["Lockon","Rebound"],"picked":"Heatsinks","floor":1.0},{"not_picked":["Compile Driver","ReplaySort"],"picked":"Hologram","floor":3.0},{"not_picked":["Beam Cell","Rebound"],"picked":"Gash","floor":4.0},{"not_picked":["Leap","ReplayTheSpireMod:Repulse"],"picked":"Double Energy","floor":5.0},{"not_picked":["Beam Cell","Loop"],"picked":"ReplayTheSpireMod:Omega Cannon","floor":6.0},{"not_picked":["Conserve Battery","Coolheaded"],"picked":"Gash","floor":11.0},{"not_picked":["Sweeping Beam","Streamline","Ball Lightning"],"picked":"SKIP","floor":13.0},{"not_picked":["Steam","Ball Lightning","Force Field"],"picked":"SKIP","floor":14.0}],"player_experience":31007,"relics_obtained":[{"floor":6.0,"key":"Darkstone Periapt"},{"floor":13.0,"key":"Counterbalance"}],"event_choices":[{"cards_removed":["Heatsinks"],"damage_healed":0.0,"max_hp_gain":0.0,"max_hp_loss":0.0,"gold_gain":0.0,"event_name":"betterNote:BetterNote","player_choice":"Take \u0026 Give","floor":2.0,"gold_loss":0.0,"damage_taken":0.0,"cards_obtained":["Strike_B"]},{"damage_healed":89.0,"max_hp_gain":0.0,"max_hp_loss":89.0,"gold_gain":0.0,"event_name":"betterThird:BetterShining","player_choice":"Embrace Burn","floor":10.0,"gold_loss":0.0,"damage_taken":0.0}],"is_beta":false,"boss_relics":[],"items_purged_floors":[],"is_endless":false,"potions_floor_spawned":[1,3,11],"killed_by":"Fading Forest","ascension_level":1}}