{"host":"2eh6kef149pfh93v","time":1613401229,"event":{"mods":["2.2 Compatiblity","Act Like it!","Aspiration","BaseMod","Clockwork Mod","Conspire","Energized Spire","Gensokyo","GifTheSpireLib","Hero for Fun","Hubris","Infinite Spire","Marisa????????","Minty Spire (QoL Compilation)","Reliquary","Replay The Spire","Shop Mod","StSLib","Stuff the Spire","The Servant 0.9.4","Waifu the Spire","Yakumo Yukari mod"],"gold_per_floor":[111,111,124,124,141,174,174,174,198,198,198,55,66,83,83,83,83],"floor_reached":16,"language":"ENG","playtime":603,"items_purged":[],"score":100,"play_id":"2c9b46e3-93a7-4456-98e2-1a62cd243709","local_time":"20210215100029","is_ascension_mode":false,"campfire_choices":[{"data":"Clockwork:RitualDaggerMk0","floor":7,"key":"SMITH"},{"floor":15,"key":"REST"}],"circlet_count":0,"master_deck":["Clockwork:Strike","Clockwork:Strike","Clockwork:Strike+1","Clockwork:Strike","Clockwork:Shield+1","Clockwork:Shield","Clockwork:Shield","Clockwork:Shield","Clockwork:Tinker+1","Clockwork:WarmUp","Injury","Clockwork:ChargingBlade","Clockwork:TimeWalk"],"relics":["Clockwork:MomentumEngine","NeowsBlessing","Replay:Baseball","Clockwork:Varja","Iron Hammer","Juzu Bracelet","Gensokyo:OccultBall","Gensokyo:PortableGap","reliquary:Buckler"],"acts_visited":["Gensokyo:Gensokyo"],"potions_floor_usage":[6,6,14],"damage_taken":[{"damage":0,"enemies":"Gensokyo:Gryphon","floor":1,"turns":1},{"damage":0,"enemies":"Gensokyo:3_Fairies","floor":3,"turns":1},{"damage":0,"enemies":"Gensokyo:Python","floor":5,"turns":2},{"damage":26,"enemies":"Gensokyo:Mamizou","floor":6,"turns":12},{"damage":0,"enemies":"Gensokyo:CorruptedTreant","floor":13,"turns":5},{"damage":16,"enemies":"Gensokyo:VengefulSpirit","floor":14,"turns":5},{"damage":68,"enemies":"Gensokyo:Yukari","floor":16,"turns":10}],"seed_played":"-1219138125382631900","potions_obtained":[{"floor":3,"key":"LiquidMemories"},{"floor":5,"key":"Swift Potion"},{"floor":13,"key":"SteroidPotion"}],"is_trial":false,"path_per_floor":["M","?","M","?","M","E","R","?","T","?","?","$","M","M","R","B"],"character_chosen":"CLOCKWORK","items_purchased":["reliquary:Buckler"],"campfire_rested":1,"item_purchase_floors":[12],"current_hp_per_floor":[85,85,85,85,85,59,59,59,59,59,59,59,59,43,66,0,0],"gold":83,"neow_bonus":"THREE_ENEMY_KILL","is_daily":false,"chose_seed":false,"campfire_upgraded":1,"win_rate":0.0,"timestamp":1613401229,"path_taken":["M","?","M","?","?","E","R","?","T","?","?","$","M","M","R","BOSS"],"items_purchased_type":["Relic"],"build_version":"2020-12-22","purchased_purges":0,"victory":false,"max_hp_per_floor":[85,85,85,85,85,85,85,85,85,85,77,77,77,77,77,77,77],"card_choices":[{"not_picked":["Clockwork:FalseStart","Clockwork:Roundhouse"],"picked":"Clockwork:CraftVarja","floor":1},{"not_picked":["Clockwork:Roundhouse","Clockwork:CogBarrier"],"picked":"Clockwork:ChargingBlade","floor":3},{"not_picked":["Clockwork:SpurOn","Clockwork:CraftCopperScales"],"picked":"Clockwork:RitualDaggerMk0","floor":5},{"not_picked":["Clockwork:Minimalism","Clockwork:ChargingShield","Clockwork:ElasticNanites"],"picked":"SKIP","floor":6},{"not_picked":["Clockwork:AdaptiveCannon","Clockwork:Downsize","Clockwork:AdaptiveShield"],"picked":"SKIP","floor":13},{"not_picked":["Clockwork:ForgeStrike","Clockwork:TimeOut"],"picked":"Clockwork:TimeWalk","floor":14}],"player_experience":9896,"relics_obtained":[{"floor":6,"key":"Iron Hammer"},{"floor":9,"key":"Juzu Bracelet"}],"event_choices":[],"is_beta":false,"boss_relics":[],"items_purged_floors":[],"is_endless":false,"potions_floor_spawned":[3,5,13],"killed_by":"Gensokyo:Yukari","ascension_level":0}}