{"host":"rolltorest","time":1613371650,"event":{"mods":["BaseMod","Minty Spire (QoL Compilation)","Relic Stats","Slay the Relics Exporter","StSLib"],"gold_per_floor":[111,121,135,135,135,168,4,4,4,75,106,106,179,200,200,200,200],"floor_reached":16,"language":"ENG","playtime":525,"items_purged":[],"score":216,"play_id":"985319a6-5599-4dac-a4b0-3db059aabaf5","local_time":"20210214224730","is_ascension_mode":true,"campfire_choices":[{"data":"Uppercut","floor":8,"key":"SMITH"},{"data":"Perfected Strike","floor":12,"key":"SMITH"},{"floor":15,"key":"REST"}],"circlet_count":0,"master_deck":["AscendersBane","Strike_R","Strike_R","Strike_R","Strike_R","Strike_R","Defend_R","Defend_R","Defend_R","Defend_R","Bash","Uppercut+1","Headbutt","Spot Weakness","Perfected Strike+1","Impervious","Metallicize"],"relics":["SacredBark","Golden Idol","Tiny Chest","InkBottle","WingedGreaves","Darkstone Periapt"],"acts_visited":["Exordium"],"potions_floor_usage":[6,11,14,16],"damage_taken":[{"damage":11,"enemies":"Cultist","floor":1,"turns":4},{"damage":7,"enemies":"2 Louse","floor":2,"turns":4},{"damage":7,"enemies":"Small Slimes","floor":3,"turns":3},{"damage":12,"enemies":"3 Sentries","floor":6,"turns":13},{"damage":24,"enemies":"Gremlin Nob","floor":11,"turns":4},{"damage":30,"enemies":"3 Sentries","floor":13,"turns":7},{"damage":0,"enemies":"3 Louse","floor":14,"turns":1},{"damage":29,"enemies":"Hexaghost","floor":16,"turns":11}],"seed_played":"1092862195253310924","potions_obtained":[{"floor":2,"key":"PowerPotion"},{"floor":13,"key":"Explosive Potion"},{"floor":14,"key":"PowerPotion"}],"is_trial":false,"path_per_floor":["M","M","M","?","?","E","$","R","T","?","E","R","?","M","R","B"],"character_chosen":"IRONCLAD","items_purchased":["Regen Potion","Spot Weakness"],"campfire_rested":1,"item_purchase_floors":[7,7],"current_hp_per_floor":[57,50,43,43,43,31,31,31,31,31,34,34,4,4,24,0,0],"gold":200,"neow_bonus":"BOSS_RELIC","is_daily":false,"chose_seed":false,"campfire_upgraded":2,"win_rate":0.0,"timestamp":1613371650,"path_taken":["M","M","M","?","?","E","$","R","T","?","E","R","?","M","R","BOSS"],"items_purchased_type":["Potion","Card"],"build_version":"2020-12-18","purchased_purges":0,"victory":false,"max_hp_per_floor":[75,75,75,75,68,68,68,68,68,68,68,68,68,68,68,68,68],"relic_stats":{"Darkstone Periapt":0,"counters":[8,47],"Golden Idol":39,"Tiny Chest":0,"obtain_stats":[{"Darkstone Periapt":13,"Golden Idol":5,"SacredBark":0,"Tiny Chest":6,"WingedGreaves":11,"Burning Blood":0,"InkBottle":9},{"Darkstone Periapt":6,"Golden Idol":3,"SacredBark":0,"Tiny Chest":4,"WingedGreaves":5,"Burning Blood":0,"InkBottle":4},{"Darkstone Periapt":35,"Golden Idol":11,"SacredBark":0,"Tiny Chest":24,"WingedGreaves":28,"Burning Blood":0,"InkBottle":24}],"InkBottle":[5]},"card_choices":[{"not_picked":["Iron Wave","True Grit"],"picked":"Uppercut","floor":1},{"not_picked":["Twin Strike","Shrug It Off"],"picked":"Headbutt","floor":2},{"not_picked":["Limit Break","Heavy Blade","Wild Strike"],"picked":"SKIP","floor":3},{"not_picked":["Rupture","Sword Boomerang","Seeing Red"],"picked":"SKIP","floor":6},{"not_picked":["Iron Wave","Armaments"],"picked":"Perfected Strike","floor":11},{"not_picked":["Thunderclap","Heavy Blade"],"picked":"Impervious","floor":13},{"not_picked":["Entrench","Warcry"],"picked":"Metallicize","floor":14}],"player_experience":1988253,"relics_obtained":[{"floor":6,"key":"Tiny Chest"},{"floor":9,"key":"InkBottle"},{"floor":11,"key":"WingedGreaves"},{"floor":13,"key":"Darkstone Periapt"}],"event_choices":[{"damage_healed":0,"gold_gain":0,"player_choice":"Ignored","damage_taken":0,"max_hp_gain":0,"max_hp_loss":0,"event_name":"Shining Light","floor":4,"gold_loss":0},{"damage_healed":0,"gold_gain":0,"player_choice":"Lose Max HP","damage_taken":0,"relics_obtained":["Golden Idol"],"max_hp_gain":0,"max_hp_loss":7,"event_name":"Golden Idol","floor":5,"gold_loss":0},{"damage_healed":0,"gold_gain":71,"player_choice":"Gained Gold","damage_taken":0,"max_hp_gain":0,"max_hp_loss":0,"event_name":"Golden Wing","floor":10,"gold_loss":0},{"damage_healed":0,"gold_gain":0,"player_choice":"Searched \u00271\u0027 times","damage_taken":0,"max_hp_gain":0,"max_hp_loss":0,"event_name":"Dead Adventurer","floor":13,"gold_loss":0}],"is_beta":true,"boss_relics":[],"items_purged_floors":[],"is_endless":false,"potions_floor_spawned":[2,13,14],"killed_by":"Hexaghost","ascension_level":20}}