{"host":"3n5xmnb54n2y5mb4","time":1613371857,"event":{"mods":["BaseMod","Colored Map","Colored Powertips","Minty Spire (QoL Compilation)","Permanent Neow","StSLib","Unceasing Turn Reminder","everything is the same but u backflip on backflip"],"gold_per_floor":[119,119,44,44,59,89,89,109,135,145,158,54,81,34,34,134,134,154,29,46,62,81,108,108,121,121,154,187,187,187,207,207,307,307,320,45,63,79,79,79,79],"floor_reached":40,"language":"ENG","playtime":1598,"items_purged":["Decay","Defend_P","Strike_P"],"score":611,"play_id":"88c28100-fee3-411b-a567-76a41f3acf30","local_time":"20210215015057","is_ascension_mode":true,"campfire_choices":[{"data":"Blasphemy","floor":7.0,"key":"SMITH"},{"data":"Eruption","floor":15.0,"key":"SMITH"},{"floor":24.0,"key":"REST"},{"floor":32,"key":"REST"}],"circlet_count":0,"master_deck":["Strike_P","Strike_P","Strike_P","Defend_P","Defend_P","Eruption+1","Vigilance","Brilliance","Conclude","Crescendo","Blasphemy+1","TalkToTheHand","Protect","Adaptation","Prostrate","DeceiveReality","Prostrate","Ragnarok","Wireheading","Prostrate","EmptyFist","EmptyFist+1","FlurryOfBlows","FollowUp","ForeignInfluence+1","SpiritShield","WindmillStrike+1","BattleHymn","RitualDagger","ClearTheMind","Scrawl","MentalFortress+1","LikeWater","Worship","Prostrate+1"],"relics":["HolyWater","Happy Flower","Nunchaku","Smiling Mask","Meat on the Bone","Question Card","Centennial Puzzle","Singing Bowl","Red Mask","Sozu","Molten Egg 2"],"acts_visited":["Exordium","TheCity","TheBeyond"],"potions_floor_usage":[31,37],"damage_taken":[{"damage":2.0,"enemies":"2 Louse","floor":1.0,"turns":2.0},{"damage":0.0,"enemies":"Small Slimes","floor":5.0,"turns":2.0},{"damage":2.0,"enemies":"3 Sentries","floor":6.0,"turns":3.0},{"damage":0.0,"enemies":"Cultist","floor":8.0,"turns":2.0},{"damage":0.0,"enemies":"Gremlin Gang","floor":10.0,"turns":1.0},{"damage":0.0,"enemies":"Lots of Slimes","floor":11.0,"turns":1.0},{"damage":13.0,"enemies":"Lagavulin","floor":13.0,"turns":6.0},{"damage":0.0,"enemies":"Slime Boss","floor":16.0,"turns":6.0},{"damage":4.0,"enemies":"2 Thieves","floor":18.0,"turns":4.0},{"damage":13.0,"enemies":"Spheric Guardian","floor":20.0,"turns":4.0},{"damage":15.0,"enemies":"Snake Plant","floor":21.0,"turns":3.0},{"damage":21.0,"enemies":"Shelled Parasite and Fungi","floor":22.0,"turns":5.0},{"damage":18.0,"enemies":"Gremlin Leader","floor":23.0,"turns":6.0},{"damage":1.0,"enemies":"Snecko","floor":25.0,"turns":3.0},{"damage":2.0,"enemies":"Book of Stabbing","floor":27.0,"turns":3.0},{"damage":17.0,"enemies":"Masked Bandits","floor":28.0,"turns":3.0},{"damage":10,"enemies":"Sentry and Sphere","floor":31,"turns":3},{"damage":39,"enemies":"Automaton","floor":33,"turns":7},{"damage":2,"enemies":"Orb Walker","floor":35,"turns":3},{"damage":16,"enemies":"3 Darklings","floor":37,"turns":3},{"damage":8,"enemies":"4 Shapes","floor":38,"turns":2},{"damage":54,"enemies":"Reptomancer","floor":40,"turns":5}],"seed_played":"4891237734148952771","potions_obtained":[{"floor":1.0,"key":"PowerPotion"},{"floor":5.0,"key":"Weak Potion"},{"floor":10.0,"key":"AttackPotion"},{"floor":11.0,"key":"DuplicationPotion"},{"floor":20.0,"key":"Dexterity Potion"},{"floor":21.0,"key":"PowerPotion"},{"floor":25.0,"key":"Explosive Potion"},{"floor":28.0,"key":"SkillPotion"},{"floor":33,"key":"Block Potion"}],"is_trial":false,"path_per_floor":["M","?","$","?","M","E","R","M","T","M","M","$","E","$","R","B",null,"M","$","M","M","M","E","R","M","T","E","?","?","?","M","R","B",null,"M","$","M","M","?","E"],"character_chosen":"WATCHER","items_purchased":["Prostrate","Prostrate","Prostrate","EmptyFist","Molten Egg 2","LikeWater"],"campfire_rested":2,"item_purchase_floors":[12,14,19,19,36,36],"current_hp_per_floor":[70,75,75,75,75,73,73,73,73,73,73,73,60,60,60,60,77,73,73,60,45,36,30,53,52,52,50,45,39,39,41,64,37,77,75,75,59,51,51,0,0],"gold":79,"neow_bonus":"THREE_RARE_CARDS","is_daily":false,"chose_seed":false,"campfire_upgraded":2,"win_rate":0.0,"timestamp":1613371857,"path_taken":["M","?","$","?","?","E","R","M","T","M","?","$","E","$","R","BOSS","M","$","M","M","M","E","R","?","T","E","?","?","?","?","R","BOSS","M","?","M","M","?","E"],"items_purchased_type":["Card","Card","Card","Card","Relic","Card"],"build_version":"2020-12-22","purchased_purges":3,"victory":false,"max_hp_per_floor":[72,77,77,77,77,77,77,77,77,77,77,77,77,77,77,77,77,77,77,77,77,77,77,77,77,77,77,77,77,77,77,77,77,77,77,77,77,77,77,77,77],"card_choices":[{"not_picked":["DevaForm","Wish"],"picked":"Brilliance","floor":0.0},{"not_picked":["Protect","JustLucky"],"picked":"Conclude","floor":1.0},{"not_picked":["CrushJoints","Fasting2"],"picked":"Crescendo","floor":5.0},{"not_picked":["Swivel","Conclude"],"picked":"Blasphemy","floor":6.0},{"not_picked":["PathToVictory","Protect"],"picked":"TalkToTheHand","floor":8.0},{"not_picked":["Collect","WreathOfFlame"],"picked":"Protect","floor":10.0},{"not_picked":["Indignation","Study"],"picked":"Adaptation","floor":11.0},{"not_picked":["WaveOfTheHand","Halt"],"picked":"DeceiveReality","floor":13.0},{"not_picked":["Alpha","Omniscience"],"picked":"Ragnarok","floor":16.0},{"not_picked":["PathToVictory","CutThroughFate"],"picked":"Wireheading","floor":18.0},{"not_picked":["CutThroughFate","FollowUp"],"picked":"EmptyFist+1","floor":20.0},{"not_picked":["Meditate","Halt"],"picked":"FlurryOfBlows","floor":21.0},{"not_picked":["Evaluate","Protect"],"picked":"FollowUp","floor":22.0},{"not_picked":["EmptyBody","EmptyFist"],"picked":"ForeignInfluence","floor":23.0},{"not_picked":["Wireheading","CrushJoints+1","CutThroughFate"],"picked":"SpiritShield","floor":25.0},{"not_picked":["FollowUp+1","EmptyBody","WaveOfTheHand"],"picked":"WindmillStrike+1","floor":27.0},{"not_picked":["Conclude+1","ThirdEye","ReachHeaven"],"picked":"BattleHymn","floor":28.0},{"not_picked":["Protect","EmptyFist+1","EmptyMind"],"picked":"ClearTheMind","floor":31},{"not_picked":["MasterReality","Vault","Judgement"],"picked":"Scrawl","floor":33},{"not_picked":["ClearTheMind","BowlingBash+1","Weave"],"picked":"MentalFortress+1","floor":35},{"not_picked":["Halt","EmptyFist+1","Crescendo"],"picked":"Worship","floor":37},{"not_picked":["WreathOfFlame+1","PathToVictory","Conclude+1"],"picked":"Prostrate+1","floor":38}],"player_experience":973873,"relics_obtained":[{"floor":6.0,"key":"Nunchaku"},{"floor":9.0,"key":"Smiling Mask"},{"floor":13.0,"key":"Meat on the Bone"},{"floor":23.0,"key":"Question Card"},{"floor":26.0,"key":"Centennial Puzzle"},{"floor":27.0,"key":"Singing Bowl"},{"floor":28.0,"key":"Red Mask"}],"event_choices":[{"damage_healed":0.0,"max_hp_gain":5.0,"max_hp_loss":0.0,"gold_gain":0.0,"event_name":"Big Fish","player_choice":"Donut","floor":2.0,"gold_loss":0.0,"damage_taken":0.0},{"damage_healed":0.0,"max_hp_gain":0.0,"max_hp_loss":0.0,"gold_gain":0.0,"event_name":"WeMeetAgain","player_choice":"Gave Potion","floor":4.0,"gold_loss":0.0,"damage_taken":0.0,"relics_obtained":["Happy Flower"]},{"damage_healed":0.0,"max_hp_gain":0.0,"max_hp_loss":0.0,"gold_gain":0.0,"event_name":"Masked Bandits","player_choice":"Fought Bandits","floor":28.0,"gold_loss":0.0,"damage_taken":0.0},{"damage_healed":0.0,"max_hp_gain":0.0,"max_hp_loss":0.0,"gold_gain":0.0,"event_name":"Nest","player_choice":"Joined the Cult","floor":29.0,"gold_loss":0.0,"damage_taken":6.0,"cards_obtained":["RitualDagger"]},{"cards_removed":["Defend_P"],"damage_healed":0.0,"max_hp_gain":0.0,"max_hp_loss":0.0,"gold_gain":0.0,"event_name":"Purifier","player_choice":"Purged","floor":30.0,"gold_loss":0.0,"damage_taken":0.0},{"damage_healed":0,"gold_gain":0,"player_choice":"Upgraded","damage_taken":0,"max_hp_gain":0,"max_hp_loss":0,"event_name":"Upgrade Shrine","floor":39,"gold_loss":0,"cards_upgraded":["ForeignInfluence"]}],"is_beta":false,"boss_relics":[{"not_picked":["Coffee Dripper","Velvet Choker"],"picked":"HolyWater"},{"not_picked":["Empty Cage","Tiny House"],"picked":"Sozu"}],"items_purged_floors":[3,12,19],"is_endless":false,"potions_floor_spawned":[1,5,10,11,13,20,21,25,28,33,37],"killed_by":"Reptomancer","ascension_level":3}}