{"host":"d5i1qeb9dejicw1z","time":1613432146,"event":{"mods":["AchievementEnabler","BaseMod","Better Note","BetterRewards","Evolution","Gold Saver","Minty Spire (QoL Compilation)","Permanent Neow","Relic Filter Mod","Reliquary","StSLib"],"gold_per_floor":[117,133,58,23,42,42,75,75,75,90,90,90,90],"floor_reached":12,"language":"ENG","playtime":326,"items_purged":["Strike_G"],"score":156,"play_id":"9d860d31-ac38-4925-a201-9535f8472111","local_time":"20210215153546","is_ascension_mode":true,"campfire_choices":[{"data":"Noxious Fumes","floor":6,"key":"SMITH"},{"data":"Noxious Fumes","floor":11,"key":"SMITH"}],"circlet_count":0,"master_deck":["AscendersBane","Strike_G+1","Strike_G","Strike_G+1","Strike_G","Defend_G","Defend_G+1","Defend_G+1","Defend_G","Defend_G","Survivor","Neutralize","Noxious Fumes+1","Poisoned Stab","Noxious Fumes+1"],"relics":["Ring of the Snake","EVO:Axolotl","Singing Bowl","Whetstone","War Paint"],"acts_visited":["Exordium"],"potions_floor_usage":[2,7],"damage_taken":[{"damage":1,"enemies":"Cultist","floor":1,"turns":5},{"damage":12,"enemies":"Jaw Worm","floor":2,"turns":5},{"damage":0,"enemies":"Small Slimes","floor":5,"turns":4},{"damage":12,"enemies":"3 Sentries","floor":7,"turns":6},{"damage":3,"enemies":"Red Slaver","floor":10,"turns":4},{"damage":56,"enemies":"Gremlin Nob","floor":12,"turns":4}],"seed_played":"8520245073144904992","potions_obtained":[{"floor":1,"key":"ColorlessPotion"},{"floor":5,"key":"CultistPotion"},{"floor":7,"key":"Dexterity Potion"}],"is_trial":false,"path_per_floor":["M","M","$","?","M","R","E","T","T","M","R","E"],"character_chosen":"THE_SILENT","items_purchased":["Noxious Fumes"],"campfire_rested":0,"item_purchase_floors":[0],"current_hp_per_floor":[58,46,46,62,62,62,52,52,52,51,51,0,0],"gold":90,"neow_bonus":"","is_daily":false,"chose_seed":false,"campfire_upgraded":2,"win_rate":0.0,"timestamp":1613432146,"path_taken":["M","?","?","?","M","R","E","?","T","?","R","E"],"items_purchased_type":["Card"],"build_version":"2020-12-22","purchased_purges":1,"victory":false,"max_hp_per_floor":[66,66,66,66,66,66,68,68,68,70,70,70,70],"card_choices":[{"not_picked":["Backflip","Sucker Punch"],"picked":"Poisoned Stab","floor":1},{"not_picked":["Dodge and Roll","Bouncing Flask"],"picked":"Noxious Fumes","floor":2},{"not_picked":["Quick Slash","Dagger Throw","Deadly Poison"],"picked":"SKIP","floor":5},{"not_picked":["Dodge and Roll","Expertise","Reflex"],"picked":"Singing Bowl","floor":7},{"not_picked":["Slice","Prepared","Deflect"],"picked":"Singing Bowl","floor":10}],"player_experience":1271023,"relics_obtained":[{"floor":7,"key":"Singing Bowl"},{"floor":8,"key":"Whetstone"},{"floor":9,"key":"War Paint"}],"event_choices":[{"damage_healed":16,"gold_gain":0,"player_choice":"Healed","damage_taken":0,"max_hp_gain":0,"max_hp_loss":0,"event_name":"The Cleric","floor":4,"gold_loss":35}],"is_beta":false,"boss_relics":[],"items_purged_floors":[3],"is_endless":false,"potions_floor_spawned":[1,5,7],"killed_by":"Gremlin Nob","ascension_level":20}}