{"host":"y8kub5kglio122n4","time":1613368505,"event":{"mods":["Aspiration","Bard","BaseMod","Colored Powertips","Conspire","Downfall","Hubris","Minty Spire (QoL Compilation)","Replay The Spire","StSLib","The Hierophant","The Jungle","The Runesmith","The Servant 0.9.4","The Valiant","The Wild Card"],"gold_per_floor":[349,369,381,394,409,190,190,190,190,190,219,219,254,265,275,371,371,371,381,381,398,398,398,398,398],"floor_reached":23,"language":"ENG","playtime":2625,"items_purged":["Looming Evil"],"score":201,"play_id":"de4e8d14-91e2-4d09-90b8-4d5607ef3bad","local_time":"20210215005505","is_ascension_mode":false,"campfire_choices":[{"data":"hexamod:Float","floor":1,"key":"SMITH"},{"data":"hexamod:BurningTouch","floor":10,"key":"SMITH"},{"floor":12,"key":"REST"},{"data":"hexamod:TimeOfNeed","floor":18,"key":"SMITH"}],"circlet_count":0,"master_deck":["hexamod:Strike","hexamod:Strike","hexamod:Strike","hexamod:Defend","hexamod:Defend","hexamod:Defend","hexamod:Defend","hexamod:Sear","hexamod:Float+1","hexamod:SkipABeat","hexamod:BurningTouch+1","hexamod:HauntingEcho","hexamod:PhantomFireball","hexamod:EmpoweredFlame+1","hexamod:Incineration","hexamod:ThirdSeal","hexamod:SpectralAdrenaline","hexamod:AdvancingGuard","hexamod:TimeOfNeed+1","hexamod:CatchUp","hexamod:SpectersWail","hexamod:RadiantFlame","hexamod:ThermalTransfer","hexamod:VolcanoVisage","hexamod:GhostOfSpirePresent","CurseOfTheBell","hexamod:BurningTouch+1","hexamod:ChargedBarrage+1","Comet","Defy"],"relics":["hexamod:SpiritBrand","aspiration:HiddenCompartment","Bottled Tornado","Bag of Preparation","Calling Bell","ReplayTheSpireMod:TigerMarble","WingedGreaves","hubris:DisguiseKit"],"acts_visited":["Exordium","TheCity"],"potions_floor_usage":[16,16,16,23],"damage_taken":[{"damage":5,"enemies":"Small Slimes","floor":2,"turns":6},{"damage":1,"enemies":"Jaw Worm","floor":3,"turns":4},{"damage":6,"enemies":"conspire:RoseBush","floor":4,"turns":5},{"damage":11,"enemies":"Red Slaver","floor":5,"turns":5},{"damage":2,"enemies":"downfall:FleeingMerchant","floor":6,"turns":4},{"damage":20,"enemies":"Gremlin Nob","floor":11,"turns":4},{"damage":21,"enemies":"3 Sentries","floor":13,"turns":8},{"damage":0,"enemies":"Large Slime","floor":14,"turns":5},{"damage":5,"enemies":"downfall:LooterAlt","floor":15,"turns":3},{"damage":19,"enemies":"DF_ARCHETYPE_STREAMLINE","floor":16,"turns":7},{"damage":34,"enemies":"conspire:FuzzyDice","floor":19,"turns":7},{"damage":27,"enemies":"3 Byrds","floor":21,"turns":7},{"damage":11,"enemies":"Snake Plant","floor":23,"turns":1}],"seed_played":"-1168369397890756395","potions_obtained":[{"floor":4,"key":"Swift Potion"},{"floor":11,"key":"hexamod:SoulburnPotion"},{"floor":13,"key":"hexamod:DoubleChargePotion"},{"floor":16,"key":"Reflective Coating"}],"is_trial":false,"path_per_floor":["R","M","M","M","M","$","T","?","?","R","E","R","E","M","M","B",null,"R","M","?","M","?","M"],"character_chosen":"THE_SPIRIT","items_purchased":["hexamod:EmpoweredFlame+1","hexamod:Incineration"],"campfire_rested":1,"item_purchase_floors":[6,6],"current_hp_per_floor":[70,65,64,58,47,45,45,45,45,45,25,46,25,25,20,1,70,70,36,36,9,9,0,0,0],"gold":398,"neow_bonus":"TWO_FIFTY_GOLD","is_daily":false,"chose_seed":false,"campfire_upgraded":3,"win_rate":0.0,"timestamp":1613368505,"path_taken":["R","M","M","M","M","$","T","?","?","R","E","R","E","M","M","BOSS","R","M","?","?","?","M"],"items_purchased_type":["Card","Card"],"build_version":"2020-12-22","purchased_purges":1,"victory":false,"max_hp_per_floor":[70,70,70,70,70,70,70,70,70,70,70,70,70,70,70,70,70,70,70,70,70,70,70,70,70],"card_choices":[{"not_picked":["hexamod:GhostShield","hexamod:HeatMetal"],"picked":"hexamod:SkipABeat","floor":2},{"not_picked":["hexamod:NightmareGuise","hexamod:NightmareStrike"],"picked":"hexamod:BurningTouch","floor":3},{"not_picked":["hexamod:GhostLash","hexamod:SkipABeat"],"picked":"hexamod:HauntingEcho","floor":4},{"not_picked":["hexamod:NightmareStrike","hexamod:InspiringFlames"],"picked":"hexamod:BurningTouch","floor":5},{"not_picked":["hexamod:SixthSeal","hexamod:BacktrackSmack"],"picked":"hexamod:PhantomFireball","floor":6},{"not_picked":["hexamod:RetreatToShadows","hexamod:SpectersWail"],"picked":"hexamod:SpectralAdrenaline","floor":11},{"not_picked":["hexamod:HeatShield","hexamod:GhostLash"],"picked":"hexamod:AdvancingGuard","floor":11},{"not_picked":["hexamod:SearingWound","hexamod:NightmareGuise"],"picked":"hexamod:TimeOfNeed","floor":13},{"not_picked":["hexamod:EtherealExpedition","hexamod:UnlimitedPower"],"picked":"hexamod:CatchUp","floor":13},{"not_picked":["hexamod:Hexaguard","hexamod:InspiringFlames"],"picked":"hexamod:SpectersWail","floor":14},{"not_picked":["hexamod:ShieldOfDarkness","hexamod:GhostOfSpirePast"],"picked":"hexamod:RadiantFlame","floor":14},{"not_picked":["hexamod:ShieldOfDarkness","hexamod:Firestarter"],"picked":"hexamod:ThermalTransfer","floor":15},{"not_picked":["hexamod:TimeOfNeed","hexamod:TurnItUp"],"picked":"hexamod:VolcanoVisage","floor":16},{"not_picked":["hexamod:HexaLevel","hexamod:TimeWarp"],"picked":"hexamod:GhostOfSpirePresent","floor":16},{"not_picked":["hexamod:InspiringFlames","hexamod:GhostLash","Starlight"],"picked":"hexamod:BurningTouch+1","floor":19},{"not_picked":["hexamod:PhantomFireball","hexamod:RetreatToShadows","Replace"],"picked":"hexamod:ChargedBarrage+1","floor":19},{"not_picked":["hexamod:EmpoweredFlame","hexamod:StepThrough","hexamod:PhantomCloak"],"picked":"Comet","floor":21},{"not_picked":["hexamod:FourthSeal","hexamod:HeatMetal","hexamod:AdvancingGuard+1"],"picked":"Defy","floor":21}],"player_experience":429906,"relics_obtained":[{"floor":7,"key":"aspiration:HiddenCompartment"},{"floor":11,"key":"Bottled Tornado"},{"floor":13,"key":"Bag of Preparation"},{"floor":17,"key":"ReplayTheSpireMod:TigerMarble"},{"floor":17,"key":"WingedGreaves"},{"floor":17,"key":"hubris:DisguiseKit"}],"event_choices":[],"is_beta":false,"boss_relics":[{"not_picked":["SlaversCollar","Ring of Chaos"],"picked":"Calling Bell"}],"items_purged_floors":[6],"is_endless":false,"potions_floor_spawned":[4,11,13,15,16],"killed_by":"Snake Plant","ascension_level":0}}