{"host":"1c17lcvl7acx821p","time":1613421038,"event":{"mods":["AchievementEnabler","BaseMod","Bestiary","Colored Map","Minty Spire (QoL Compilation)","Quick Restart","Relic Sorter","StSLib","ojb\u0027s Better Paths Mod","ojb\u0027s Info Mod"],"gold_per_floor":[114,127,127,147,165,197,197,232,259,275,275,293,323,341,341,415,415,429,197,212,212,223,257,257,283,283,283,303,360,376,128,128,204,204,218,218,233,56,0,25,36,47,72,101,111,137,154,179,179,179],"floor_reached":51,"language":"ENG","playtime":3150,"items_purged":["Strike_B","Strike_B"],"score":1562,"play_id":"ddfb0144-c640-4d8f-9a29-9f369153d529","local_time":"20210215223038","is_ascension_mode":true,"campfire_choices":[{"data":"Defragment","floor":7.0,"key":"SMITH"},{"floor":11.0,"key":"REST"},{"data":"Glacier","floor":15.0,"key":"SMITH"},{"data":"Undo","floor":24.0,"key":"SMITH"},{"data":"Hologram","floor":27.0,"key":"SMITH"},{"data":"Amplify","floor":32.0,"key":"SMITH"},{"data":"Seek","floor":49,"key":"SMITH"}],"circlet_count":0,"master_deck":["AscendersBane","Strike_B","Strike_B","Defend_B+1","Defend_B","Defend_B","Zap+1","Dualcast","Leap","Defragment+1","Streamline","Glacier+1","Rainbow","Tempest","Hologram+1","Thunder Strike","Undo+1","Necronomicurse","Defragment+1","Capacitor","Coolheaded+1","Loop","Amplify+1","Reboot","Defragment","Seek+1","Compile Driver","Loop"],"relics":["Cracked Core","NeowsBlessing","Pocketwatch","MealTicket","Art of War","War Paint","Coffee Dripper","DataDisk","Necronomicon","Orichalcum","Lizard Tail","Sozu","Red Mask","Dead Branch","Omamori","Regal Pillow","Gremlin Horn","Anchor"],"acts_visited":["Exordium","TheCity","TheBeyond"],"potions_floor_usage":[],"damage_taken":[{"damage":0.0,"enemies":"2 Louse","floor":1.0,"turns":1.0},{"damage":0.0,"enemies":"Cultist","floor":2.0,"turns":1.0},{"damage":0.0,"enemies":"Small Slimes","floor":4.0,"turns":1.0},{"damage":8.0,"enemies":"Blue Slaver","floor":5.0,"turns":4.0},{"damage":17.0,"enemies":"3 Sentries","floor":6.0,"turns":10.0},{"damage":19.0,"enemies":"Gremlin Nob","floor":8.0,"turns":5.0},{"damage":4.0,"enemies":"3 Louse","floor":10.0,"turns":2.0},{"damage":0.0,"enemies":"2 Fungi Beasts","floor":12.0,"turns":4.0},{"damage":10.0,"enemies":"3 Sentries","floor":13.0,"turns":8.0},{"damage":1.0,"enemies":"Exordium Thugs","floor":14.0,"turns":3.0},{"damage":0.0,"enemies":"Slime Boss","floor":16.0,"turns":6.0},{"damage":6.0,"enemies":"3 Byrds","floor":18.0,"turns":4.0},{"damage":0.0,"enemies":"Shell Parasite","floor":20.0,"turns":3.0},{"damage":0.0,"enemies":"Centurion and Healer","floor":22.0,"turns":5.0},{"damage":16.0,"enemies":"Gremlin Leader","floor":23.0,"turns":5.0},{"damage":8.0,"enemies":"Book of Stabbing","floor":25.0,"turns":4.0},{"damage":0.0,"enemies":"Shelled Parasite and Fungi","floor":28.0,"turns":6.0},{"damage":0.0,"enemies":"3 Cultists","floor":29.0,"turns":8.0},{"damage":0.0,"enemies":"Cultist and Chosen","floor":30.0,"turns":5.0},{"damage":22.0,"enemies":"Collector","floor":33.0,"turns":12.0},{"damage":0.0,"enemies":"Orb Walker","floor":35.0,"turns":3.0},{"damage":20.0,"enemies":"3 Darklings","floor":37.0,"turns":5.0},{"damage":0.0,"enemies":"Giant Head","floor":40.0,"turns":7.0},{"damage":0.0,"enemies":"Spire Growth","floor":41.0,"turns":5.0},{"damage":3.0,"enemies":"Jaw Worm Horde","floor":42.0,"turns":4.0},{"damage":5.0,"enemies":"Nemesis","floor":44.0,"turns":7.0},{"damage":21.0,"enemies":"Transient","floor":45.0,"turns":5.0},{"damage":16,"enemies":"Reptomancer","floor":46,"turns":6},{"damage":32,"enemies":"Sphere and 2 Shapes","floor":47,"turns":4},{"damage":0,"enemies":"Time Eater","floor":50,"turns":6}],"seed_played":"-2548504160598695134","potions_obtained":[{"floor":5.0,"key":"LiquidBronze"},{"floor":6.0,"key":"Explosive Potion"},{"floor":10.0,"key":"Ancient Potion"},{"floor":14.0,"key":"FocusPotion"},{"floor":25.0,"key":"ColorlessPotion"},{"floor":29.0,"key":"PowerPotion"},{"floor":30.0,"key":"PotionOfCapacity"}],"is_trial":false,"path_per_floor":["M","M","?","M","M","E","R","E","T","M","R","M","E","M","R","B",null,"M","$","M","?","M","E","R","E","T","R","M","M","M","$","R","B",null,"M","?","M","$","?","E","M","M","T","E","M","E","M","T","R","B",null],"character_chosen":"DEFECT","items_purchased":["DataDisk","Amplify","Defragment","Seek"],"campfire_rested":1,"item_purchase_floors":[19,31,38,38],"current_hp_per_floor":[64,64,64,64,56,39,39,20,20,16,37,37,27,26,26,26,60,54,69,69,48,48,32,32,24,24,24,24,24,24,39,39,17,58,58,58,38,53,53,53,53,50,50,45,24,8,11,11,11,11],"gold":179,"neow_bonus":"THREE_ENEMY_KILL","is_daily":false,"chose_seed":false,"campfire_upgraded":6,"win_rate":0.0,"timestamp":1613421038,"path_taken":["M","M","?","M","M","E","R","E","T","?","R","M","E","M","R","BOSS","M","?","M","?","M","E","R","E","T","R","M","M","M","$","R","BOSS","M","?","M","$","?","E","M","M","T","E","M","E","M","?","R","BOSS"],"items_purchased_type":["Relic","Card","Card","Card"],"build_version":"2020-12-22","purchased_purges":2,"victory":true,"max_hp_per_floor":[71,71,71,71,71,71,71,71,71,71,71,71,71,71,71,71,71,71,71,71,71,71,71,71,71,71,71,71,71,71,71,71,71,71,71,71,71,71,71,71,71,71,71,71,71,71,71,71,71,71],"card_choices":[{"not_picked":["Go for the Eyes","Compile Driver"],"picked":"Leap","floor":1.0},{"not_picked":["Rebound","Sweeping Beam"],"picked":"Defragment","floor":2.0},{"not_picked":["Hologram","Steam Power"],"picked":"Streamline","floor":4.0},{"not_picked":["Reinforced Body","Conserve Battery"],"picked":"Glacier","floor":5.0},{"not_picked":["Chaos","Streamline"],"picked":"Rainbow","floor":6.0},{"not_picked":["FTL","Beam Cell","Chaos"],"picked":"SKIP","floor":8.0},{"not_picked":["Rebound","Gash"],"picked":"Tempest","floor":10.0},{"not_picked":["Chaos","Sunder"],"picked":"Lockon","floor":12.0},{"not_picked":["Reprogram","Heatsinks"],"picked":"Hologram","floor":13.0},{"not_picked":["Conserve Battery","Double Energy","Sweeping Beam"],"picked":"SKIP","floor":14.0},{"not_picked":["Machine Learning","Creative AI"],"picked":"Thunder Strike","floor":16.0},{"not_picked":["Stack","Gash","Sunder"],"picked":"SKIP","floor":18.0},{"not_picked":["Ball Lightning","Streamline"],"picked":"Undo","floor":20.0},{"not_picked":["Darkness","Barrage+1","Leap"],"picked":"SKIP","floor":22.0},{"not_picked":["BootSequence","Genetic Algorithm"],"picked":"Defragment+1","floor":23.0},{"not_picked":["Redo","Beam Cell"],"picked":"Capacitor","floor":25.0},{"not_picked":["Hologram","Turbo"],"picked":"Coolheaded+1","floor":28.0},{"not_picked":["Compile Driver","Reprogram"],"picked":"Loop","floor":29.0},{"not_picked":["Blizzard","Redo+1","Force Field"],"picked":"SKIP","floor":30.0},{"not_picked":["Meteor Strike","Thunder Strike"],"picked":"Reboot","floor":33.0},{"not_picked":["Gash","Redo","Consume"],"picked":"SKIP","floor":35.0},{"not_picked":["Double Energy+1","Rebound","Ball Lightning+1"],"picked":"SKIP","floor":37.0},{"not_picked":["Force Field","Undo"],"picked":"Compile Driver","floor":40.0},{"not_picked":["Hologram","Lockon+1"],"picked":"Loop","floor":41.0},{"not_picked":["Hologram","Rebound","Doom and Gloom"],"picked":"SKIP","floor":42.0},{"not_picked":["Steam","Redo","Sweeping Beam"],"picked":"SKIP","floor":44.0},{"not_picked":["Rebound","Hello World+1","BootSequence"],"picked":"SKIP","floor":45.0},{"not_picked":["Heatsinks","Stack+1","Hologram"],"picked":"SKIP","floor":46},{"not_picked":["Sweeping Beam","Chill","Compile Driver+1"],"picked":"SKIP","floor":47}],"player_experience":328506,"relics_obtained":[{"floor":6.0,"key":"Pocketwatch"},{"floor":8.0,"key":"MealTicket"},{"floor":9.0,"key":"Art of War"},{"floor":13.0,"key":"War Paint"},{"floor":21.0,"key":"Necronomicon"},{"floor":23.0,"key":"Orichalcum"},{"floor":25.0,"key":"Lizard Tail"},{"floor":40.0,"key":"Dead Branch"},{"floor":43.0,"key":"Omamori"},{"floor":44.0,"key":"Regal Pillow"},{"floor":46,"key":"Gremlin Horn"},{"floor":48,"key":"Anchor"}],"event_choices":[{"cards_removed":["Defend_B"],"damage_healed":0.0,"max_hp_gain":0.0,"max_hp_loss":0.0,"gold_gain":0.0,"event_name":"Bonfire Elementals","player_choice":"Offered Basic","floor":3.0,"gold_loss":0.0,"damage_taken":0.0},{"damage_healed":0.0,"max_hp_gain":0.0,"max_hp_loss":0.0,"gold_gain":0.0,"event_name":"Cursed Tome","player_choice":"Obtained Book","floor":21.0,"gold_loss":0.0,"damage_taken":21.0},{"cards_removed":["Lockon"],"damage_healed":0.0,"max_hp_gain":0.0,"max_hp_loss":0.0,"gold_gain":0.0,"event_name":"Falling","player_choice":"Removed Attack","floor":36.0,"gold_loss":0.0,"damage_taken":0.0},{"damage_healed":0.0,"max_hp_gain":0.0,"max_hp_loss":0.0,"gold_gain":0.0,"event_name":"Tomb of Lord Red Mask","player_choice":"Paid","floor":39.0,"gold_loss":56.0,"damage_taken":0.0,"relics_obtained":["Red Mask"]}],"is_beta":false,"boss_relics":[{"not_picked":["Astrolabe","Inserter"],"picked":"Coffee Dripper"},{"not_picked":["Black Star","Pandora\u0027s Box"],"picked":"Sozu"}],"items_purged_floors":[19,31],"is_endless":false,"potions_floor_spawned":[5,6,10,12,14,18,25,29,30,33,35,44,45,46],"ascension_level":15}}