{"host":"rsal8t78l1a5jz1a","time":1613391084,"event":{"mods":["Act Like it!","BaseMod","Duelist Mod","GifTheSpireLib","Marked Mod","Minty Spire (QoL Compilation)","StSLib"],"gold_per_floor":[142,10000,8721,8733,8751,8782,8801,7637,7714,7731,7731,7760,7760,7776,7776,7896,7896,7913,7880,7880,6831,6831,6831,6831],"floor_reached":23,"language":"ZHS","playtime":1882,"items_purged":["theDuelist:CastleWalls"],"score":218,"play_id":"9c0d27b6-3fe8-4f29-a1e9-819bde6efd69","local_time":"20210215201124","is_ascension_mode":false,"campfire_choices":[{"floor":13,"key":"REST"},{"floor":15,"key":"REST"}],"circlet_count":0,"master_deck":["theDuelist:BabyDragon","theDuelist:CastleWalls+1","theDuelist:CaveDragon","theDuelist:CaveDragon","theDuelist:LesserDragon","theDuelist:LesserDragon","theDuelist:Sparks","theDuelist:Sparks","theDuelist:YamataDragon","theDuelist:CyberDragonCore","theDuelist:Dracocension+1","theDuelist:StardustDragon","theDuelist:Vandalgyon","theDuelist:BlacklandFireDragon","theDuelist:CyberDinosaur","theDuelist:MagicalStone","theDuelist:Raigeki","theDuelist:SilverWing","theDuelist:CoralDragon","theDuelist:Freezadon","theDuelist:DragonTreasure","theDuelist:ArmedDragon3","theDuelist:BlackBrutdrago","theDuelist:Earthquake","theDuelist:HorusServant","theDuelist:Mountain","theDuelist:FrostflameDragon","theDuelist:GuardragonJusticia","theDuelist:BigFire","theDuelist:DragonMirror","theDuelist:TailSwipe","theDuelist:ArmageddonDragonEmp","theDuelist:MetalDragon+1","theDuelist:YellowBelliedOni","theDuelist:BigEye","theDuelist:MaskedDragon","theDuelist:MirageDragon","theDuelist:CyberDragonNachster","theDuelist:AxeDespair"],"relics":["theDuelist:MillenniumPuzzle","theDuelist:CardPoolRelic","theDuelist:CardPoolBasicRelic","theDuelist:BoosterPackPoolRelic","theDuelist:CardPoolAddRelic","theDuelist:CardPoolMinusRelic","theDuelist:CardPoolSaveRelic","theDuelist:CardPoolOptionsRelic","NeowsBlessing","Red Skull","Centennial Puzzle","theDuelist:MarkExxod","Bird Faced Urn","theDuelist:ElectricBurst","Bag of Marbles","theDuelist:CardRewardRelicH","Paper Frog","theDuelist:MetronomeRelicB","Inserter","Kunai","Pen Nib","War Paint","TwistedFunnel"],"acts_visited":["Exordium","TheCity"],"potions_floor_usage":[6,6,6,16,16,16,23,23,23],"damage_taken":[{"damage":0,"enemies":"Jaw Worm","floor":1,"turns":1},{"damage":0,"enemies":"Cultist","floor":4,"turns":1},{"damage":0,"enemies":"Small Slimes","floor":5,"turns":1},{"damage":19,"enemies":"3 Sentries","floor":6,"turns":8},{"damage":28,"enemies":"Gremlin Gang","floor":7,"turns":6},{"damage":9,"enemies":"Red Slaver","floor":10,"turns":2},{"damage":47,"enemies":"Large Slime","floor":12,"turns":8},{"damage":0,"enemies":"Gremlin Gang","floor":14,"turns":1},{"damage":43,"enemies":"Hexaghost","floor":16,"turns":9},{"damage":10,"enemies":"Shell Parasite","floor":18,"turns":3},{"damage":25,"enemies":"2 Thieves","floor":19,"turns":5},{"damage":63,"enemies":"Slavers","floor":23,"turns":5}],"seed_played":"8469228159794729762","potions_obtained":[{"floor":4,"key":"Regen Potion"},{"floor":6,"key":"FocusPotion"},{"floor":14,"key":"Explosive Potion"},{"floor":16,"key":"theDuelist:LavaBottle"},{"floor":18,"key":"theDuelist:BabyPotion"}],"is_trial":false,"path_per_floor":["M","?","$","M","M","E","M","$","T","M","?","M","R","M","R","B",null,"M","M","T","$","?","E"],"character_chosen":"THE_DUELIST","items_purchased":["Red Skull","Centennial Puzzle","theDuelist:MarkExxod","theDuelist:Dracocension","theDuelist:StardustDragon","theDuelist:Vandalgyon","theDuelist:BlacklandFireDragon","theDuelist:CyberDinosaur","theDuelist:MagicalStone","theDuelist:Raigeki","theDuelist:FlamingBottle","theDuelist:SummonArmorPotion","theDuelist:ElectricBurst","Bag of Marbles","theDuelist:CardRewardRelicH","theDuelist:BlackBrutdrago","theDuelist:Earthquake","theDuelist:HorusServant","theDuelist:Mountain","theDuelist:FrostflameDragon","theDuelist:DragonOrbPlusBottle","PowerPotion","Pen Nib","War Paint","TwistedFunnel","theDuelist:YellowBelliedOni","theDuelist:BigEye","theDuelist:MaskedDragon","theDuelist:MirageDragon","theDuelist:CyberDragonNachster","theDuelist:AxeDespair","theDuelist:DragonTreasure","theDuelist:LavaBottle"],"campfire_rested":2,"item_purchase_floors":[3,3,3,3,3,3,3,3,3,3,3,3,8,8,8,8,8,8,8,8,8,8,21,21,21,21,21,21,21,21,21,21,21],"current_hp_per_floor":[80,80,90,90,90,81,57,57,57,50,50,9,36,36,63,28,90,80,57,57,57,57,0,0],"gold":6831,"neow_bonus":"THREE_ENEMY_KILL","is_daily":false,"chose_seed":false,"campfire_upgraded":0,"win_rate":0.0,"timestamp":1613391084,"path_taken":["M","?","$","?","M","E","M","$","T","M","?","M","R","M","R","BOSS","M","?","?","$","?","E"],"items_purchased_type":["Relic","Relic","Relic","Card","Card","Card","Card","Card","Card","Card","Potion","Potion","Relic","Relic","Relic","Card","Card","Card","Card","Card","Potion","Potion","Relic","Relic","Relic","Card","Card","Card","Card","Card","Card","Card","Potion"],"build_version":"2020-12-22","purchased_purges":1,"victory":false,"max_hp_per_floor":[80,80,90,90,90,90,90,90,90,90,90,90,90,90,90,90,90,90,90,90,90,90,90,90],"card_choices":[{"not_picked":["theDuelist:DarkHorus","theDuelist:CyberValley","theDuelist:CyberDragonNachster","theDuelist:RedRisingDragon"],"picked":"theDuelist:CyberDragonCore","floor":1},{"not_picked":["theDuelist:WhiteHornDragon","theDuelist:SystemDown","theDuelist:JurassicImpact"],"picked":"theDuelist:SilverWing","floor":4},{"not_picked":["theDuelist:Earthquake","theDuelist:MegafleetDragon","theDuelist:Beatraptor","theDuelist:VolcanicEruption"],"picked":"theDuelist:CoralDragon","floor":5},{"not_picked":["theDuelist:TwinHeadedFire","theDuelist:MadSwordBeast","theDuelist:SphereChaos","theDuelist:BoosterDragon"],"picked":"theDuelist:Freezadon","floor":6},{"not_picked":["theDuelist:WhiteHornDragon","theDuelist:JurassicImpact","theDuelist:GalaxySoldier"],"picked":"theDuelist:DragonTreasure","floor":7},{"not_picked":["theDuelist:TrihornedDragon","theDuelist:MegafleetDragon","theDuelist:CyberEndDragon","theDuelist:BoosterDragon"],"picked":"theDuelist:GuardragonJusticia","floor":10},{"not_picked":["theDuelist:BattleguardKing","theDuelist:Hinotama","theDuelist:RainbowOverdragon","theDuelist:LightningDarts"],"picked":"theDuelist:BigFire","floor":12},{"not_picked":["theDuelist:SpiralSpearStrike","theDuelist:VeilDarkness","theDuelist:SilverWing","theDuelist:SuperStridentBlaze"],"picked":"theDuelist:DragonMirror","floor":14},{"not_picked":["theDuelist:QueenDragunDjinn","theDuelist:LostWorld","theDuelist:DoomkaiserDragon","theDuelist:ArmageddonDragonEmp"],"picked":"theDuelist:TailSwipe","floor":16},{"not_picked":["theDuelist:QueenDragunDjinn","theDuelist:OceanDragonLord","theDuelist:Lancephorhynchus+1","theDuelist:BlasterDragonInfernos+1"],"picked":"theDuelist:ArmageddonDragonEmp","floor":18},{"not_picked":["theDuelist:MythicWaterDragon","theDuelist:BlizzardDragon","theDuelist:BlacklandFireDragon","theDuelist:DoomkaiserDragon"],"picked":"theDuelist:MetalDragon+1","floor":19}],"player_experience":79075,"relics_obtained":[{"floor":6,"key":"Bird Faced Urn"},{"floor":9,"key":"Paper Frog"},{"floor":20,"key":"Kunai"}],"event_choices":[{"damage_healed":0,"gold_gain":0,"player_choice":"Leave","duelist":true,"damage_taken":0,"max_hp_gain":0,"max_hp_loss":0,"event_name":"Relic Duplicator","floor":2,"gold_loss":0},{"damage_healed":0,"gold_gain":0,"player_choice":"Gave Potion","damage_taken":0,"relics_obtained":["theDuelist:MetronomeRelicB"],"max_hp_gain":0,"max_hp_loss":0,"event_name":"WeMeetAgain","floor":11,"gold_loss":0},{"damage_healed":0,"gold_gain":0,"player_choice":"Ignored","damage_taken":0,"max_hp_gain":0,"max_hp_loss":0,"event_name":"Purifier","floor":22,"gold_loss":0}],"is_beta":false,"boss_relics":[{"not_picked":["Sozu","theDuelist:GamblerChip"],"picked":"Inserter"}],"items_purged_floors":[3],"is_endless":false,"potions_floor_spawned":[4,5,6,10,14,16,18],"killed_by":"Slavers","ascension_level":0}}