{"host":"mulvwr6fzlda1d2f","time":1613377710,"event":{"mods":["BaseMod","BetterRewards","Hermit","Marisa????????","Minty Spire (QoL Compilation)","Quick Restart","Remove Card Discount Mod","Replay The Spire","StSLib","The Bladedancer","The Runesmith","egg"],"gold_per_floor":[116,116,116,136,153,153,171,171,194,205,205,232,248,262,262,363,363,381,381,306,306],"floor_reached":20,"language":"ENG","playtime":897,"items_purged":[],"score":226,"play_id":"62c54719-2aaa-4ddf-a493-2a41fc640fde","local_time":"20210215002830","is_ascension_mode":false,"campfire_choices":[{"data":"Redo","floor":6,"key":"SMITH"},{"floor":8,"key":"RECALL"},{"data":"Zap","floor":15,"key":"SMITH"}],"circlet_count":0,"master_deck":["Strike_B","Strike_B","Strike_B","Strike_B","Defend_B","Defend_B","Defend_B","Defend_B","Zap+1","Dualcast+1","Echo Form","Capacitor","Go for the Eyes","Redo+1","BasicCrystalCard","Amplify","Cold Snap","Coolheaded","All For One"],"relics":["FrozenCore","Thread and Needle","Replay:Baseball","Vajra","Pondfish Scales"],"acts_visited":["Exordium","TheCity"],"potions_floor_usage":[11,16,18],"damage_taken":[{"damage":2,"enemies":"Jaw Worm","floor":1,"turns":3},{"damage":5,"enemies":"2 Louse","floor":4,"turns":3},{"damage":0,"enemies":"Small Slimes","floor":5,"turns":2},{"damage":0,"enemies":"Exordium Wildlife","floor":7,"turns":4},{"damage":0,"enemies":"Large Slime","floor":10,"turns":5},{"damage":0,"enemies":"The Mushroom Lair","floor":11,"turns":1},{"damage":16,"enemies":"Lagavulin","floor":12,"turns":9},{"damage":2,"enemies":"Gremlin Gang","floor":13,"turns":5},{"damage":0,"enemies":"Lots of Slimes","floor":14,"turns":4},{"damage":0,"enemies":"The Guardian","floor":16,"turns":11},{"damage":0,"enemies":"3 Byrds","floor":18,"turns":6},{"damage":10,"enemies":"2 Thieves","floor":20,"turns":5}],"seed_played":"-5366919995943879909","potions_obtained":[{"floor":1,"key":"SmokeBomb"},{"floor":5,"key":"Energy Potion"},{"floor":12,"key":"AttackPotion"}],"is_trial":false,"path_per_floor":["M","?","?","M","M","R","M","R","T","M","?","E","M","M","R","B",null,"M","?","M"],"character_chosen":"DEFECT","items_purchased":["FairyPotion","Echo Form"],"campfire_rested":0,"item_purchase_floors":[0,0],"current_hp_per_floor":[73,73,78,73,73,73,73,73,73,73,73,57,55,55,55,55,80,80,80,70,70],"gold":306,"neow_bonus":"","is_daily":false,"chose_seed":false,"campfire_upgraded":2,"win_rate":0.0,"timestamp":1613377710,"path_taken":["M","?","?","M","M","R","M","R","T","M","?","E","?","M","R","BOSS","M","?","M"],"items_purchased_type":["Potion","Card"],"build_version":"2020-12-22","purchased_purges":0,"victory":false,"max_hp_per_floor":[75,75,80,80,80,80,80,80,80,80,80,80,80,80,80,80,80,80,80,80,80],"card_choices":[{"not_picked":["Panic Button","Steam Power"],"picked":"Capacitor","floor":1},{"not_picked":["Melter","Barrage"],"picked":"Go for the Eyes","floor":4},{"not_picked":["Stack","Leap"],"picked":"Redo","floor":5},{"not_picked":["Steam Power","Genetic Algorithm"],"picked":"BasicCrystalCard","floor":7},{"not_picked":["Ball Lightning","BasicCrystalCard"],"picked":"Amplify","floor":10},{"not_picked":["Capacitor","Sweeping Beam"],"picked":"Cold Snap","floor":12},{"not_picked":["Steam Power","Steam","Ball Lightning"],"picked":"SKIP","floor":13},{"not_picked":["Ball Lightning","Heatsinks"],"picked":"Coolheaded","floor":14},{"not_picked":["Machine Learning","Meteor Strike"],"picked":"All For One","floor":16},{"not_picked":["Storm","Coolheaded+1","BasicCrystalCard"],"picked":"SKIP","floor":18}],"player_experience":256077,"relics_obtained":[{"floor":9,"key":"Vajra"},{"floor":12,"key":"Pondfish Scales"}],"event_choices":[{"damage_healed":0,"gold_gain":0,"player_choice":"Grow","damage_taken":0,"max_hp_gain":0,"max_hp_loss":0,"event_name":"Living Wall","floor":2,"gold_loss":0,"cards_upgraded":["Dualcast"]},{"damage_healed":0,"gold_gain":0,"player_choice":"Donut","damage_taken":0,"max_hp_gain":5,"max_hp_loss":0,"event_name":"Big Fish","floor":3,"gold_loss":0},{"damage_healed":0,"gold_gain":0,"player_choice":"Fought Mushrooms","damage_taken":0,"max_hp_gain":0,"max_hp_loss":0,"event_name":"Mushrooms","floor":11,"gold_loss":0},{"damage_healed":0,"gold_gain":0,"player_choice":"Ignored","damage_taken":0,"max_hp_gain":0,"max_hp_loss":0,"event_name":"NoteForYourself","floor":19,"gold_loss":0}],"is_beta":false,"boss_relics":[{"not_picked":["Pandora\u0027s Box","Velvet Choker"],"picked":"FrozenCore"}],"items_purged_floors":[],"is_endless":false,"potions_floor_spawned":[1,5,11,12],"killed_by":"2 Thieves","ascension_level":0}}