{"host":"or8fr2mp0k3eluj8","time":1613379204,"event":{"mods":["AchievementEnabler","BaseMod","Colored Map","DeckTracker","Minty Spire (QoL Compilation)","SuperFastMode"],"gold_per_floor":[110,185,185,185,185,198,238,238,238,259,259,280,280,313,313,434,434,434,434,434,434,434,434,349,349,349,349,349,349,349,349,349,349,349],"floor_reached":33,"language":"KOR","playtime":756,"items_purged":[],"score":275,"play_id":"d27f135d-840c-42b9-889c-1ba4a1f9ae5a","local_time":"20210215175324","is_ascension_mode":false,"campfire_choices":[{"data":"Eruption","floor":11.0,"key":"SMITH"},{"floor":13.0,"key":"REST"},{"floor":15.0,"key":"REST"},{"data":"MentalFortress","floor":23.0,"key":"SMITH"},{"floor":27.0,"key":"RECALL"},{"floor":32,"key":"REST"}],"circlet_count":0,"master_deck":["Strike_P","Strike_P+1","Strike_P+1","Defend_P","Defend_P","Defend_P","Eruption+1","Vigilance","MentalFortress+1","InnerPeace","SashWhip","EmptyFist","Judgement","FlurryOfBlows","Writhe"],"relics":["PureWater","NeowsBlessing","Golden Idol","Torii","Mercury Hourglass","Matryoshka","Darkstone Periapt","Ectoplasm","Lantern","Art of War","Nunchaku","GoldenEye"],"acts_visited":["Exordium","TheCity"],"potions_floor_usage":[30,33,33],"damage_taken":[{"damage":0.0,"enemies":"2 Louse","floor":1.0,"turns":1.0},{"damage":0.0,"enemies":"Small Slimes","floor":6.0,"turns":1.0},{"damage":1.0,"enemies":"3 Sentries","floor":7.0,"turns":2.0},{"damage":1.0,"enemies":"Jaw Worm","floor":10.0,"turns":2.0},{"damage":1.0,"enemies":"2 Fungi Beasts","floor":12.0,"turns":2.0},{"damage":22.0,"enemies":"Lagavulin","floor":14.0,"turns":4.0},{"damage":29.0,"enemies":"Slime Boss","floor":16.0,"turns":7.0},{"damage":0.0,"enemies":"Spheric Guardian","floor":18.0,"turns":1.0},{"damage":1.0,"enemies":"Chosen","floor":20.0,"turns":4.0},{"damage":10.0,"enemies":"Centurion and Healer","floor":21.0,"turns":6.0},{"damage":39.0,"enemies":"Chosen and Byrds","floor":28.0,"turns":5.0},{"damage":2.0,"enemies":"Cultist and Chosen","floor":29.0,"turns":5.0},{"damage":13,"enemies":"Gremlin Leader","floor":30,"turns":4},{"damage":0,"enemies":"Snecko","floor":31,"turns":3},{"damage":44,"enemies":"Champ","floor":33,"turns":5}],"seed_played":"-2072807740887380990","potions_obtained":[{"floor":1.0,"key":"SkillPotion"},{"floor":7.0,"key":"AttackPotion"},{"floor":12.0,"key":"Energy Potion"},{"floor":14.0,"key":"SteroidPotion"},{"floor":28.0,"key":"StancePotion"},{"floor":29.0,"key":"Dexterity Potion"},{"floor":30,"key":"CultistPotion"},{"floor":31,"key":"SmokeBomb"}],"is_trial":false,"path_per_floor":["M","?","?","?","T","M","E","?","T","M","R","M","R","E","R","B",null,"M","?","M","M","?","R","?","?","T","R","M","M","E","M","R","B"],"character_chosen":"WATCHER","items_purchased":[],"campfire_rested":3,"item_purchase_floors":[],"current_hp_per_floor":[72,61,61,43,43,43,42,28,28,27,27,26,47,25,46,17,72,72,72,71,61,61,61,61,67,67,67,28,26,13,13,36,0,0],"gold":349,"neow_bonus":"THREE_ENEMY_KILL","is_daily":false,"chose_seed":false,"campfire_upgraded":2,"win_rate":0.0,"timestamp":1613379204,"path_taken":["M","?","?","?","?","M","E","?","T","M","R","M","R","E","R","BOSS","M","?","M","M","?","R","?","?","T","R","M","?","E","M","R","BOSS"],"items_purchased_type":[],"build_version":"2020-12-22","purchased_purges":0,"victory":false,"max_hp_per_floor":[72,72,72,72,72,72,72,72,72,72,72,72,72,72,72,72,72,72,72,72,72,72,72,72,78,78,78,78,78,78,78,78,78,78],"card_choices":[{"not_picked":["PathToVictory","Sanctity"],"picked":"MentalFortress","floor":1.0},{"not_picked":["FlyingSleeves","FlurryOfBlows"],"picked":"InnerPeace","floor":6.0},{"not_picked":["FlyingSleeves","ThirdEye"],"picked":"SashWhip","floor":7.0},{"not_picked":["ThirdEye","MentalFortress"],"picked":"EmptyFist","floor":10.0},{"not_picked":["ForeignInfluence","ThirdEye","CutThroughFate"],"picked":"SKIP","floor":12.0},{"not_picked":["Ragnarok","FearNoEvil","LikeWater"],"picked":"SKIP","floor":14.0},{"not_picked":["Establishment","MasterReality"],"picked":"Judgement","floor":16.0},{"not_picked":["MentalFortress","FlurryOfBlows","FollowUp+1"],"picked":"SKIP","floor":18.0},{"not_picked":["FearNoEvil","ClearTheMind"],"picked":"FlurryOfBlows","floor":20.0},{"not_picked":["WindmillStrike","BowlingBash","SashWhip"],"picked":"SKIP","floor":21.0},{"not_picked":["Meditate","Indignation","ForeignInfluence+1"],"picked":"SKIP","floor":28.0},{"not_picked":["LikeWater","ThirdEye","Halt"],"picked":"SKIP","floor":29.0},{"not_picked":["Blasphemy","Study+1","FearNoEvil"],"picked":"SKIP","floor":30},{"not_picked":["FlurryOfBlows+1","WaveOfTheHand+1","Perseverance"],"picked":"SKIP","floor":31}],"player_experience":326311,"relics_obtained":[{"floor":5.0,"key":"Torii"},{"floor":7.0,"key":"Mercury Hourglass"},{"floor":9.0,"key":"Matryoshka"},{"floor":14.0,"key":"Darkstone Periapt"},{"floor":26.0,"key":"Nunchaku"},{"floor":30,"key":"GoldenEye"}],"event_choices":[{"damage_healed":0.0,"max_hp_gain":0.0,"max_hp_loss":0.0,"gold_gain":75.0,"event_name":"World of Goop","player_choice":"Gather Gold","floor":2.0,"gold_loss":0.0,"damage_taken":11.0},{"cards_removed":["Defend_P"],"damage_healed":0.0,"max_hp_gain":0.0,"max_hp_loss":0.0,"gold_gain":0.0,"event_name":"Living Wall","player_choice":"Forget","floor":3.0,"gold_loss":0.0,"damage_taken":0.0},{"damage_healed":0.0,"max_hp_gain":0.0,"max_hp_loss":0.0,"gold_gain":0.0,"event_name":"Golden Idol","player_choice":"Take Damage","floor":4.0,"gold_loss":0.0,"damage_taken":18.0,"relics_obtained":["Golden Idol"]},{"damage_healed":0.0,"max_hp_gain":0.0,"max_hp_loss":0.0,"gold_gain":0.0,"event_name":"Shining Light","player_choice":"Entered Light","floor":8.0,"gold_loss":0.0,"damage_taken":14.0,"cards_upgraded":["Strike_P","Strike_P"]},{"cards_removed":["Strike_P"],"damage_healed":0.0,"max_hp_gain":0.0,"max_hp_loss":0.0,"gold_gain":0.0,"event_name":"Back to Basics","player_choice":"Elegance","floor":19.0,"gold_loss":0.0,"damage_taken":0.0},{"damage_healed":0.0,"max_hp_gain":0.0,"max_hp_loss":0.0,"gold_gain":99.0,"event_name":"Nest","player_choice":"Stole From Cult","floor":22.0,"gold_loss":0.0,"damage_taken":0.0},{"damage_healed":0.0,"max_hp_gain":0.0,"max_hp_loss":0.0,"gold_gain":0.0,"event_name":"Addict","player_choice":"Obtained Relic","floor":24.0,"gold_loss":85.0,"damage_taken":0.0,"relics_obtained":["Lantern"]},{"damage_healed":0.0,"max_hp_gain":0.0,"max_hp_loss":0.0,"gold_gain":0.0,"event_name":"The Mausoleum","player_choice":"Opened","floor":25.0,"gold_loss":0.0,"damage_taken":0.0,"relics_obtained":["Art of War"],"cards_obtained":["Writhe"]}],"is_beta":false,"boss_relics":[{"not_picked":["Velvet Choker","Runic Dome"],"picked":"Ectoplasm"}],"items_purged_floors":[],"is_endless":false,"potions_floor_spawned":[1,7,12,14,28,29,30,31],"killed_by":"Champ","ascension_level":0}}