{"host":"imuivj26agbrliq2","time":1613393783,"event":{"mods":["AchievementEnabler","Act Like it!","Aspiration","BaseMod","Colored Map","Colored Powertips","Dota2Spire","Friendly Minions","Gensokyo","GifTheSpireLib","Hallownest","Hermit","Highlight Path","KinomotoSakuraMod(木之本樱)","Koishi","Lobotomy","LobotomyExtend","Marisa（F雨　魔理沙）","Minty Spire (QoL Compilation)","Quick Restart","Rare Cards Sparkle","Relic Stats","Remilia（蕾米莉亚）","Replay The Spire","RumiaBox-露米娅的神秘盒子","Spicy Shops","StSLib","The Administrix","The Animator","The Blackbeard","The Bug Knight","The Cursed","The Hierophant","The Mystic","The Runesmith","The Servant 0.9.4","Yakumo Yukari mod","Youmu（魂魄妖梦）","Yuyuko","【功能Mod】混沌之环修复补丁","【功能Mod】聪明的最终Boss"],"gold_per_floor":[128,128,128,141,141,141,18,18,18,53,80,114,114,129,129,226,226,226,226],"floor_reached":18,"language":"ZHS","playtime":1940,"items_purged":[],"score":168,"play_id":"cdaafb7f-d165-4ca7-b84e-455be41bd751","local_time":"20210215205623","is_ascension_mode":false,"campfire_choices":[{"data":"animator:Demiurge","floor":6,"key":"SMITH"},{"data":"animator:DolaCouronne","floor":8,"key":"SMITH"},{"floor":15,"key":"REST"}],"circlet_count":0,"master_deck":["animator:Strike_NoGameNoLife","animator:Defend_NoGameNoLife","animator:Strike","animator:Defend","animator:DolaCouronne+1","animator:Viivi","animator:Demiurge+1","Atom Bomb","Dodge and Roll","Predator","animator:GazelDwargon","animator:Scar","animator:AcuraAkari","animator:DolaRiku","animator:EmiyaShirou","Clumsy","animator:ShinjiMatou","animator:Sebas","animator:PinaCoLada"],"relics":["animator:LivingPicture","animator:TheMissingPiece","Dota2Spire:ArcaneBoots","LetterFromLob","Dota2Spire:AghanimScepter","Gensokyo:YoukaiFlower","Dota2Spire:OrchidMalevolence","aspiration:FrozenJewel","Replay:PocketPolymizer","Gensokyo:NagashiBinaDoll","SlaversCollar","MagicBullet_r"],"acts_visited":["Gensokyo:Gensokyo","TheCity"],"potions_floor_usage":[10,16,16],"damage_taken":[{"damage":1,"enemies":"Gensokyo:Python","floor":1,"turns":4},{"damage":0,"enemies":"Gensokyo:3_Fairies","floor":4,"turns":3},{"damage":13,"enemies":"Gensokyo:Cirno","floor":10,"turns":9},{"damage":0,"enemies":"Gensokyo:2_Kodama","floor":11,"turns":3},{"damage":20,"enemies":"Gensokyo:Aya","floor":12,"turns":3},{"damage":4,"enemies":"Gensokyo:VengefulSpirit","floor":14,"turns":2},{"damage":23,"enemies":"Gensokyo:Reimu","floor":16,"turns":18}],"seed_played":"-8820535160110835811","potions_obtained":[{"floor":4,"key":"Flashbang"},{"floor":10,"key":"Ancient Potion"},{"floor":12,"key":"SteroidPotion"}],"is_trial":false,"path_per_floor":["M","T","?","M","?","R","$","R","T","E","M","E","?","M","R_BF","B",null,"M"],"character_chosen":"THE_ANIMATOR","items_purchased":["animator:GazelDwargon","animator:Scar"],"campfire_rested":1,"item_purchase_floors":[7,7],"current_hp_per_floor":[65,65,65,65,65,65,65,65,65,53,53,33,33,29,49,26,67,0,0],"gold":226,"neow_bonus":"RANDOM_COMMON_RELIC","is_daily":false,"chose_seed":false,"campfire_upgraded":2,"win_rate":0.0,"timestamp":1613393783,"path_taken":["M","?","?","M","?","R","$","R","T","E","?","E","?","M","R_BF","BOSS","M"],"items_purchased_type":["Card","Card"],"build_version":"2020-12-22","purchased_purges":0,"victory":false,"max_hp_per_floor":[66,66,66,66,66,66,66,66,66,67,67,67,67,67,67,67,67,1,1],"relic_stats":{"counters":[7,42],"obtain_stats":[{"SlaversCollar":17,"Dota2Spire:AghanimScepter":2,"Replay:PocketPolymizer":12,"MagicBullet_r":18,"animator:TheMissingPiece":0,"Dota2Spire:OrchidMalevolence":9,"Gensokyo:YoukaiFlower":3,"animator:LivingPicture":0,"Gensokyo:NagashiBinaDoll":13,"LetterFromLob":1,"Dota2Spire:ArcaneBoots":0,"aspiration:FrozenJewel":10},{"SlaversCollar":7,"Dota2Spire:AghanimScepter":1,"Replay:PocketPolymizer":5,"MagicBullet_r":7,"animator:TheMissingPiece":0,"Dota2Spire:OrchidMalevolence":2,"Gensokyo:YoukaiFlower":1,"animator:LivingPicture":0,"Gensokyo:NagashiBinaDoll":5,"LetterFromLob":1,"Dota2Spire:ArcaneBoots":0,"aspiration:FrozenJewel":3},{"SlaversCollar":42,"Dota2Spire:AghanimScepter":4,"Replay:PocketPolymizer":22,"MagicBullet_r":42,"animator:TheMissingPiece":0,"Dota2Spire:OrchidMalevolence":7,"Gensokyo:YoukaiFlower":4,"animator:LivingPicture":0,"Gensokyo:NagashiBinaDoll":22,"LetterFromLob":4,"Dota2Spire:ArcaneBoots":0,"aspiration:FrozenJewel":16}]},"card_choices":[{"not_picked":["animator:Tyuule","animator:ElricEdward"],"picked":"animator:Viivi","floor":1},{"not_picked":["animator:LeleiLaLalena","animator:Sebas"],"picked":"animator:Demiurge","floor":4},{"not_picked":["animator:Sloth","animator:DolaCouronne"],"picked":"animator:AcuraAkari","floor":10},{"not_picked":["animator:DolaCouronne","animator:DolaSchwi"],"picked":"animator:DolaRiku","floor":11},{"not_picked":["animator:ElricEdward","animator:Tyuule"],"picked":"animator:EmiyaShirou","floor":12},{"not_picked":["animator:Alexander","animator:Shuna"],"picked":"animator:ShinjiMatou","floor":14},{"not_picked":["animator:Ainz","animator:Saber"],"picked":"animator:PinaCoLada","floor":16}],"player_experience":57218,"relics_obtained":[{"floor":1,"key":"LetterFromLob"},{"floor":2,"key":"Dota2Spire:AghanimScepter"},{"floor":9,"key":"Dota2Spire:OrchidMalevolence"},{"floor":10,"key":"aspiration:FrozenJewel"},{"floor":12,"key":"Replay:PocketPolymizer"}],"event_choices":[],"is_beta":false,"boss_relics":[{"not_picked":["animator:VividPicture","Busted Crown"],"picked":"SlaversCollar"}],"items_purged_floors":[],"is_endless":false,"potions_floor_spawned":[4,10,12],"ascension_level":0}}