{"host":"ow52dz0ufgwhhffk","time":1613380155,"event":{"mods":["Act Like it!","BaseMod","Conspire","Friendly Minions","Gensokyo","HololiveMod","Kiyohime£®«Âºß£©","Marisa£®ÏF”Í°°ƒß¿Ì…≥£©","Minty Spire (QoL Compilation)","MostiFishMod","Prisma Mod","Quick Restart","Reimu£®≤©¿ˆ¡È√Œ£©","Remilia£®¿Ÿ√◊¿Ú—«£©","StSLib","TestMod","The Servant 0.9.4","WarShipGirlsR/’ΩΩ¢…Ÿ≈ÆR mod","[IsaacMod]“‘»ˆº‚À˛","[JumpMod]ŒË∂Øº‚À˛"],"gold_per_floor":[109,109,124,141,66,66,114,127,127,4,4,38,58,93,93,188,188,204,218,245,295,311,340,340,340,340,366,381,381,30,30,30,127,127,145,13,39,58,358,390,401,401,401,433,37,37,67,67,67,67,67,67,19,48,48],"floor_reached":56,"language":"ZHS","playtime":4407,"items_purged":["PrismaMod:ChloeCommonAttack"],"score":2033,"play_id":"bf467391-cedb-4691-8b41-e0ca4c0385dc","local_time":"20210215170915","is_ascension_mode":false,"campfire_choices":[{"data":"PrismaMod:ChloeCheapAttack","floor":6.0,"key":"SMITH"},{"data":"PrismaMod:ChloeGreatTracePools","floor":15.0,"key":"SMITH"},{"floor":24.0,"key":"RECALL"},{"data":"BettingIsNotGood","floor":29.0,"key":"SMITH"},{"data":"PrismaMod:ChloeExcalibur","floor":32.0,"key":"SMITH"},{"data":"PrismaMod:ChloeGaeBolg","floor":42.0,"key":"SMITH"},{"data":"PrismaMod:ChloeDoubleRelicSpeed","floor":46,"key":"SMITH"},{"data":"PrismaMod:ChloeCarnivalAttack","floor":49,"key":"SMITH"},{"data":"PrismaMod:ChloeGaeBolg","floor":52,"key":"SMITH"}],"circlet_count":0,"master_deck":["PrismaMod:ChloeCommonAttack","PrismaMod:ChloeCommonDefend","PrismaMod:ChloeCommonDefend","PrismaMod:ChloeCommonDefend","PrismaMod:ChloeCommonDefend","PrismaMod:ChloeCommonDefend","PrismaMod:ChloeCheapAttack+1","PrismaMod:ChloeCheapDefend","BettingIsNotGood+1","PrismaMod:ChloeDiscardRecovery","PrismaMod:ChloeGaeBolg+1","PrismaMod:ChloeExhaustOne","PrismaMod:ChloeAnyRareTrace","PrismaMod:ChloeGaeBolg+1","PrismaMod:ChloeExcalibur+1","PrismaMod:ChloeCheapAttack","PrismaMod:ChloeCarnivalDefend","PrismaMod:ChloeGreatTracePools+1","PrismaMod:ChloeCheapDefend","PrismaMod:ChloeDoubleRelicSpeed+1","PrismaMod:ChloeExhaustOne","PrismaMod:ChloeEyeOfTheEuryale","PrismaMod:ChloeCheapDefend+1","PrismaMod:ChloeRuleBreaker+1","PrismaMod:ChloeCarnivalAttack+1","PrismaMod:ChloeMaid+1","PrismaMod:ChloeCheapDefend+1","PrismaMod:ChloeCarnivalAOEAttack","PrismaMod:ChloeCarnivalAOEAttack","PrismaMod:ChloeCheapDefend+1","PrismaMod:ChloeCheapDefendTwo+1","PrismaMod:ChloeCheapDefend+1","PrismaMod:ChloeCheapDefendTwo+1","PrismaMod:ChloeRhongomyniad+1","PrismaMod:ChloeUnlimitedBladeWorks+1","PrismaMod:ChloeRitsuka+1","PrismaMod:ChloeDemonicTutor+1","PrismaMod:ChloeAnySkillTrace","PrismaMod:ChloeCheapDefendTwo+1","Gensokyo:RainbowDanmaku+1","MostiFishMod:EE1D","MostiFishMod:EE1D","MostiFishMod:EE1D","PrismaMod:ChloeCheapAttack+1"],"relics":["PrismaMod:PrismaTraceOn","DaveBox","testmod-TestBox","HushsDoor","HowToJump","Civilization","testmod-RandomTest","DoctorsRemote","NeowsBlessing","SynthV:TestCard","Pear","Question Card","D6","Chaos","RedLine:ReiMu","SlaversCollar","RhineSuit","testmod-Nyarlathotep","Bottled Tornado","Bronze Scales","Gensokyo:MosesMiracle","Bag of Preparation","ExusiaiGun","testmod-FatalChain","Bottled Lightning","Damocles","DeathBook","Unceasing Top","Strawberry","testmod-TurbochargingSystem","Calipers","MyShadow","PreservedInsect","Velvet Choker","MoneyPower","Astrolabe","testmod-BouquetWithThorns","MomsKnife","conspire:GiftBox","Coffee Dripper","Omamori","EE1DDrone","MegaBlast"],"acts_visited":["Gensokyo:Gensokyo","Gensokyo:Gensokyoer","Gensokyo:Gensokyoest","TheEnding"],"potions_floor_usage":[48,55,55,55],"damage_taken":[{"damage":0.0,"enemies":"Gensokyo:3_Fairies","floor":1.0,"turns":1.0},{"damage":0.0,"enemies":"Gensokyo:Python","floor":3.0,"turns":1.0},{"damage":0.0,"enemies":"Gensokyo:Gryphon","floor":4.0,"turns":1.0},{"damage":14.0,"enemies":"Gensokyo:Aya","floor":7.0,"turns":5.0},{"damage":0.0,"enemies":"Gensokyo:2_Rabbits","floor":8.0,"turns":1.0},{"damage":3.0,"enemies":"Gensokyo:Cirno","floor":12.0,"turns":5.0},{"damage":0.0,"enemies":"Gensokyo:Gryphon_and_Rabbit","floor":13.0,"turns":2.0},{"damage":0.0,"enemies":"Gensokyo:Python_and_Kodama","floor":14.0,"turns":4.0},{"damage":15.0,"enemies":"Gensokyo:Yukari","floor":16.0,"turns":7.0},{"damage":0.0,"enemies":"Gensokyo:CosmicMonolith","floor":18.0,"turns":2.0},{"damage":5.0,"enemies":"Gensokyo:AngelMirror","floor":19.0,"turns":1.0},{"damage":0.0,"enemies":"Gensokyo:Slime_Group","floor":20.0,"turns":2.0},{"damage":0.0,"enemies":"Hiden Room Battle","floor":21.0,"turns":3.0},{"damage":3.0,"enemies":"Gensokyo:Wraith","floor":22.0,"turns":2.0},{"damage":15.0,"enemies":"Gensokyo:Tenshi","floor":23.0,"turns":2.0},{"damage":0.0,"enemies":"Gensokyo:Reisen","floor":27.0,"turns":2.0},{"damage":3.0,"enemies":"Gensokyo:Monolith_and_Dog","floor":28.0,"turns":3.0},{"damage":12.0,"enemies":"Gensokyo:Kaguya","floor":33.0,"turns":1.0},{"damage":0.0,"enemies":"Gensokyo:3_Boulders","floor":35.0,"turns":1.0},{"damage":0.0,"enemies":"conspire:MimicChest","floor":37.0,"turns":2.0},{"damage":0.0,"enemies":"Gensokyo:3_Bats","floor":38.0,"turns":1.0},{"damage":0.0,"enemies":"Gensokyo:Marisa","floor":40.0,"turns":1.0},{"damage":0.0,"enemies":"Gensokyo:SeedOfUnknown","floor":41.0,"turns":2.0},{"damage":0.0,"enemies":"Gensokyo:Doremy","floor":44.0,"turns":2.0},{"damage":0,"enemies":"Gensokyo:Kasen","floor":47,"turns":1},{"damage":0,"enemies":"Gensokyo:Kasen","floor":48,"turns":2},{"damage":0,"enemies":"Gensokyo:Yuyuko","floor":50,"turns":1},{"damage":0,"enemies":"Shield and Spear","floor":54,"turns":1},{"damage":0,"enemies":"The Heart","floor":55,"turns":3}],"seed_played":"-6518245096213813145","potions_obtained":[{"floor":1.0,"key":"Explosive Potion"},{"floor":3.0,"key":"SkillPotion"},{"floor":8.0,"key":"PowerPotion"},{"floor":14.0,"key":"testmod-TimePotion"},{"floor":20.0,"key":"Fruit Juice"},{"floor":21.0,"key":"testmod-SpacePotion"},{"floor":28.0,"key":"SteroidPotion"},{"floor":37.0,"key":"Fire Potion"},{"floor":38.0,"key":"DuplicationPotion"},{"floor":44,"key":"ColorlessPotion"}],"is_trial":false,"path_per_floor":["M","?","M","M","$","R","E","M","T","COS","?","E","M","M","R","B",null,"M","M","M","?","M","E","R","?","T","E","M","R","COS","T","R","B",null,"M","COS","?","M","?","E","M","R","T","E","$","R","E","?","R","B",null,"R","$","E","B",null],"character_chosen":"CHLOE","items_purchased":["Damocles","DeathBook","PrismaMod:ChloeCarnivalAOEAttack","MomsKnife","SpeedPotion"],"campfire_rested":0,"item_purchase_floors":[34,34,34,45,53],"current_hp_per_floor":[75,70,71,73,73,73,62,67,67,67,67,69,74,79,79,69,116,121,121,131,141,143,136,136,136,136,141,143,143,143,143,143,136,143,148,148,160,165,165,170,175,175,175,180,180,180,185,185,185,190,190,190,190,195,200],"gold":48,"neow_bonus":"THREE_ENEMY_KILL","is_daily":false,"chose_seed":false,"campfire_upgraded":8,"win_rate":0.0,"timestamp":1613380155,"path_taken":["M","?","M","?","?","R","E","M","T","COS","?","E","M","M","R","BOSS","M","M","M","?","M","E","R","?","T","E","?","R","COS","?","R","BOSS","M","COS","?","M","?","E","M","R","T","E","$","R","E","?","R","BOSS","R","$","E","BOSS"],"items_purchased_type":["Relic","Relic","Card","Relic","Potion"],"build_version":"2020-12-22","purchased_purges":1,"victory":true,"max_hp_per_floor":[75,85,86,88,88,88,91,96,96,96,96,101,106,111,111,116,116,121,126,136,141,146,151,151,151,151,156,161,161,161,161,161,166,143,148,148,160,165,165,170,175,175,175,180,180,180,185,185,185,190,190,190,190,195,200],"card_choices":[{"not_picked":[],"picked":"BettingIsNotGood","floor":0.0},{"not_picked":["PrismaMod:ChloeUncommonAOEAttack","PrismaMod:ChloeExhaustOne"],"picked":"PrismaMod:ChloeDiscardRecovery","floor":1.0},{"not_picked":["PrismaMod:ChloeExhaustTwo","PrismaMod:ChloeCheapAttack","PrismaMod:ChloeCheapDefend","PrismaMod:ChloeDiscardRecovery"],"picked":"PrismaMod:ChloeGaeBolg","floor":3.0},{"not_picked":["PrismaMod:ChloeCheapAttackTwo","PrismaMod:ChloeCheapAttack","PrismaMod:ChloeChristmas","PrismaMod:ChloeRitsuka"],"picked":"PrismaMod:ChloeExhaustOne","floor":4.0},{"not_picked":["PrismaMod:ChloeEyeOfTheEuryale","PrismaMod:ChloeExhaustOne","PrismaMod:ChloeGaeBolg","PrismaMod:ChloeDemonicTutor"],"picked":"PrismaMod:ChloeAnyRareTrace","floor":7.0},{"not_picked":["PrismaMod:ChloeMordred","PrismaMod:ChloeCheapAttackTwo","PrismaMod:ChloeExhaustOne","PrismaMod:ChloeCheapDefendTwo","PrismaMod:ChloeCommonAOEAttack"],"picked":"PrismaMod:ChloeGaeBolg","floor":8.0},{"not_picked":["PrismaMod:ChloeMordred","PrismaMod:ChloeCommonAOEAttack","PrismaMod:ChloeCheapAttackTwo","PrismaMod:ChloeDiscardRecovery","PrismaMod:ChloeCheapAttack"],"picked":"PrismaMod:ChloeExcalibur","floor":11.0},{"not_picked":["PrismaMod:ChloeCheapDefend","PrismaMod:ChloeExhaustOne","PrismaMod:ChloeExhaustTwo","PrismaMod:ChloeDiscardRecovery","PrismaMod:ChloeMordred"],"picked":"PrismaMod:ChloeCheapAttack","floor":11.0},{"not_picked":["PrismaMod:ChloeExhaustTwo","PrismaMod:ChloeCaladbolg","PrismaMod:ChloeUncommonAttack","PrismaMod:ChloeDiscardRecovery","PrismaMod:ChloeDemonicTutor"],"picked":"PrismaMod:ChloeCarnivalDefend","floor":12.0},{"not_picked":["PrismaMod:ChloeCheapAttackTwo","PrismaMod:ChloeDiscardRecovery","PrismaMod:ChloeCheapDefendTwo","PrismaMod:ChloeCheapDefend","PrismaMod:ChloeExcalibur"],"picked":"PrismaMod:ChloeGreatTracePools","floor":13.0},{"not_picked":["PrismaMod:ChloeCheapAttack","PrismaMod:ChloeDemonicTutor","PrismaMod:ChloeCheapDefendTwo","PrismaMod:ChloeBetterTracePools","PrismaMod:ChloeExhaustOne"],"picked":"PrismaMod:ChloeCheapDefend","floor":14.0},{"not_picked":["PrismaMod:ChloeAnyCommonTrace","PrismaMod:ChloeGreatTracePools","PrismaMod:ChloeUnlimitedBladeWorks","PrismaMod:ChloeReshuffleDiscard","PrismaMod:ChloeAnyPowerTrace"],"picked":"PrismaMod:ChloeDoubleRelicSpeed","floor":16.0},{"not_picked":["PrismaMod:ChloeRitsuka","PrismaMod:ChloeCheapDefendTwo","PrismaMod:ChloeDiscardRecovery","PrismaMod:ChloeCheapAttack","PrismaMod:ChloeCheapAttackTwo"],"picked":"PrismaMod:ChloeExhaustOne","floor":18.0},{"not_picked":["PrismaMod:ChloeCommonAOEAttack","PrismaMod:ChloeDemonicTutor","PrismaMod:ChloeDiscardRecovery+1","PrismaMod:ChloeCheapAttackTwo+1","PrismaMod:ChloeCheapDefendTwo"],"picked":"PrismaMod:ChloeEyeOfTheEuryale","floor":19.0},{"not_picked":["PrismaMod:ChloeCommonAOEAttack+1","PrismaMod:ChloeRitsuka+1","PrismaMod:ChloeDiscardRecovery","PrismaMod:ChloeCheapAttackTwo","PrismaMod:ChloeGaeBolg"],"picked":"PrismaMod:ChloeCheapDefend+1","floor":20.0},{"not_picked":["PrismaMod:ChloeCheapAttackTwo","PrismaMod:ChloeExcalibur","PrismaMod:ChloeExhaustOne+1","PrismaMod:ChloeCheapAttack","PrismaMod:ChloeExhaustTwo"],"picked":"PrismaMod:ChloeRuleBreaker+1","floor":21.0},{"not_picked":["PrismaMod:ChloeCheapAttack","PrismaMod:ChloeExhaustOne","PrismaMod:ChloeCommonAOEAttack","PrismaMod:ChloeDiscardRecovery","PrismaMod:ChloeRhongomyniad"],"picked":"PrismaMod:ChloeCarnivalAttack","floor":22.0},{"not_picked":["PrismaMod:ChloeCommonAOEAttack","PrismaMod:ChloeDiscardRecovery","PrismaMod:ChloeDoubleRelicSpeed","PrismaMod:ChloeCheapAttackTwo+1","PrismaMod:ChloeChristmas"],"picked":"PrismaMod:ChloeMaid+1","floor":23.0},{"not_picked":["PrismaMod:ChloeCheapDefendTwo","PrismaMod:ChloeEyeOfTheEuryale","PrismaMod:ChloeRuleBreaker","PrismaMod:ChloeExhaustOne","PrismaMod:ChloeCheapAttackTwo","PrismaMod:ChloeDiscardRecovery"],"picked":"SKIP","floor":27.0},{"not_picked":["PrismaMod:ChloeUncommonAOEAttack+1","PrismaMod:ChloeEyeOfTheEuryale+1","PrismaMod:ChloeCheapAttack","PrismaMod:ChloeDemonicTutor","PrismaMod:ChloeRuleBreaker"],"picked":"PrismaMod:ChloeCheapDefend+1","floor":28.0},{"not_picked":["PrismaMod:ChloeHalloween","PrismaMod:ChloeAnySkillTrace","PrismaMod:ChloeAnyPowerTrace","PrismaMod:ChloeCarnivalAttack","PrismaMod:ChloeAnyUncommonTrace"],"picked":"PrismaMod:ChloeCarnivalAOEAttack","floor":33.0},{"not_picked":["PrismaMod:ChloeCheapAttack","PrismaMod:ChloeDiscardRecovery","PrismaMod:ChloeCheapAttackTwo","PrismaMod:ChloeCommonAOEAttack+1","PrismaMod:ChloeExhaustOne"],"picked":"PrismaMod:ChloeCheapDefend+1","floor":35.0},{"not_picked":["PrismaMod:ChloeUncommonDefend+1","PrismaMod:ChloeCheapAttackTwo+1","PrismaMod:ChloeUncommonAOEAttack","PrismaMod:ChloeRitsuka","PrismaMod:ChloeDiscardRecovery"],"picked":"PrismaMod:ChloeCheapDefendTwo+1","floor":37.0},{"not_picked":["PrismaMod:ChloeExhaustTwo+1","PrismaMod:ChloeExhaustOne+1","PrismaMod:ChloeCheapAttackTwo","PrismaMod:ChloeMaid+1","PrismaMod:ChloeDoubleRelicSpeed"],"picked":"PrismaMod:ChloeCheapDefend+1","floor":38.0},{"not_picked":["PrismaMod:ChloeCheapDefend","PrismaMod:ChloeExcalibur","PrismaMod:ChloeExhaustOne","PrismaMod:ChloeExhaustTwo","PrismaMod:ChloeDemonicTutor"],"picked":"PrismaMod:ChloeCheapDefendTwo+1","floor":40.0},{"not_picked":["PrismaMod:ChloeRuleBreaker+1","PrismaMod:ChloeExhaustOne+1","PrismaMod:ChloeDiscardRecovery+1","PrismaMod:ChloeCheapAttackTwo+1","PrismaMod:ChloeCommonAOEAttack"],"picked":"PrismaMod:ChloeRhongomyniad+1","floor":41.0},{"not_picked":["PrismaMod:ChloeCheapAttackTwo+1","PrismaMod:ChloeDiscardRecovery+1","PrismaMod:ChloeExhaustTwo","PrismaMod:ChloeCommonAOEAttack","PrismaMod:ChloeEyeOfTheEuryale","PrismaMod:ChloeRhongomyniad"],"picked":"SKIP","floor":44},{"not_picked":["PrismaMod:ChloeGreatTracePools","PrismaMod:ChloeExhaustThree","PrismaMod:ChloeAnyPowerTrace"],"picked":"PrismaMod:ChloeAnySkillTrace","floor":47},{"not_picked":["PrismaMod:ChloeUncommonAttack","PrismaMod:ChloeCheapDefend+1","PrismaMod:ChloeBetterTracePools+1","PrismaMod:ChloeMordred+1","PrismaMod:ChloeCheapAttack"],"picked":"PrismaMod:ChloeCheapDefendTwo+1","floor":47},{"not_picked":["Gensokyo:Dawn+1","Gensokyo:MorningStar+1"],"picked":"Gensokyo:RainbowDanmaku+1","floor":48},{"not_picked":["PrismaMod:ChloeCheapDefend+1","PrismaMod:ChloeDiscardRecovery+1","PrismaMod:ChloeExhaustTwo","PrismaMod:ChloeMaid","PrismaMod:ChloeRhongomyniad"],"picked":"PrismaMod:ChloeCheapAttack+1","floor":54}],"player_experience":545507,"relics_obtained":[{"floor":1.0,"key":"SynthV:TestCard"},{"floor":7.0,"key":"Question Card"},{"floor":9.0,"key":"D6"},{"floor":12.0,"key":"Chaos"},{"floor":21.0,"key":"testmod-Nyarlathotep"},{"floor":21.0,"key":"Bottled Tornado"},{"floor":23.0,"key":"Bronze Scales"},{"floor":27.0,"key":"Bag of Preparation"},{"floor":31.0,"key":"testmod-FatalChain"},{"floor":33.0,"key":"Gensokyo:MosesMiracle"},{"floor":35.0,"key":"Unceasing Top"},{"floor":37.0,"key":"Strawberry"},{"floor":37.0,"key":"testmod-TurbochargingSystem"},{"floor":38.0,"key":"Calipers"},{"floor":40.0,"key":"MyShadow"},{"floor":40.0,"key":"PreservedInsect"},{"floor":41.0,"key":"MoneyPower"},{"floor":43.0,"key":"Astrolabe"},{"floor":44,"key":"testmod-BouquetWithThorns"},{"floor":47,"key":"Coffee Dripper"},{"floor":47,"key":"Omamori"},{"floor":54,"key":"EE1DDrone"},{"floor":54,"key":"MegaBlast"}],"event_choices":[{"damage_healed":0.0,"max_hp_gain":0.0,"max_hp_loss":0.0,"gold_gain":0.0,"event_name":"HidenRoomEvent","player_choice":"Fight","floor":21.0,"gold_loss":0.0,"damage_taken":0.0}],"is_beta":false,"boss_relics":[{"not_picked":["MetatronsCube","CrazyTorch:ReiMu"],"picked":"RhineSuit"},{"not_picked":[]},{"not_picked":["testmod-Antiphasic","testmod-RainbowHikingShoes"],"picked":"Bottled Lightning"},{"not_picked":[]}],"items_purged_floors":[5],"is_endless":false,"potions_floor_spawned":[1,3,8,13,14,20,21,28,37,38,44],"ascension_level":0}}