{"host":"bgptblc1sp470rxq","time":1613394111,"event":{"mods":["BaseMod","Colored Map","Highlight Path","Hubris","Minty Spire (QoL Compilation)","Quick Restart","Replay The Spire","StSLib","Waifu the Spire","[IsaacMod]ÒÔÈö¼âËþ"],"gold_per_floor":[109,109,123,48,69,69,89,125,152,173,173,173,212,230,230,328,328,367,77,127,42,61,61,94,114,160,195,195,210,210,254,254,254,254,359,377,396,229,247,270,283,283,299,330,357,384,384,415,446,460,460,460,460,460],"floor_reached":53,"language":"ZHS","playtime":3000,"items_purged":["Strike_G","Strike_G","Strike_G"],"score":1828,"play_id":"593dfe1f-6089-411c-963f-1c946cdf065a","local_time":"20210215210151","is_ascension_mode":true,"campfire_choices":[{"data":"Flechettes","floor":6.0,"key":"SMITH"},{"data":"Expertise","floor":12.0,"key":"SMITH"},{"floor":15.0,"key":"DIG"},{"data":"Calculated Gamble","floor":23.0,"key":"SMITH"},{"data":"ReplayTheSpireMod:Scrap Shanks","floor":34.0,"key":"SMITH"},{"data":"Crow Ritual","floor":42.0,"key":"SMITH"},{"data":"Phantasmal Killer","floor":51,"key":"SMITH"}],"circlet_count":0,"master_deck":["AscendersBane","Defend_G","Defend_G","Defend_G","Defend_G","Defend_G","Survivor","Neutralize","Crippling Poison","Flechettes+1","Expertise+1","Adrenaline","Blade Dance","Crow Ritual+1","Calculated Gamble+1","Acrobatics","ReplayTheSpireMod:Scrap Shanks+1","Phantasmal Killer+1","Reflex","Grand Finale","Reflex+1","Parasite","Prepared+1"],"relics":["Ring of the Snake","HushsDoor","PokeGo","Golden Idol","Bottled Flame","hubris:Towel","Strawberry","hubris:MysteriousPyramids","hubris:Backtick","D6","MomsKnife","GuppysHead","ReplayTheSpireMod:Ninjato","Tiny Chest","SatanicBible","CeramicFish","Philosopher\u0027s Stone","GuppysHairball","Chaos","Coffee Dripper","Champion Belt","hubris:FunFungus","Frozen Eye"],"acts_visited":["Exordium","TheCity","TheBeyond"],"potions_floor_usage":[],"damage_taken":[{"damage":2.0,"enemies":"Small Slimes","floor":1.0,"turns":9.0},{"damage":0.0,"enemies":"Cultist","floor":3.0,"turns":5.0},{"damage":0.0,"enemies":"Jaw Worm","floor":5.0,"turns":4.0},{"damage":0.0,"enemies":"Gremlin Gang","floor":7.0,"turns":5.0},{"damage":0.0,"enemies":"Gremlin Nob","floor":8.0,"turns":3.0},{"damage":0.0,"enemies":"Large Slime","floor":10.0,"turns":4.0},{"damage":0.0,"enemies":"Lagavulin","floor":13.0,"turns":5.0},{"damage":0.0,"enemies":"3 Louse","floor":14.0,"turns":3.0},{"damage":0.0,"enemies":"Fading Forest","floor":16.0,"turns":13.0},{"damage":0.0,"enemies":"2 Thieves","floor":18.0,"turns":2.0},{"damage":0.0,"enemies":"3 Byrds","floor":22.0,"turns":2.0},{"damage":0.0,"enemies":"Book of Stabbing","floor":24.0,"turns":3.0},{"damage":0.0,"enemies":"Shelled Parasite and Fungi","floor":25.0,"turns":1.0},{"damage":0.0,"enemies":"Slavers","floor":27.0,"turns":2.0},{"damage":0.0,"enemies":"Cultist and Chosen","floor":29.0,"turns":2.0},{"damage":0.0,"enemies":"Book of Stabbing","floor":31.0,"turns":1.0},{"damage":0.0,"enemies":"Collector","floor":35.0,"turns":4.0},{"damage":0.0,"enemies":"Orb Walker","floor":37.0,"turns":1.0},{"damage":0.0,"enemies":"3 Darklings","floor":39.0,"turns":1.0},{"damage":0.0,"enemies":"4 Shapes","floor":41.0,"turns":2.0},{"damage":0.0,"enemies":"Transient","floor":43.0,"turns":6.0},{"damage":0.0,"enemies":"Reptomancer","floor":44.0,"turns":2.0},{"damage":0.0,"enemies":"Sphere and 2 Shapes","floor":46.0,"turns":2.0},{"damage":0.0,"enemies":"Writhing Mass","floor":48.0,"turns":3.0},{"damage":0.0,"enemies":"R_Hoarder","floor":49.0,"turns":6.0},{"damage":0,"enemies":"Spire Growth","floor":50,"turns":2},{"damage":0,"enemies":"Replay:Hell Engine","floor":52,"turns":2},{"damage":6,"enemies":"LittleHush","floor":53,"turns":15}],"seed_played":"-7057160450227241464","potions_obtained":[{"floor":3.0,"key":"Swift Potion"},{"floor":7.0,"key":"Fire Potion"},{"floor":18.0,"key":"GhostInAJar"},{"floor":49.0,"key":"Adrenaline Potion"}],"is_trial":false,"path_per_floor":["M","?","M","$","M","R","M","E","T","M","?","R","E","M","R_BF","B",null,"M","$","?","$","M","R","E","M","T","E","?","M","?","E","PTL","PTL","R","B",null,"M","$","M","T","M","R","M","E","T","M","?","M","E","M","R","B","B"],"character_chosen":"THE_SILENT","items_purchased":["MomsKnife","GuppysHead","Crow Ritual","Calculated Gamble","GuppysHairball","Reflex","Grand Finale","Chaos"],"campfire_rested":0,"item_purchase_floors":[17,17,19,21,36,36,36,38],"current_hp_per_floor":[42,42,42,42,42,42,42,42,42,42,42,42,49,49,49,57,18,18,18,18,18,18,18,18,18,18,18,18,18,18,18,18,18,18,18,2,2,2,2,2,2,2,2,2,2,2,2,2,2,2,2,2,0,0],"gold":460,"neow_bonus":"REMOVE_TWO","is_daily":false,"chose_seed":false,"campfire_upgraded":6,"win_rate":0.0,"timestamp":1613394111,"path_taken":["M","?","M","$","M","R","M","E","T","?","?","R","E","?","R_BF","BOSS","M","$","?","$","M","R","E","?","T","E","?","M","?","E","PTL","PTL","R","BOSS","M","$","?","?","?","R","M","E","T","M","?","?","E","M","R","BOSS","BOSS"],"items_purchased_type":["Relic","Relic","Card","Card","Relic","Card","Card","Card"],"build_version":"2020-12-22","purchased_purges":3,"victory":false,"max_hp_per_floor":[66,60,60,60,60,60,60,60,60,60,60,60,67,67,67,67,18,18,18,18,18,18,18,18,18,18,18,18,18,18,18,18,18,18,18,2,2,2,2,2,2,2,2,2,2,2,2,2,2,2,2,2,2,2],"card_choices":[{"not_picked":["Hidden Blade","Quick Slash","Outmaneuver"],"picked":"SKIP","floor":1.0},{"not_picked":["Cloak And Dagger","Well Laid Plans"],"picked":"Crippling Poison","floor":3.0},{"not_picked":["Dodge and Roll","Dagger Throw"],"picked":"Flechettes","floor":5.0},{"not_picked":["Backflip","Slice","Cloak And Dagger"],"picked":"SKIP","floor":7.0},{"not_picked":["Grand Finale","ReplayTheSpireMod:The Works"],"picked":"Expertise","floor":8.0},{"not_picked":["PiercingWail","Backflip","Outmaneuver"],"picked":"SKIP","floor":10.0},{"not_picked":["Leg Sweep","Choke","Dagger Spray"],"picked":"SKIP","floor":13.0},{"not_picked":["Flechettes","Infinite Blades","ReplayTheSpireMod:Exploit Weakness"],"picked":"SKIP","floor":14.0},{"not_picked":["Replay:Bag of Tricks","Phantasmal Killer"],"picked":"Adrenaline","floor":16.0},{"not_picked":["Poisoned Stab","Prepared"],"picked":"Blade Dance","floor":18.0},{"not_picked":["hubris:TrickCloak","Bane"],"picked":"Acrobatics","floor":22.0},{"not_picked":["Replay:Poison Smokescreen","Dagger Spray","ReplayTheSpireMod:Tripwire+1"],"picked":"SKIP","floor":24.0},{"not_picked":["Hidden Blade","Underhanded Strike","Flying Knee"],"picked":"SKIP","floor":25.0},{"not_picked":["Infinite Blades","Draining Mist"],"picked":"ReplayTheSpireMod:Scrap Shanks","floor":27.0},{"not_picked":["Leg Sweep","Choke","Quick Slash"],"picked":"SKIP","floor":29.0},{"not_picked":["Poisoned Stab","Outmaneuver+1","Backflip"],"picked":"SKIP","floor":31.0},{"not_picked":["Doppelganger","Burst"],"picked":"Phantasmal Killer","floor":35.0},{"not_picked":["Blade Dance+1","PiercingWail","Poisoned Stab+1"],"picked":"SKIP","floor":37.0},{"not_picked":["Choke","Quick Slash+1","Dagger Throw+1"],"picked":"SKIP","floor":39.0},{"not_picked":["Setup","Acrobatics","Dagger Spray+1"],"picked":"SKIP","floor":41.0},{"not_picked":["Envenom","Backflip","hubris:SlightOfHand"],"picked":"SKIP","floor":43.0},{"not_picked":["Flying Knee+1","Sucker Punch","Deflect"],"picked":"SKIP","floor":44.0},{"not_picked":["Caltrops","Poisoned Stab"],"picked":"Reflex+1","floor":46.0},{"not_picked":["Quick Slash","Noxious Fumes"],"picked":"Prepared+1","floor":48.0},{"not_picked":["Deflect","Outmaneuver","Noxious Fumes"],"picked":"SKIP","floor":49.0},{"not_picked":["Setup","Endless Agony","Prepared"],"picked":"SKIP","floor":50}],"player_experience":258879,"relics_obtained":[{"floor":8.0,"key":"Bottled Flame"},{"floor":13.0,"key":"Strawberry"},{"floor":15.0,"key":"hubris:MysteriousPyramids"},{"floor":24.0,"key":"ReplayTheSpireMod:Ninjato"},{"floor":26.0,"key":"Tiny Chest"},{"floor":27.0,"key":"SatanicBible"},{"floor":31.0,"key":"CeramicFish"},{"floor":40.0,"key":"Coffee Dripper"},{"floor":44.0,"key":"Champion Belt"},{"floor":45.0,"key":"hubris:FunFungus"},{"floor":49.0,"key":"Frozen Eye"}],"event_choices":[{"damage_healed":0.0,"max_hp_gain":0.0,"max_hp_loss":6.0,"gold_gain":0.0,"event_name":"Golden Idol","player_choice":"Lose Max HP","floor":2.0,"gold_loss":0.0,"damage_taken":0.0,"relics_obtained":["Golden Idol"]},{"damage_healed":0.0,"max_hp_gain":0.0,"max_hp_loss":0.0,"gold_gain":50.0,"event_name":"Nest","player_choice":"Stole From Cult","floor":20.0,"gold_loss":0.0,"damage_taken":0.0},{"damage_healed":0.0,"max_hp_gain":0.0,"max_hp_loss":0.0,"gold_gain":0.0,"event_name":"Cursed Tome","player_choice":"Ignored","floor":30.0,"gold_loss":0.0,"damage_taken":0.0},{"damage_healed":0.0,"max_hp_gain":0.0,"max_hp_loss":0.0,"gold_gain":0.0,"event_name":"SecretPortal","player_choice":"Ignored","floor":47.0,"gold_loss":0.0,"damage_taken":0.0}],"is_beta":false,"boss_relics":[{"not_picked":["Snecko Scales","Cursed Key"],"picked":"hubris:Backtick"},{"not_picked":[]},{"not_picked":["Kintsugi","Black Star"],"picked":"Philosopher\u0027s Stone"},{"not_picked":[]}],"items_purged_floors":[4,17,19],"is_endless":false,"potions_floor_spawned":[3,7,10,16,18,24,27,37,43,46,49],"killed_by":"LittleHush","ascension_level":20}}