{"host":"4rvakrj1idbgia3f","time":1613432966,"event":{"mods":["BaseMod","Colored Map","Colored Powertips","DeckTracker","Highlight Path","Minty Spire (QoL Compilation)","Random Character Button","StSLib"],"gold_per_floor":[119,119,133,145,159,159,190,190,190,190,115,128,128,140,140,213,213,233,245,260,278,96,96,109,124,199,213,223,223,273,273,273,273,273],"floor_reached":33,"language":"JPN","playtime":1681,"items_purged":["Strike_B"],"score":506,"play_id":"9a821ca3-39eb-43e1-88ce-20d2db7955c1","local_time":"20210216084926","is_ascension_mode":true,"campfire_choices":[{"data":"Loop","floor":6.0,"key":"SMITH"},{"data":"Zap","floor":8.0,"key":"SMITH"},{"data":"Hologram","floor":13.0,"key":"SMITH"},{"data":"Genetic Algorithm","floor":15.0,"key":"SMITH"},{"data":"Glacier","floor":23,"key":"SMITH"},{"data":"Loop","floor":29,"key":"SMITH"},{"data":"Doom and Gloom","floor":32,"key":"SMITH"}],"circlet_count":0,"master_deck":["AscendersBane","Strike_B","Strike_B","Defend_B","Defend_B","Defend_B","Zap+1","Dualcast","Coolheaded","Loop+1","Ball Lightning","Doom and Gloom+1","Glacier+1","Hologram+1","Genetic Algorithm+1","Echo Form","Coolheaded","Undo","BootSequence","Streamline+1","Storm+1","Loop+1","Stack+1","Necronomicurse"],"relics":["Cracked Core","NeowsBlessing","Eternal Feather","Meat on the Bone","Nuclear Battery","Bottled Lightning","Necronomicon"],"acts_visited":["Exordium","TheCity"],"potions_floor_usage":[21,27,27],"damage_taken":[{"damage":0.0,"enemies":"Small Slimes","floor":1.0,"turns":1.0},{"damage":0.0,"enemies":"Cultist","floor":3.0,"turns":1.0},{"damage":0.0,"enemies":"Jaw Worm","floor":4.0,"turns":1.0},{"damage":4.0,"enemies":"Exordium Wildlife","floor":5.0,"turns":3.0},{"damage":4.0,"enemies":"Lagavulin","floor":7.0,"turns":7.0},{"damage":11.0,"enemies":"3 Louse","floor":12.0,"turns":2.0},{"damage":10.0,"enemies":"Looter","floor":14.0,"turns":3.0},{"damage":60.0,"enemies":"Hexaghost","floor":16.0,"turns":12.0},{"damage":2.0,"enemies":"Shell Parasite","floor":18.0,"turns":11.0},{"damage":12.0,"enemies":"2 Thieves","floor":19.0,"turns":4.0},{"damage":0.0,"enemies":"Snake Plant","floor":20.0,"turns":4.0},{"damage":1,"enemies":"3 Cultists","floor":21,"turns":4},{"damage":11,"enemies":"Centurion and Healer","floor":24,"turns":10},{"damage":0,"enemies":"Snake Plant","floor":25,"turns":6},{"damage":13,"enemies":"3 Cultists","floor":27,"turns":5},{"damage":8,"enemies":"Snecko","floor":28,"turns":5},{"damage":49,"enemies":"Collector","floor":33,"turns":8}],"seed_played":"3876700728849456321","potions_obtained":[{"floor":3.0,"key":"Explosive Potion"},{"floor":5.0,"key":"DuplicationPotion"},{"floor":7.0,"key":"Regen Potion"},{"floor":12.0,"key":"ColorlessPotion"},{"floor":20.0,"key":"PowerPotion"},{"floor":25,"key":"Explosive Potion"},{"floor":28,"key":"FearPotion"}],"is_trial":false,"path_per_floor":["M","?","M","M","M","R","E","R","T","?","?","M","R","M","R","B",null,"M","M","M","M","$","R","M","M","T","M","M","R","?","?","R","B"],"character_chosen":"DEFECT","items_purchased":["EssenceOfDarkness"],"campfire_rested":0,"item_purchase_floors":[22],"current_hp_per_floor":[64,64,64,64,60,60,56,65,65,65,65,54,63,53,62,14,57,55,43,43,42,42,51,40,40,40,39,43,55,55,34,46,0,0],"gold":273,"neow_bonus":"THREE_ENEMY_KILL","is_daily":false,"chose_seed":false,"campfire_upgraded":7,"win_rate":0.0,"timestamp":1613432966,"path_taken":["M","?","M","M","?","R","E","R","T","?","?","M","R","M","R","BOSS","M","M","M","M","$","R","M","M","T","M","M","R","?","?","R","BOSS"],"items_purchased_type":["Potion"],"build_version":"2020-12-22","purchased_purges":1,"victory":false,"max_hp_per_floor":[71,71,71,71,71,71,71,71,71,71,71,71,71,71,71,71,71,71,71,71,71,71,71,71,71,71,71,71,71,71,71,71,71,71],"card_choices":[{"not_picked":["Sweeping Beam","Aggregate"],"picked":"Coolheaded","floor":1.0},{"not_picked":["Conserve Battery","Fusion"],"picked":"Loop","floor":3.0},{"not_picked":["Sweeping Beam","Doom and Gloom"],"picked":"Ball Lightning","floor":4.0},{"not_picked":["Hologram","Coolheaded"],"picked":"Doom and Gloom","floor":5.0},{"not_picked":["Scrape","White Noise"],"picked":"Glacier","floor":7.0},{"not_picked":["Blizzard","Hello World"],"picked":"Hologram","floor":12.0},{"not_picked":["Conserve Battery","Fusion"],"picked":"Genetic Algorithm","floor":14.0},{"not_picked":["Creative AI","Multi-Cast"],"picked":"Echo Form","floor":16.0},{"not_picked":["Hologram","Double Energy"],"picked":"Coolheaded","floor":18.0},{"not_picked":["Beam Cell","Self Repair"],"picked":"Undo","floor":19.0},{"not_picked":["Compile Driver","Barrage"],"picked":"BootSequence","floor":20.0},{"not_picked":["Compile Driver","Hello World","Ball Lightning"],"picked":"SKIP","floor":21},{"not_picked":["Reprogram","Compile Driver"],"picked":"Streamline+1","floor":24},{"not_picked":["Melter+1","Undo"],"picked":"Storm+1","floor":25},{"not_picked":["Compile Driver","Conserve Battery"],"picked":"Loop","floor":27},{"not_picked":["Tempest","Coolheaded"],"picked":"Stack+1","floor":28}],"player_experience":2396081,"relics_obtained":[{"floor":7.0,"key":"Eternal Feather"},{"floor":9.0,"key":"Meat on the Bone"},{"floor":26,"key":"Bottled Lightning"},{"floor":31,"key":"Necronomicon"}],"event_choices":[{"cards_removed":["Defend_B"],"damage_healed":0.0,"max_hp_gain":0.0,"max_hp_loss":0.0,"gold_gain":0.0,"event_name":"Purifier","player_choice":"Purged","floor":2.0,"gold_loss":0.0,"damage_taken":0.0},{"damage_healed":0.0,"max_hp_gain":0.0,"max_hp_loss":0.0,"gold_gain":0.0,"event_name":"Liars Game","player_choice":"Ignored","floor":10.0,"gold_loss":0.0,"damage_taken":0.0},{"cards_removed":["Strike_B"],"damage_healed":0.0,"max_hp_gain":0.0,"max_hp_loss":0.0,"gold_gain":0.0,"event_name":"The Cleric","player_choice":"Card Removal","floor":11.0,"gold_loss":75.0,"damage_taken":0.0},{"damage_healed":0,"gold_gain":50,"player_choice":"Stole From Cult","damage_taken":0,"max_hp_gain":0,"max_hp_loss":0,"event_name":"Nest","floor":30,"gold_loss":0},{"damage_healed":0,"gold_gain":0,"player_choice":"Obtained Book","damage_taken":21,"max_hp_gain":0,"max_hp_loss":0,"event_name":"Cursed Tome","floor":31,"gold_loss":0}],"is_beta":false,"boss_relics":[{"not_picked":["Calling Bell","Astrolabe"],"picked":"Nuclear Battery"}],"items_purged_floors":[22],"is_endless":false,"potions_floor_spawned":[3,5,7,12,14,20,25,28],"killed_by":"Collector","ascension_level":20}}