{"host":"j5j96s76v36ug78u","time":1613414551,"event":{"mods":["BaseMod","Better Third Choice","Downfall","Highlight Path","Minty Spire (QoL Compilation)","Reliquary","StSLib","The Animator"],"gold_per_floor":[127,150,170,170,170,205,225,225,225,241,259,272,327,347,347,447,447,457,471,471,471],"floor_reached":20,"language":"ENG","playtime":1179,"items_purged":[],"score":207,"play_id":"88641d3f-0b78-4ce1-a2f7-6b67a5457153","local_time":"20210215154231","is_ascension_mode":true,"campfire_choices":[{"data":"animator:Alexander","floor":8,"key":"SMITH"},{"floor":15,"key":"REST"}],"circlet_count":0,"master_deck":["animator:Strike_Fate","animator:Defend_Fate","animator:Strike","animator:Strike","animator:Defend","animator:Defend","animator:Defend","animator:Alexander","animator:Rider","animator:Berserker+1","animator:YachiyoNanami","animator:Mikaela","animator:Alexander+1","animator:YachiyoNanami","animator:Alexander","animator:Azekura","animator:TukaLunaMarceau","animator:TukaLunaMarceau","animator:Biyorigo","animator:Mikaela","animator:Darkness"],"relics":["animator:LivingPicture","animator:TheMissingPiece","animator:PurgingStone","reliquary:Aerogel","Matryoshka","bronze:MakeshiftBattery"],"acts_visited":["Exordium","TheCity"],"potions_floor_usage":[7,10,14,16,19],"damage_taken":[{"damage":4,"enemies":"Jaw Worm","floor":1,"turns":6},{"damage":16,"enemies":"Cultist","floor":2,"turns":5},{"damage":0,"enemies":"Small Slimes","floor":3,"turns":4},{"damage":31,"enemies":"Lagavulin","floor":6,"turns":5},{"damage":4,"enemies":"Blue Slaver","floor":7,"turns":3},{"damage":0,"enemies":"Exordium Thugs","floor":10,"turns":3},{"damage":12,"enemies":"Red Slaver","floor":11,"turns":4},{"damage":0,"enemies":"3 Louse","floor":12,"turns":2},{"damage":3,"enemies":"Looter","floor":14,"turns":4},{"damage":22,"enemies":"The Guardian","floor":16,"turns":12},{"damage":24,"enemies":"Spheric Guardian","floor":18,"turns":6},{"damage":5,"enemies":"3 Byrds","floor":19,"turns":2},{"damage":10,"enemies":"Snake Plant","floor":20,"turns":4}],"seed_played":"6127507404184861366","potions_obtained":[{"floor":2,"key":"EntropicBrew"},{"floor":11,"key":"Weak Potion"},{"floor":12,"key":"animator:GrowthPotion"},{"floor":16,"key":"Energy Potion"},{"floor":18,"key":"champ:CounterPotion"}],"is_trial":false,"path_per_floor":["M","M","M","?","?","E","M","R","T","M","M","M","?","M","R","B",null,"M","M","M"],"character_chosen":"THE_ANIMATOR","items_purchased":[],"campfire_rested":1,"item_purchase_floors":[],"current_hp_per_floor":[68,52,52,52,52,21,17,17,17,17,5,5,5,2,23,1,72,48,43,33,33],"gold":471,"neow_bonus":"TEN_PERCENT_HP_BONUS","is_daily":false,"chose_seed":false,"campfire_upgraded":1,"win_rate":0.0,"timestamp":1613414551,"path_taken":["M","M","M","?","?","E","M","R","T","M","M","?","?","M","R","BOSS","M","M","M"],"items_purchased_type":[],"build_version":"2020-12-22","purchased_purges":0,"victory":false,"max_hp_per_floor":[72,72,72,72,72,72,72,72,72,72,72,72,72,72,72,72,72,72,72,72,72],"card_choices":[{"not_picked":["animator:Vanir","animator:ZankiKiguchi"],"picked":"animator:Berserker","floor":1},{"not_picked":["animator:ElricAlphonse","animator:Emonzaemon"],"picked":"animator:YachiyoNanami","floor":2},{"not_picked":["animator:YaoHaDucy","animator:Assassin"],"picked":"animator:Mikaela","floor":3},{"not_picked":["animator:Rider","animator:Berserker"],"picked":"animator:Alexander","floor":6},{"not_picked":["animator:YaoHaDucy","animator:Rena"],"picked":"animator:YachiyoNanami","floor":7},{"not_picked":["animator:Demiurge","animator:Vanir"],"picked":"animator:Alexander","floor":10},{"not_picked":["animator:Yuuichirou","animator:KrulTepes"],"picked":"animator:Azekura","floor":11},{"not_picked":["animator:YaoHaDucy","animator:LeleiLaLalena"],"picked":"animator:TukaLunaMarceau","floor":12},{"not_picked":["animator:IrohaTamaki","animator:UneriGinkaku"],"picked":"animator:TukaLunaMarceau","floor":14},{"not_picked":["animator:Envy","animator:Hans"],"picked":"animator:Biyorigo","floor":16},{"not_picked":["animator:Darkness","animator:MaesHughes+1"],"picked":"animator:Mikaela","floor":18},{"not_picked":["animator:Aqua","animator:Sloth"],"picked":"animator:Darkness","floor":19}],"player_experience":257340,"relics_obtained":[{"floor":6,"key":"reliquary:Aerogel"},{"floor":9,"key":"Matryoshka"}],"event_choices":[{"cards_removed":["animator:Strike"],"damage_healed":0,"gold_gain":0,"player_choice":"Forget","damage_taken":0,"max_hp_gain":0,"max_hp_loss":0,"event_name":"Living Wall","floor":4,"gold_loss":0},{"damage_healed":0,"gold_gain":0,"player_choice":"Upgraded","damage_taken":0,"max_hp_gain":0,"max_hp_loss":0,"event_name":"Upgrade Shrine","floor":5,"gold_loss":0,"cards_upgraded":["animator:Berserker"]},{"damage_healed":0,"gold_gain":55,"player_choice":"Gained Gold","damage_taken":0,"max_hp_gain":0,"max_hp_loss":0,"event_name":"Golden Wing","floor":13,"gold_loss":0}],"is_beta":false,"boss_relics":[{"not_picked":["SlaversCollar","Coffee Dripper"],"picked":"bronze:MakeshiftBattery"}],"items_purged_floors":[],"is_endless":false,"potions_floor_spawned":[2,11,12,16,18],"killed_by":"Snake Plant","ascension_level":3}}