{"host":"ju1b3c4x8n2jtjm7","time":1613405384,"event":{"mods":["AchievementEnabler","BaseMod","Colored Map","Colored Powertips","DeckTracker","Highlight Path","Minty Spire (QoL Compilation)","Quick Restart","Rare Cards Sparkle","Relic Stats"],"gold_per_floor":[114,131,141,141,141,180,130,163,163,163,163,163],"floor_reached":11,"language":"ENG","playtime":706,"items_purged":[],"score":105,"play_id":"3f92fc14-e93e-438c-9ee2-83d1efe94c61","local_time":"20210215170944","is_ascension_mode":true,"campfire_choices":[{"data":"Footwork","floor":10,"key":"SMITH"}],"circlet_count":0,"master_deck":["Strike_G","Strike_G+1","Strike_G","Strike_G","Strike_G","Defend_G","Defend_G","Defend_G","Survivor","Neutralize+1","Tactician","Cloak And Dagger","Footwork+1","Dagger Throw","Well Laid Plans","Deadly Poison"],"relics":["Ring of the Snake","Golden Idol","The Courier","Calipers","Incense Burner"],"acts_visited":["Exordium"],"potions_floor_usage":[6,8],"damage_taken":[{"damage":2.0,"enemies":"Small Slimes","floor":1.0,"turns":4.0},{"damage":0.0,"enemies":"2 Louse","floor":2.0,"turns":2.0},{"damage":0.0,"enemies":"Jaw Worm","floor":3.0,"turns":6.0},{"damage":3,"enemies":"Lagavulin","floor":6,"turns":8},{"damage":13,"enemies":"3 Sentries","floor":8,"turns":9},{"damage":31,"enemies":"Gremlin Nob","floor":11,"turns":4}],"seed_played":"7021646529331721895","potions_obtained":[{"floor":2.0,"key":"SteroidPotion"},{"floor":6,"key":"SteroidPotion"},{"floor":8,"key":"Ancient Potion"}],"is_trial":false,"path_per_floor":["M","M","M","?","?","E","?","E","T","R","E"],"character_chosen":"THE_SILENT","items_purchased":[],"campfire_rested":0,"item_purchase_floors":[],"current_hp_per_floor":[61,61,61,47,47,44,44,31,31,31,0,0],"gold":163,"neow_bonus":"TRANSFORM_CARD","is_daily":false,"chose_seed":false,"campfire_upgraded":1,"win_rate":0.0,"timestamp":1613405384,"path_taken":["M","M","M","?","?","E","?","E","T","R","E"],"items_purchased_type":[],"build_version":"2020-12-22","purchased_purges":0,"victory":false,"max_hp_per_floor":[70,70,70,70,65,65,65,65,65,65,65,65],"relic_stats":{"counters":[6,33],"Golden Idol":15,"obtain_stats":[{"Calipers":8,"Golden Idol":5,"The Courier":6,"Incense Burner":9,"Ring of the Snake":0},{"Calipers":5,"Golden Idol":3,"The Courier":4,"Incense Burner":5,"Ring of the Snake":0},{"Calipers":29,"Golden Idol":12,"The Courier":20,"Incense Burner":29,"Ring of the Snake":0}],"Ring of the Snake":[12]},"card_choices":[{"not_picked":["Deflect","Accuracy"],"picked":"Cloak And Dagger","floor":1.0},{"not_picked":["Flying Knee","Backstab"],"picked":"Footwork","floor":2.0},{"not_picked":["Skewer","Catalyst"],"picked":"Dagger Throw","floor":3.0},{"not_picked":["Prepared","Choke"],"picked":"Well Laid Plans","floor":6},{"not_picked":["Calculated Gamble","Caltrops"],"picked":"Deadly Poison","floor":8}],"player_experience":358772,"relics_obtained":[{"floor":6,"key":"The Courier"},{"floor":8,"key":"Calipers"},{"floor":9,"key":"Incense Burner"}],"event_choices":[{"damage_healed":0.0,"max_hp_gain":0.0,"max_hp_loss":0.0,"gold_gain":0.0,"event_name":"Shining Light","player_choice":"Entered Light","floor":4.0,"gold_loss":0.0,"damage_taken":14.0,"cards_upgraded":["Neutralize","Strike_G"]},{"damage_healed":0.0,"max_hp_gain":0.0,"max_hp_loss":5.0,"gold_gain":0.0,"event_name":"Golden Idol","player_choice":"Lose Max HP","floor":5.0,"gold_loss":0.0,"damage_taken":0.0,"relics_obtained":["Golden Idol"]},{"cards_removed":["Defend_G"],"damage_healed":0,"gold_gain":0,"player_choice":"Card Removal","damage_taken":0,"max_hp_gain":0,"max_hp_loss":0,"event_name":"The Cleric","floor":7,"gold_loss":50}],"is_beta":false,"boss_relics":[],"items_purged_floors":[],"is_endless":false,"potions_floor_spawned":[2,6,8],"killed_by":"Gremlin Nob","ascension_level":6}}