{"host":"AZZAM","time":1613356502,"event":{"mods":["BaseMod","Colored Map","Highlight Path","Minty Spire (QoL Compilation)","Relic Stats","Unceasing Turn Reminder"],"gold_per_floor":[119,44,57,69,69,104,104,104,104,104,137,137,212,15,15,118,118,131,46,45,45,63,63,63],"floor_reached":23,"language":"ENG","playtime":828,"items_purged":["Defend_P","Strike_P"],"score":266,"play_id":"793dfb98-712e-43f5-85fb-b005f39d435e","local_time":"20210215053502","is_ascension_mode":true,"campfire_choices":[{"data":"Eruption","floor":10,"key":"SMITH"},{"data":"FollowUp","floor":12,"key":"SMITH"},{"data":"Protect","floor":15,"key":"SMITH"}],"circlet_count":0,"master_deck":["Strike_P+1","Strike_P","Strike_P","Defend_P","Defend_P","Defend_P","Eruption+1","Vigilance","ReachHeaven+1","Tantrum+1","FollowUp+1","MentalFortress","Protect+1","DevaForm","Evaluate","FlurryOfBlows","FlyingSleeves+1"],"relics":["Runic Dome","CaptainsWheel","Mango","Eternal Feather","Membership Card","Fusion Hammer","Lantern"],"acts_visited":["Exordium","TheCity"],"potions_floor_usage":[22,23,23],"damage_taken":[{"damage":0,"enemies":"Cultist","floor":1,"turns":3},{"damage":24,"enemies":"Jaw Worm","floor":3,"turns":2},{"damage":8,"enemies":"Small Slimes","floor":4,"turns":2},{"damage":12,"enemies":"3 Sentries","floor":6,"turns":5},{"damage":0,"enemies":"Gremlin Nob","floor":11,"turns":2},{"damage":14,"enemies":"The Guardian","floor":16,"turns":8},{"damage":4,"enemies":"Shell Parasite","floor":18,"turns":4},{"damage":17,"enemies":"2 Thieves","floor":20,"turns":4},{"damage":0,"enemies":"Snecko","floor":22,"turns":2},{"damage":73,"enemies":"Slavers","floor":23,"turns":4}],"seed_played":"-2031643294785213825","potions_obtained":[{"floor":1,"key":"ColorlessPotion"},{"floor":3,"key":"Fire Potion"},{"floor":4,"key":"Dexterity Potion"},{"floor":20,"key":"LiquidMemories"},{"floor":22,"key":"ColorlessPotion"}],"is_trial":false,"path_per_floor":["M","$","M","M","?","E","?","?","T","R","E","R","?","$","R","B",null,"M","?","M","?","M","E"],"character_chosen":"WATCHER","items_purchased":["Membership Card"],"campfire_rested":0,"item_purchase_floors":[14],"current_hp_per_floor":[72,72,48,40,40,28,14,14,28,28,28,34,23,23,29,15,86,82,82,65,65,65,0,0],"gold":63,"neow_bonus":"BOSS_RELIC","is_daily":false,"chose_seed":false,"campfire_upgraded":3,"win_rate":0.0,"timestamp":1613356502,"path_taken":["M","$","?","M","?","E","?","?","T","R","E","R","?","?","R","BOSS","M","?","M","?","M","E"],"items_purchased_type":["Relic"],"build_version":"2020-12-18","purchased_purges":2,"victory":false,"max_hp_per_floor":[72,72,72,72,72,72,72,72,86,86,86,86,86,86,86,86,86,86,86,86,86,86,86,86],"relic_stats":{"counters":[10,36],"Eternal Feather":12,"obtain_stats":[{"Runic Dome":0,"CaptainsWheel":6,"Lantern":19,"Mango":9,"Eternal Feather":11,"Fusion Hammer":17,"Membership Card":14,"PureWater":0},{"Runic Dome":0,"CaptainsWheel":4,"Lantern":7,"Mango":4,"Eternal Feather":5,"Fusion Hammer":6,"Membership Card":5,"PureWater":0},{"Runic Dome":0,"CaptainsWheel":12,"Lantern":26,"Mango":12,"Eternal Feather":14,"Fusion Hammer":22,"Membership Card":14,"PureWater":0}]},"card_choices":[{"not_picked":["Sanctity","ThirdEye"],"picked":"ReachHeaven","floor":1},{"not_picked":["ThirdEye","EmptyMind"],"picked":"Tantrum","floor":3},{"not_picked":["ThirdEye","Worship"],"picked":"FollowUp","floor":4},{"not_picked":["FollowUp","Collect"],"picked":"MentalFortress","floor":6},{"not_picked":["Judgement","DeceiveReality"],"picked":"Protect","floor":11},{"not_picked":["Vault","SpiritShield"],"picked":"DevaForm","floor":16},{"not_picked":["Prostrate","Conclude"],"picked":"Evaluate","floor":18},{"not_picked":["DeceiveReality","Halt"],"picked":"FlurryOfBlows","floor":20},{"not_picked":["FearNoEvil","JustLucky+1"],"picked":"FlyingSleeves+1","floor":22}],"player_experience":96361,"relics_obtained":[{"floor":6,"key":"CaptainsWheel"},{"floor":9,"key":"Mango"},{"floor":11,"key":"Eternal Feather"}],"event_choices":[{"damage_healed":0,"gold_gain":0,"player_choice":"Ignored","damage_taken":0,"max_hp_gain":0,"max_hp_loss":0,"event_name":"Liars Game","floor":5,"gold_loss":0},{"damage_healed":0,"gold_gain":0,"player_choice":"Entered Light","damage_taken":14,"max_hp_gain":0,"max_hp_loss":0,"event_name":"Shining Light","floor":7,"gold_loss":0,"cards_upgraded":["Strike_P","Tantrum"]},{"damage_healed":0,"gold_gain":0,"player_choice":"Grow","damage_taken":0,"max_hp_gain":0,"max_hp_loss":0,"event_name":"Living Wall","floor":8,"gold_loss":0,"cards_upgraded":["ReachHeaven"]},{"damage_healed":0,"gold_gain":75,"player_choice":"Gather Gold","damage_taken":11,"max_hp_gain":0,"max_hp_loss":0,"event_name":"World of Goop","floor":13,"gold_loss":0},{"damage_healed":0,"gold_gain":0,"player_choice":"Obtained Relic","damage_taken":0,"relics_obtained":["Lantern"],"max_hp_gain":0,"max_hp_loss":0,"event_name":"Addict","floor":19,"gold_loss":85},{"damage_healed":0,"gold_gain":0,"player_choice":"Ignored","damage_taken":0,"max_hp_gain":0,"max_hp_loss":0,"event_name":"Ghosts","floor":21,"gold_loss":0}],"is_beta":true,"boss_relics":[{"not_picked":["Sozu","SlaversCollar"],"picked":"Fusion Hammer"}],"items_purged_floors":[2,14],"is_endless":false,"potions_floor_spawned":[1,3,4,20,22],"killed_by":"Slavers","ascension_level":4}}