{"host":"szp1d6dso4pv7ddl","time":1613362690,"event":{"mods":["AchievementEnabler","Alarm Clock","BaseMod","Bestiary","Block Reminder","Colored Map","Colored Powertips","Curses Come First","Dark Map","Displayed Cursed Tome","Highlight Path","Minty Spire (QoL Compilation)","Permanent Neow","Quick Restart","Relic Sorter","Relic Stats","StSLib","Synergy Search"],"gold_per_floor":[115,115,115,131,181,212,212,237,237,237,250,282,282,157,157,228,228,228,228,228,74,52,52,23,23,73,73,98,148,167,179,179,255,255,275,275,275,293,293,293,293,293],"floor_reached":41,"language":"ENG","playtime":1647,"items_purged":["Defend_R","Decay"],"score":851,"play_id":"6fe8bae4-1fd5-4417-93f7-802b32b023c6","local_time":"20210214201810","is_ascension_mode":true,"campfire_choices":[{"data":"Limit Break","floor":7.0,"key":"SMITH"},{"data":"Combust","floor":10.0,"key":"SMITH"},{"floor":15.0,"key":"REST"},{"floor":23.0,"key":"REST"},{"data":"Bash","floor":25.0,"key":"SMITH"},{"data":"Spot Weakness","floor":27.0,"key":"SMITH"},{"floor":32,"key":"REST"},{"data":"Armaments","floor":40,"key":"SMITH"}],"circlet_count":0,"master_deck":["AscendersBane","Strike_R","Strike_R","Strike_R","Defend_R","Defend_R","Bash+1","Limit Break+1","Combust+1","Inflame","Spot Weakness+1","Shrug It Off","Thunderclap","Shrug It Off","Reaper","J.A.X.","Armaments+1","Twin Strike","Headbutt","Shockwave+1","Sword Boomerang","Impervious","Blood for Blood+1","Inflame"],"relics":["Burning Blood","NeowsBlessing","Potion Belt","Juzu Bracelet","Gremlin Horn","Thread and Needle","CultistMask","Empty Cage","Anchor","Singing Bowl","Coffee Dripper"],"acts_visited":["Exordium","TheCity","TheBeyond"],"potions_floor_usage":[28,30,41],"damage_taken":[{"damage":0.0,"enemies":"2 Louse","floor":1.0,"turns":1.0},{"damage":0.0,"enemies":"Small Slimes","floor":4.0,"turns":1.0},{"damage":0.0,"enemies":"Lagavulin","floor":6.0,"turns":1.0},{"damage":36.0,"enemies":"3 Sentries","floor":8.0,"turns":7.0},{"damage":7.0,"enemies":"Cultist","floor":11.0,"turns":4.0},{"damage":38.0,"enemies":"Lagavulin","floor":12.0,"turns":7.0},{"damage":33.0,"enemies":"Hexaghost","floor":16.0,"turns":11.0},{"damage":32.0,"enemies":"Chosen","floor":18.0,"turns":7.0},{"damage":32.0,"enemies":"2 Thieves","floor":22.0,"turns":5.0},{"damage":56,"enemies":"Slavers","floor":28,"turns":5},{"damage":22,"enemies":"Sentry and Sphere","floor":30,"turns":5},{"damage":19,"enemies":"Snecko","floor":31,"turns":4},{"damage":51,"enemies":"Collector","floor":33,"turns":7},{"damage":33,"enemies":"3 Darklings","floor":35,"turns":4},{"damage":30,"enemies":"Orb Walker","floor":38,"turns":5},{"damage":56,"enemies":"Giant Head","floor":41,"turns":6}],"seed_played":"336079025998284040","potions_obtained":[{"floor":11.0,"key":"Block Potion"},{"floor":16.0,"key":"SmokeBomb"},{"floor":22.0,"key":"Explosive Potion"},{"floor":28,"key":"SneckoOil"},{"floor":35,"key":"ColorlessPotion"}],"is_trial":false,"path_per_floor":["M","?","?","M","?","E","R","E","T","R","M","E","?","$","R","B",null,"M","?","?","$","M","R","$","R","T","R","E","?","M","M","R","B",null,"M","?","?","M","?","R","E"],"character_chosen":"IRONCLAD","items_purchased":["Shrug It Off","Armaments","Headbutt"],"campfire_rested":3,"item_purchase_floors":[14,21,24],"current_hp_per_floor":[74,74,79,80,80,80,80,50,50,50,49,17,17,17,41,14,64,44,44,44,44,34,58,58,58,58,58,32,32,22,19,43,51,74,60,60,65,45,45,45,0,0],"gold":293,"neow_bonus":"THREE_ENEMY_KILL","is_daily":false,"chose_seed":false,"campfire_upgraded":5,"win_rate":0.0,"timestamp":1613362690,"path_taken":["M","?","?","M","?","E","R","E","T","R","M","E","?","?","R","BOSS","M","?","?","$","M","R","$","R","T","R","E","?","M","M","R","BOSS","M","?","?","M","?","R","E"],"items_purchased_type":["Card","Card","Card"],"build_version":"2020-12-22","purchased_purges":2,"victory":false,"max_hp_per_floor":[75,75,80,80,80,80,80,80,80,80,80,80,80,80,80,80,80,80,80,80,80,80,80,80,80,80,80,80,80,80,82,82,82,82,82,82,82,82,78,78,78,78],"relic_stats":{"Gremlin Horn":[10,10],"Singing Bowl":2,"counters":[16,80],"Juzu Bracelet":4,"obtain_stats":[{"Potion Belt":6,"Anchor":26,"NeowsBlessing":0,"Gremlin Horn":9,"Singing Bowl":28,"Thread and Needle":12,"CultistMask":13,"Juzu Bracelet":8,"Coffee Dripper":34,"Empty Cage":17,"Burning Blood":0},{"Potion Belt":3,"Anchor":9,"NeowsBlessing":0,"Gremlin Horn":4,"Singing Bowl":10,"Thread and Needle":6,"CultistMask":6,"Juzu Bracelet":4,"Coffee Dripper":13,"Empty Cage":7,"Burning Blood":0},{"Potion Belt":3,"Anchor":44,"NeowsBlessing":0,"Gremlin Horn":10,"Singing Bowl":49,"Thread and Needle":21,"CultistMask":21,"Juzu Bracelet":10,"Coffee Dripper":65,"Empty Cage":32,"Burning Blood":0}],"Burning Blood":79},"card_choices":[{"not_picked":["Clash","Iron Wave"],"picked":"Clothesline","floor":1.0},{"not_picked":["Sword Boomerang","Blood for Blood"],"picked":"Combust","floor":4.0},{"not_picked":["Cleave","Seeing Red"],"picked":"Inflame","floor":6.0},{"not_picked":["Warcry","Immolate"],"picked":"Spot Weakness","floor":8.0},{"not_picked":["Wild Strike","True Grit"],"picked":"Shrug It Off","floor":11.0},{"not_picked":["Fiend Fire","Reckless Charge"],"picked":"Thunderclap","floor":12.0},{"not_picked":["Demon Form","Barricade"],"picked":"Reaper","floor":16.0},{"not_picked":["Havoc","Flex"],"picked":"Twin Strike","floor":22.0},{"not_picked":["Iron Wave","Flex"],"picked":"Shockwave+1","floor":28},{"not_picked":["Havoc","Metallicize"],"picked":"Sword Boomerang","floor":30},{"not_picked":["Anger","Corruption","Warcry"],"picked":"Singing Bowl","floor":31},{"not_picked":["Juggernaut","Fiend Fire"],"picked":"Impervious","floor":33},{"not_picked":["Headbutt+1","Clothesline"],"picked":"Blood for Blood+1","floor":35},{"not_picked":["Flex","Perfected Strike"],"picked":"Inflame","floor":38}],"player_experience":1582015,"relics_obtained":[{"floor":6.0,"key":"Potion Belt"},{"floor":8.0,"key":"Juzu Bracelet"},{"floor":9.0,"key":"Gremlin Horn"},{"floor":12.0,"key":"Thread and Needle"},{"floor":26.0,"key":"Anchor"},{"floor":28,"key":"Singing Bowl"}],"event_choices":[{"damage_healed":0.0,"max_hp_gain":0.0,"max_hp_loss":0.0,"gold_gain":0.0,"cards_transformed":["Strike_R"],"event_name":"Living Wall","player_choice":"Change","floor":2.0,"gold_loss":0.0,"damage_taken":0.0,"cards_obtained":["Limit Break"]},{"damage_healed":0.0,"max_hp_gain":5.0,"max_hp_loss":0.0,"gold_gain":0.0,"event_name":"Big Fish","player_choice":"Donut","floor":3.0,"gold_loss":0.0,"damage_taken":0.0},{"damage_healed":0.0,"max_hp_gain":0.0,"max_hp_loss":0.0,"gold_gain":50.0,"event_name":"Golden Shrine","player_choice":"Pray","floor":5.0,"gold_loss":0.0,"damage_taken":0.0},{"damage_healed":0.0,"max_hp_gain":0.0,"max_hp_loss":0.0,"gold_gain":0.0,"event_name":"FaceTrader","player_choice":"Trade","floor":13.0,"gold_loss":0.0,"damage_taken":0.0,"relics_obtained":["CultistMask"]},{"damage_healed":0.0,"max_hp_gain":0.0,"max_hp_loss":0.0,"gold_gain":0.0,"event_name":"Drug Dealer","player_choice":"Obtain J.A.X.","floor":19.0,"gold_loss":0.0,"damage_taken":0.0,"cards_obtained":["J.A.X."]},{"damage_healed":0.0,"max_hp_gain":0.0,"max_hp_loss":0.0,"gold_gain":0.0,"event_name":"Wheel of Change","player_choice":"Cursed","floor":20.0,"gold_loss":0.0,"damage_taken":0.0,"cards_obtained":["Decay"]},{"damage_healed":0,"gold_gain":50,"player_choice":"Stole From Cult","damage_taken":0,"max_hp_gain":0,"max_hp_loss":0,"event_name":"Nest","floor":29,"gold_loss":0},{"damage_healed":0,"gold_gain":0,"player_choice":"Ignored","damage_taken":0,"max_hp_gain":0,"max_hp_loss":0,"event_name":"SecretPortal","floor":36,"gold_loss":0},{"cards_removed":["Clothesline"],"damage_healed":5,"gold_gain":0,"player_choice":"Offered Common","damage_taken":0,"max_hp_gain":0,"max_hp_loss":0,"event_name":"Bonfire Elementals","floor":37,"gold_loss":0},{"cards_removed":["Clothesline"],"damage_healed":5,"gold_gain":0,"player_choice":"Offered Special","damage_taken":0,"max_hp_gain":0,"max_hp_loss":0,"event_name":"Bonfire Elementals","floor":37,"gold_loss":0},{"damage_healed":0,"gold_gain":0,"player_choice":"Max HP","damage_taken":0,"max_hp_gain":0,"max_hp_loss":4,"event_name":"Winding Halls","floor":39,"gold_loss":0}],"is_beta":false,"boss_relics":[{"not_picked":["Sozu","Calling Bell"],"picked":"Empty Cage"},{"not_picked":["Busted Crown","SacredBark"],"picked":"Coffee Dripper"}],"items_purged_floors":[14,21],"is_endless":false,"potions_floor_spawned":[11,16,22,28,35],"killed_by":"Giant Head","ascension_level":18}}