{"host":"ipcfr4ajj2jkxvg7","time":1613410193,"event":{"mods":["BaseMod","Colored Powertips","GifTheSpireLib","Marisa（F雨　魔理沙）","Minty Spire (QoL Compilation)","Quick Restart","Remilia（蕾米莉亚）","Replay The Spire","RumiaBox-露米娅的神秘盒子","StSLib"],"gold_per_floor":[110,122,133,151,162,192,192,227,254,254,254,254,45,61,61,138,138,152,167,179,179,190,190,190],"floor_reached":23,"language":"ZHS","playtime":652,"items_purged":["Defend_RM"],"score":410,"play_id":"bdd363c3-bb80-495f-878a-e680d7050045","local_time":"20210216012953","is_ascension_mode":true,"campfire_choices":[{"floor":7.0,"key":"REST"},{"data":"TricksterDevil","floor":11.0,"key":"SMITH"},{"data":"HunterOfTheNight","floor":15.0,"key":"SMITH"}],"circlet_count":0,"master_deck":["AscendersBane","Strike_RM","Strike_RM","Strike_RM","Strike_RM","Defend_RM","Defend_RM","Defend_RM","RedMoon","ScarletShoot","BombardNight","VampireKiss","NightDance","VampireKiss","TricksterDevil+1","ChainGang+1","HunterOfTheNight+1","DiffusionOfMisfortune","HeartBreak","VampireKiss+1","DemonKingCradle","HunterOfTheNight+1","BloodAndWine"],"relics":["ScarletHat","NeowsBlessing","AddBug","SecretRecord","SecretRecord"],"acts_visited":["Exordium","TheCity"],"potions_floor_usage":[],"damage_taken":[{"damage":0.0,"enemies":"2 Louse","floor":1.0,"turns":2.0},{"damage":0.0,"enemies":"Jaw Worm","floor":2.0,"turns":1.0},{"damage":0.0,"enemies":"Cultist","floor":3.0,"turns":1.0},{"damage":19.0,"enemies":"Large Slime","floor":4.0,"turns":11.0},{"damage":4.0,"enemies":"Red Slaver","floor":5.0,"turns":6.0},{"damage":41.0,"enemies":"Gremlin Nob","floor":6.0,"turns":5.0},{"damage":13.0,"enemies":"Lagavulin","floor":8.0,"turns":7.0},{"damage":0.0,"enemies":"2 Fungi Beasts","floor":14.0,"turns":2.0},{"damage":23.0,"enemies":"Slime Boss","floor":16.0,"turns":8.0},{"damage":3,"enemies":"Shell Parasite","floor":18,"turns":3},{"damage":0,"enemies":"Spheric Guardian","floor":19,"turns":2},{"damage":37,"enemies":"Chosen and Byrds","floor":20,"turns":6},{"damage":13,"enemies":"Snecko","floor":22,"turns":3},{"damage":34,"enemies":"Book of Stabbing","floor":23,"turns":3}],"seed_played":"-2190486412908266252","potions_obtained":[{"floor":2.0,"key":"Reflective Coating"},{"floor":3.0,"key":"DuplicationPotion"},{"floor":16.0,"key":"Elixir"},{"floor":19,"key":"EssenceOfSteel"}],"is_trial":false,"path_per_floor":["M","M","M","M","M","E","R","E","T","?","R","T","$","M","R","B",null,"M","M","M","?","M","E"],"character_chosen":"REMILIA","items_purchased":["HunterOfTheNight","DiffusionOfMisfortune"],"campfire_rested":1,"item_purchase_floors":[13,13],"current_hp_per_floor":[65,65,65,52,48,7,28,21,21,21,21,21,21,23,23,11,55,60,60,37,37,29,0,0],"gold":190,"neow_bonus":"THREE_ENEMY_KILL","is_daily":false,"chose_seed":false,"campfire_upgraded":2,"win_rate":0.0,"timestamp":1613410193,"path_taken":["M","M","M","M","M","E","R","E","T","?","R","?","$","M","R","BOSS","M","M","M","?","?","E"],"items_purchased_type":["Card","Card"],"build_version":"2020-12-22","purchased_purges":1,"victory":false,"max_hp_per_floor":[70,70,70,70,70,70,70,70,70,70,70,70,70,70,70,70,70,70,70,70,70,70,70,70],"card_choices":[{"not_picked":["Stigmanizer","ScarletDream"],"picked":"BombardNight","floor":1.0},{"not_picked":["MillenniumVampire","MastersStateliness"],"picked":"VampireKiss","floor":2.0},{"not_picked":["ScarletDevil","UnstableMagic","BadLadyScramble"],"picked":"SKIP","floor":3.0},{"not_picked":["EndlessAdversity","BlasphemousPunishment"],"picked":"NightDance","floor":4.0},{"not_picked":["ScarletDream","ScarletImprint"],"picked":"VampireKiss","floor":5.0},{"not_picked":["ScarletDevil","NightDance"],"picked":"TricksterDevil","floor":6.0},{"not_picked":["UnderTheZenith","DevilSight"],"picked":"SuperhumanBloodyKnife","floor":8.0},{"not_picked":["RedMagic","RedRainbow","ForbiddenFruit"],"picked":"SKIP","floor":14.0},{"not_picked":["BloodyCatastrophe","ChaoticDestiny"],"picked":"HeartBreak","floor":16.0},{"not_picked":["NightDance","ScarletImprint+1","FavorOfDestiny"],"picked":"SKIP","floor":18},{"not_picked":["ScarletImprint","ScarletDevil+1"],"picked":"VampireKiss","floor":19},{"not_picked":["EmergencyRegeneration","BadLadyScramble"],"picked":"DemonKingCradle","floor":20},{"not_picked":["ReincarnationDial","SuperhumanBloodyKnife"],"picked":"BloodAndWine","floor":22}],"player_experience":468188,"relics_obtained":[{"floor":1.0,"key":"AddBug"},{"floor":6.0,"key":"White Beast Statue"},{"floor":8.0,"key":"Replay:Bottled Snecko"},{"floor":9.0,"key":"Anchor"},{"floor":12.0,"key":"GodSword3"},{"floor":16.0,"key":"SecretRecord"}],"event_choices":[{"damage_healed":0,"gold_gain":0,"player_choice":"Copied","damage_taken":0,"max_hp_gain":0,"max_hp_loss":0,"event_name":"Duplicator","floor":21,"gold_loss":0,"cards_obtained":["HunterOfTheNight"]}],"is_beta":false,"boss_relics":[{"not_picked":["Replay:Wanted Poster","Philosopher\u0027s Stone"],"picked":"EasyGame_NEW"}],"items_purged_floors":[13],"is_endless":false,"potions_floor_spawned":[2,3,5,6,16,19,22],"killed_by":"Book of Stabbing","ascension_level":20}}