{"host":"r0h3ysx70cq9cujv","time":1613372295,"event":{"mods":["Act Like it!","Aspiration","BaseMod","Minty Spire (QoL Compilation)","Pale of the Ancients","Red Circlet Mod","Reliquary","Replay The Spire","RumiaBox-露米娅的神秘盒子","StSLib","【功能Mod】混沌之环修复补丁"],"gold_per_floor":[118,132,132,57,57,57,4,4,39,50,50,50,75,75,95,95,95,190,190,200,217,49,49,64,96,96,114,140,173,185,185,185,201,201,297,297,316,316,113,159,174,209,209,228,228,228,263,282,297,129,129,129,148,160,160,91,91,105,105,105,105,105,105],"floor_reached":62,"language":"ZHS","playtime":1223,"items_purged":["Strike_B","Strike_B","Strike_B"],"score":1011,"play_id":"9d239be6-dc32-43f1-96ad-739387069b2e","local_time":"20210215145815","is_ascension_mode":false,"campfire_choices":[{"data":"Streamline","floor":8,"key":"SMITH"},{"data":"Zap","floor":12,"key":"SMITH"},{"floor":17,"key":"DIG"},{"floor":32,"key":"REST"},{"floor":34,"key":"REST"},{"floor":43,"key":"REST"},{"floor":46,"key":"REST"},{"floor":51,"key":"REST"},{"floor":57,"key":"REST"},{"floor":59,"key":"REST"}],"circlet_count":0,"master_deck":["Strike_B","Defend_B","Defend_B","Defend_B","Defend_B","Zap+1","Dualcast","Ball Lightning","Streamline+1","Redo","Conserve Battery","Loop","Machine Learning","Ball Lightning+1","Conserve Battery","Capacitor","Time Bomb+1","Gash+1","Conserve Battery","Ball Lightning","Defragment","Thunder Strike","ReplayTheSpireMod:System Scan","Coolheaded+1","Coolheaded+1","Electrodynamics","White Noise","Apotheosis","Sweeping Beam+1","Conserve Battery+1","Defragment","aspiration:Polymerization"],"relics":["Cracked Core","NeowsBlessing","AddBug","SecretRecord","SecretRecord","SecretRecord","SecretRecord","SecretRecord","SecretRecord","SecretRecord","SecretRecord"],"acts_visited":["Exordium","TheCity","TheBeyond","paleoftheancients:PaleOfTheAncients"],"potions_floor_usage":[18,54],"damage_taken":[{"damage":0,"enemies":"Jaw Worm","floor":1,"turns":1},{"damage":0,"enemies":"Cultist","floor":2,"turns":1},{"damage":0,"enemies":"3 Sentries","floor":9,"turns":1},{"damage":5,"enemies":"Small Slimes","floor":10,"turns":3},{"damage":5,"enemies":"Gremlin Nob","floor":13,"turns":3},{"damage":6,"enemies":"2 Fungi Beasts","floor":15,"turns":2},{"damage":25,"enemies":"Fading Forest","floor":18,"turns":11},{"damage":15,"enemies":"2 Thieves","floor":20,"turns":2},{"damage":0,"enemies":"Spheric Guardian","floor":21,"turns":2},{"damage":14,"enemies":"Snake Plant","floor":24,"turns":2},{"damage":15,"enemies":"Replay:Snechameleon","floor":25,"turns":2},{"damage":0,"enemies":"3 Cultists","floor":27,"turns":2},{"damage":5,"enemies":"Gremlin Leader","floor":29,"turns":4},{"damage":5,"enemies":"Chosen and Byrds","floor":30,"turns":3},{"damage":13,"enemies":"Centurion and Healer","floor":33,"turns":2},{"damage":7,"enemies":"Automaton","floor":35,"turns":3},{"damage":0,"enemies":"Orb Walker","floor":37,"turns":1},{"damage":34,"enemies":"2 Orb Walkers","floor":40,"turns":3},{"damage":31,"enemies":"3 Darklings","floor":41,"turns":3},{"damage":0,"enemies":"Giant Head","floor":42,"turns":3},{"damage":0,"enemies":"Transient","floor":44,"turns":4},{"damage":14,"enemies":"Reptomancer","floor":47,"turns":3},{"damage":0,"enemies":"Maw","floor":48,"turns":2},{"damage":19,"enemies":"Sphere and 2 Shapes","floor":49,"turns":3},{"damage":17,"enemies":"Time Eater","floor":52,"turns":3},{"damage":28,"enemies":"Time Eater","floor":53,"turns":5},{"damage":28,"enemies":"Time Eater","floor":54,"turns":3},{"damage":34,"enemies":"Time Eater","floor":58,"turns":5},{"damage":86,"enemies":"paleoftheancients:N","floor":62,"turns":3}],"seed_played":"404198759306392340","potions_obtained":[{"floor":1,"key":"Ancient Potion"},{"floor":13,"key":"Elixir"},{"floor":15,"key":"Fire Potion"},{"floor":21,"key":"CultistPotion"}],"is_trial":false,"path_per_floor":["M","M","?","$","PTL","PTL","$","R","E","M","T","R","E","?","M","?","R","B",null,"M","M","$","?","M","E","?","M","T","E","M","T","R","M","R","B",null,"M","?","$","?","M","E","R","M","T","R","E","M","M","$","R","B","M","M","?","$","R","M","R","$","?","B"],"character_chosen":"DEFECT","items_purchased":["Redo","Capacitor","ReplayTheSpireMod:System Scan","Apotheosis","Defragment"],"campfire_rested":7,"item_purchase_floors":[7,22,39,50,56],"current_hp_per_floor":[75,75,75,75,75,75,75,75,75,70,70,70,65,70,64,64,64,49,80,65,65,65,65,51,36,36,36,36,31,26,26,50,37,61,54,80,80,80,80,46,15,15,39,39,39,63,49,49,30,30,54,92,64,36,36,36,63,29,56,56,56,0,0],"gold":105,"neow_bonus":"THREE_ENEMY_KILL","is_daily":false,"chose_seed":false,"campfire_upgraded":2,"win_rate":0.0,"timestamp":1613372295,"path_taken":["M","M","?","$","PTL","PTL","?","R","E","?","T","R","E","?","M","?","R","BOSS","M","M","$","?","M","E","?","M","T","E","?","?","R","M","R","BOSS","M","?","$","?","M","E","R","M","T","R","E","M","M","?","R","BOSS","M","M","?","$","R","M","R","$","?","BOSS"],"items_purchased_type":["Card","Card","Card","Card","Card"],"build_version":"2020-12-22","purchased_purges":3,"victory":false,"max_hp_per_floor":[75,75,75,75,75,75,75,75,75,75,75,75,75,80,80,80,80,80,80,80,80,80,80,80,80,80,80,80,80,80,80,80,80,80,80,80,80,80,80,80,80,80,80,80,80,80,80,80,80,80,80,92,92,92,92,92,92,92,92,92,92,92,92],"card_choices":[{"not_picked":["ReplayTheSpireMod:System Scan","Storm"],"picked":"Ball Lightning","floor":1},{"not_picked":["FTL","Sweeping Beam"],"picked":"Streamline","floor":2},{"not_picked":["Sweeping Beam","Barrage","ReplayTheSpireMod:Reroute Power"],"picked":"SKIP","floor":9},{"not_picked":["Barrage","Hologram"],"picked":"Conserve Battery","floor":10},{"not_picked":["Panic Button","Cold Snap","Fusion"],"picked":"SKIP","floor":13},{"not_picked":["Tempest","Steam Power"],"picked":"Loop","floor":15},{"not_picked":["ReplayTheSpireMod:Omega Cannon","Multi-Cast"],"picked":"Machine Learning","floor":18},{"not_picked":["Hologram","Skim"],"picked":"Ball Lightning+1","floor":20},{"not_picked":["ReplaySolidLightProjector+1","Aggregate"],"picked":"Conserve Battery","floor":21},{"not_picked":["ReplayTheSpireMod:GoodbyeWorld","Darkness+1"],"picked":"Time Bomb+1","floor":24},{"not_picked":["ReplayTheSpireMod:GoodbyeWorld","Fusion"],"picked":"Gash+1","floor":25},{"not_picked":["Genetic Algorithm","White Noise+1"],"picked":"Conserve Battery","floor":27},{"not_picked":["ReplayTheSpireMod:Repulse","Beam Cell+1"],"picked":"Ball Lightning","floor":29},{"not_picked":["Cold Snap+1","ReplayTheSpireMod:Omega Cannon","Stack"],"picked":"SKIP","floor":30},{"not_picked":["Cold Snap","Leap+1"],"picked":"Defragment","floor":33},{"not_picked":["Amplify","Reboot"],"picked":"Thunder Strike","floor":35},{"not_picked":["ReplayTheSpireMod:Repulse","ReplayTheSpireMod:Calculation Training","Consume+1"],"picked":"SKIP","floor":37},{"not_picked":["Beam Cell+1","Lockon"],"picked":"Coolheaded+1","floor":41},{"not_picked":["Barrage+1","Aggregate"],"picked":"Coolheaded+1","floor":42},{"not_picked":["Streamline+1","Static Discharge","Doom and Gloom+1"],"picked":"SKIP","floor":44},{"not_picked":["Barrage","Genetic Algorithm+1"],"picked":"Electrodynamics","floor":47},{"not_picked":["Stack","Cold Snap","Compile Driver"],"picked":"SKIP","floor":48},{"not_picked":["Amplify","Leap"],"picked":"White Noise","floor":49},{"not_picked":["ReplayTheSpireMod:System Scan","Streamline+1"],"picked":"Sweeping Beam+1","floor":53},{"not_picked":["Compile Driver","Capacitor"],"picked":"Conserve Battery+1","floor":54},{"not_picked":["ReplayTheSpireMod:System Scan+1","ReplaySort+1"],"picked":"aspiration:Polymerization","floor":58}],"player_experience":6253,"relics_obtained":[{"floor":1,"key":"AddBug"},{"floor":9,"key":"Potion Belt"},{"floor":11,"key":"reliquary:SharkskinSheath"},{"floor":13,"key":"SecretRecord"},{"floor":13,"key":"Centennial Puzzle"},{"floor":17,"key":"SumBook"},{"floor":18,"key":"SecretRecord"},{"floor":25,"key":"SecretRecord"},{"floor":25,"key":"Divine Protection"},{"floor":28,"key":"reliquary:RoseTintedGlasses"},{"floor":29,"key":"SecretRecord"},{"floor":29,"key":"Regal Pillow"},{"floor":31,"key":"LastBattle"},{"floor":33,"key":"SecretRecord"},{"floor":40,"key":"Incense Burner"},{"floor":42,"key":"reliquary:SilkGlove"},{"floor":45,"key":"Mirror"},{"floor":47,"key":"Bag of Preparation"},{"floor":49,"key":"SecretRecord"},{"floor":54,"key":"paleoftheancients:SoulOfTheSilent"},{"floor":58,"key":"SecretRecord"},{"floor":58,"key":"paleoftheancients:SoulOfTheDefect"}],"event_choices":[{"damage_healed":0,"gold_gain":0,"player_choice":"Bought 0 Potions","damage_taken":0,"max_hp_gain":0,"max_hp_loss":0,"event_name":"The Woman in Blue","floor":3,"gold_loss":0},{"damage_healed":0,"gold_gain":0,"player_choice":"Donut","damage_taken":0,"max_hp_gain":5,"max_hp_loss":0,"event_name":"Big Fish","floor":14,"gold_loss":0},{"damage_healed":0,"gold_gain":0,"player_choice":"Ignored","damage_taken":0,"max_hp_gain":0,"max_hp_loss":0,"event_name":"Liars Game","floor":16,"gold_loss":0},{"damage_healed":0,"gold_gain":0,"player_choice":"Got Potions","damage_taken":0,"max_hp_gain":0,"max_hp_loss":0,"event_name":"Lab","floor":26,"gold_loss":0},{"damage_healed":0,"gold_gain":0,"player_choice":"Memory 1","damage_taken":0,"max_hp_gain":0,"max_hp_loss":0,"event_name":"SensoryStone","floor":38,"gold_loss":0},{"damage_healed":0,"gold_gain":0,"player_choice":"Fight","damage_taken":0,"max_hp_gain":0,"max_hp_loss":0,"event_name":"Mysterious Sphere","floor":40,"gold_loss":0}],"is_beta":false,"boss_relics":[{"not_picked":["Ectoplasm","Busted Crown"],"picked":"Replay:Grab Bag"},{"not_picked":["Snecko Eye","Abe\u0027s Treasure"],"picked":"reliquary:KinkedSpring"}],"items_purged_floors":[4,22,39],"is_endless":false,"potions_floor_spawned":[1,13,15,21,24,27,30,33,35,37,40,41,48,53,54],"killed_by":"paleoftheancients:N","ascension_level":0}}