{"host":"pgm1p3lvdjflie30","time":1613417485,"event":{"mods":["ATMod(阿瑾Mod)","AchievementEnabler","Aspiration","BaseMod","Better-Laid Plans","Bossed Relics","Challenge The Spire","Colored Map","Colored Powertips","Conspire","Dark Map","Downfall","Energized Spire","Jedi Mod","Minty Spire (QoL Compilation)","MostiFishMod","Quarter Circle Forward PUNCH!","Quick Restart","Relic Stats","Reliquary","Replay The Spire","Robot Space Explorer","Spicy Shops","StSLib","TestMod","The IronCluck","The Jungle","Waifu the Spire","Yakumo Yukari mod","【功能Mod】混沌之?修复?丁","【?物卡牌】REMEMod","篝火指南"],"gold_per_floor":[297,297,297,297,297,347,358,385,410,465,496],"floor_reached":12,"language":"ZHS","playtime":245,"items_purged":[],"score":551,"play_id":"831725fe-c97e-445f-a362-e2f5138ca3b9","local_time":"20210216033125","is_ascension_mode":false,"campfire_choices":[{"floor":3,"key":"RECALL"}],"circlet_count":0,"master_deck":["bronze:Strike","bronze:Strike","bronze:Strike","bronze:Strike","bronze:Defend","bronze:Defend","bronze:Defend","bronze:Defend","bronze:Replicate","bronze:Goto","bronze:Verify","bronze:HardenedForm","bronze:CutThrough","bronze:BuggyMess+1","bronze:ForceShield","bronze:ForLoop+1"],"relics":["bronze:BronzeCore","AT_ATBox","DaveBox","testmod-TestBox","REME_ComplimentaryCards","reliquary:WritOfMandamus","SynthV:TestCard","conspire:SpecialSausage","WingedGreaves","reliquary:PartyBalloon","Replay:Rubber Ducky","Replay:PocketPolymizer"],"acts_visited":["Exordium","TheCity","TheBeyond"],"potions_floor_usage":[],"damage_taken":[{"damage":0,"enemies":"SI_SHIV_ARCHETYPE","floor":0,"turns":1},{"damage":0,"enemies":"DF_ARCHETYPE_CLAW","floor":1,"turns":1},{"damage":0,"enemies":"Orb Walker","floor":4,"turns":1},{"damage":0,"enemies":"3 Darklings","floor":5,"turns":1},{"damage":0,"enemies":"3 Darklings","floor":6,"turns":1},{"damage":0,"enemies":"Writhing Mass","floor":7,"turns":1},{"damage":0,"enemies":"R_Hoarder","floor":8,"turns":1},{"damage":0,"enemies":"Reptomancer","floor":11,"turns":1},{"damage":0,"enemies":"IC_BLOCK_ARCHETYPE","floor":11,"turns":1}],"seed_played":"3216443748705313349","potions_obtained":[{"floor":0,"key":"Reflective Coating"},{"floor":1,"key":"champ:CounterPotion"},{"floor":8,"key":"bronze:BuildAFunctionPotion"}],"is_trial":false,"path_per_floor":[null,null,"R_BF","M","M","?","M","E","T","T","E",null],"character_chosen":"THE_AUTOMATON","items_purchased":[],"campfire_rested":0,"item_purchase_floors":[],"current_hp_per_floor":[77,77,77,77,77,77,77,77,77,77,77],"gold":496,"neow_bonus":"TEN_PERCENT_HP_BONUS","is_daily":false,"chose_seed":false,"campfire_upgraded":0,"win_rate":0.0,"timestamp":1613417485,"path_taken":["BOSS","BOSS","R_BF","M","?","?","M","E","T","?","E","BOSS"],"items_purchased_type":[],"build_version":"2020-12-22","purchased_purges":0,"victory":true,"max_hp_per_floor":[77,77,77,77,77,77,77,77,77,77,77],"relic_stats":{"counters":[9,9],"obtain_stats":[{"bronze:BronzeCore":0,"AT_ATBox":0,"testmod-TestBox":0,"SynthV:TestCard":1,"Replay:PocketPolymizer":11,"DaveBox":0,"reliquary:PartyBalloon":8,"conspire:SpecialSausage":2,"WingedGreaves":6,"reliquary:WritOfMandamus":1,"REME_ComplimentaryCards":0,"Replay:Rubber Ducky":10},{"bronze:BronzeCore":0,"AT_ATBox":0,"testmod-TestBox":0,"SynthV:TestCard":2,"Replay:PocketPolymizer":8,"DaveBox":0,"reliquary:PartyBalloon":7,"conspire:SpecialSausage":2,"WingedGreaves":5,"reliquary:WritOfMandamus":1,"REME_ComplimentaryCards":0,"Replay:Rubber Ducky":7},{"bronze:BronzeCore":0,"AT_ATBox":0,"testmod-TestBox":0,"SynthV:TestCard":2,"Replay:PocketPolymizer":8,"DaveBox":0,"reliquary:PartyBalloon":7,"conspire:SpecialSausage":2,"WingedGreaves":5,"reliquary:WritOfMandamus":1,"REME_ComplimentaryCards":0,"Replay:Rubber Ducky":7}]},"card_choices":[{"not_picked":["bronze:Virus","bronze:HardenedForm"],"picked":"bronze:Verify","floor":0},{"not_picked":["bronze:Break","bronze:CleanCode"],"picked":"bronze:HardenedForm","floor":1},{"not_picked":["bronze:MaxOutput","bronze:WhirlingStrike","bronze:DelayedSlice","bronze:BronzeOrb+1","bronze:ChosenStrike+1"],"picked":"SKIP","floor":4},{"not_picked":["bronze:WhirlingStrike","bronze:DelayedGuard+1","bronze:Shield+1","bronze:WildBeam+1","bronze:ChosenStrike+1"],"picked":"SKIP","floor":5},{"not_picked":["bronze:BronzeArmor","bronze:BuggyMess+1","bronze:Turbo","bronze:Branch+1"],"picked":"bronze:CutThrough","floor":6},{"not_picked":["bronze:FollowUp+1","bronze:ClassDefault+1","bronze:Overheat","bronze:FineTuning"],"picked":"bronze:BuggyMess+1","floor":7},{"not_picked":["bronze:ChosenStrike+1","bronze:DigitalCarnage","bronze:BitShift","bronze:CutThrough+1"],"picked":"bronze:ForceShield","floor":8},{"not_picked":["bronze:Break","bronze:FineTuning","bronze:WildBeam","bronze:BugBarrage+1"],"picked":"bronze:ForLoop+1","floor":11}],"player_experience":388539,"relics_obtained":[{"floor":1,"key":"SynthV:TestCard"},{"floor":6,"key":"WingedGreaves"},{"floor":8,"key":"reliquary:PartyBalloon"},{"floor":10,"key":"Replay:Rubber Ducky"},{"floor":11,"key":"Replay:PocketPolymizer"}],"event_choices":[],"is_beta":false,"boss_relics":[{"not_picked":["reliquary:KinkedSpring","Replay:Drink Me"],"picked":"reliquary:WritOfMandamus"},{"not_picked":["Honey Jar","Abe\u0027s Treasure"],"picked":"conspire:SpecialSausage"}],"items_purged_floors":[],"is_endless":false,"potions_floor_spawned":[0,1,8,11],"ascension_level":0}}