{"host":"w4b7hmige5bnqipq","time":1613389019,"event":{"mods":["2.2 Compatiblity","BaseMod","Colored Map","DeckTracker","Keyboard Shortcuts","Minty Spire (QoL Compilation)","Permanent Neow","Rare Cards Sparkle","SuperFastMode","everything is the same but u backflip on backflip","slay the spire mod where everything is the same but ironclad has a cowboy hat"],"gold_per_floor":[118,118,128,128,147,147,177,190,190,190,249,249,279,299,299,370,370,390,315,33,44,61,61,72,72,72],"floor_reached":25,"language":"KOR","playtime":648,"items_purged":[],"score":579,"play_id":"8b72642b-8319-4c29-b0d2-ce8cf3319c3c","local_time":"20210215203659","is_ascension_mode":true,"campfire_choices":[{"data":"Glacier","floor":6.0,"key":"SMITH"},{"data":"Streamline","floor":10.0,"key":"SMITH"},{"data":"Genetic Algorithm","floor":12.0,"key":"SMITH"},{"data":"Loop","floor":15,"key":"SMITH"},{"floor":23,"key":"REST"}],"circlet_count":0,"master_deck":["AscendersBane","Strike_B","Strike_B","Strike_B","Defend_B","Defend_B","Defend_B","Defend_B","Zap+1","Dualcast+1","Rebound","Glacier+1","Go for the Eyes","Streamline+1","Genetic Algorithm+1","Ball Lightning","Loop+1","Seek","Fusion","Blizzard","Biased Cognition"],"relics":["Cracked Core","Toy Ornithopter","Eternal Feather","WingedGreaves","Emotion Chip","Ancient Tea Set","Sozu","Mummified Hand"],"acts_visited":["Exordium","TheCity"],"potions_floor_usage":[18,24],"damage_taken":[{"damage":7.0,"enemies":"Jaw Worm","floor":1.0,"turns":3.0},{"damage":0.0,"enemies":"Cultist","floor":3.0,"turns":3.0},{"damage":3.0,"enemies":"2 Louse","floor":5.0,"turns":2.0},{"damage":1.0,"enemies":"Lagavulin","floor":7.0,"turns":7.0},{"damage":0.0,"enemies":"Looter","floor":8.0,"turns":2.0},{"damage":20.0,"enemies":"Lagavulin Event","floor":11.0,"turns":6.0},{"damage":12.0,"enemies":"Gremlin Nob","floor":13.0,"turns":3.0},{"damage":10,"enemies":"Large Slime","floor":14,"turns":3},{"damage":17,"enemies":"The Guardian","floor":16,"turns":11},{"damage":15,"enemies":"3 Byrds","floor":18,"turns":4},{"damage":8,"enemies":"Spheric Guardian","floor":21,"turns":4},{"damage":34,"enemies":"Shelled Parasite and Fungi","floor":22,"turns":6},{"damage":10,"enemies":"Snecko","floor":24,"turns":4},{"damage":43,"enemies":"Book of Stabbing","floor":25,"turns":3}],"seed_played":"-2120430477915209843","potions_obtained":[{"floor":1.0,"key":"DistilledChaos"},{"floor":7.0,"key":"AttackPotion"},{"floor":13,"key":"DuplicationPotion"},{"floor":16,"key":"FearPotion"}],"is_trial":false,"path_per_floor":["M","?","M","?","M","R","E","M","T","R","?","R","E","M","R","B",null,"M","?","$","M","M","R","M","E"],"character_chosen":"DEFECT","items_purchased":["Mummified Hand"],"campfire_rested":1,"item_purchase_floors":[20],"current_hp_per_floor":[57,57,57,57,54,54,58,63,63,71,51,60,48,38,47,30,61,51,51,51,43,9,42,37,0,0],"gold":72,"neow_bonus":"RANDOM_COMMON_RELIC","is_daily":false,"chose_seed":false,"campfire_upgraded":4,"win_rate":0.0,"timestamp":1613389019,"path_taken":["M","?","M","?","M","R","E","?","T","R","?","R","E","M","R","BOSS","M","?","$","M","M","R","M","E"],"items_purchased_type":["Relic"],"build_version":"2020-12-22","purchased_purges":0,"victory":false,"max_hp_per_floor":[71,71,71,71,71,71,71,71,71,71,71,71,71,71,71,71,71,71,71,71,71,71,71,71,71,71],"card_choices":[{"not_picked":["Steam Power","Turbo","Force Field"],"picked":"SKIP","floor":1.0},{"not_picked":["Consume","Cold Snap"],"picked":"Rebound","floor":3.0},{"not_picked":["Gash","Steam"],"picked":"Glacier","floor":5.0},{"not_picked":["Hello World","Redo"],"picked":"Go for the Eyes","floor":7.0},{"not_picked":["Steam","Coolheaded"],"picked":"Streamline","floor":8.0},{"not_picked":["Leap","Hello World"],"picked":"Genetic Algorithm","floor":11.0},{"not_picked":["Leap","Ball Lightning","Rebound"],"picked":"SKIP","floor":13},{"not_picked":["Leap","Ball Lightning","Rebound"],"picked":"SKIP","floor":13},{"not_picked":["Leap","Rebound"],"picked":"Ball Lightning","floor":13},{"not_picked":["Streamline","Beam Cell"],"picked":"Loop","floor":14},{"not_picked":["Multi-Cast","Reboot"],"picked":"Seek","floor":16},{"not_picked":["Genetic Algorithm+1","Go for the Eyes"],"picked":"Fusion","floor":18},{"not_picked":["Barrage","Turbo+1"],"picked":"Blizzard","floor":21},{"not_picked":["Rebound","Go for the Eyes","Steam"],"picked":"SKIP","floor":22},{"not_picked":["Rebound","Compile Driver"],"picked":"Biased Cognition","floor":24}],"player_experience":750493,"relics_obtained":[{"floor":7.0,"key":"Eternal Feather"},{"floor":9.0,"key":"WingedGreaves"},{"floor":11.0,"key":"Emotion Chip"},{"floor":13,"key":"Ancient Tea Set"}],"event_choices":[{"damage_healed":0.0,"max_hp_gain":0.0,"max_hp_loss":0.0,"gold_gain":0.0,"event_name":"Living Wall","player_choice":"Grow","floor":2.0,"gold_loss":0.0,"damage_taken":0.0,"cards_upgraded":["Zap"]},{"damage_healed":0.0,"max_hp_gain":0.0,"max_hp_loss":0.0,"gold_gain":0.0,"event_name":"Upgrade Shrine","player_choice":"Upgraded","floor":4.0,"gold_loss":0.0,"damage_taken":0.0,"cards_upgraded":["Dualcast"]},{"damage_healed":0.0,"max_hp_gain":0.0,"max_hp_loss":0.0,"gold_gain":0.0,"event_name":"Dead Adventurer","player_choice":"Searched \u00271\u0027 times","floor":11.0,"gold_loss":0.0,"damage_taken":0.0},{"cards_removed":["Strike_B"],"damage_healed":0,"gold_gain":0,"player_choice":"Gave Gold","damage_taken":0,"max_hp_gain":0,"max_hp_loss":0,"event_name":"Beggar","floor":19,"gold_loss":75}],"is_beta":false,"boss_relics":[{"not_picked":["Runic Dome","Nuclear Battery"],"picked":"Sozu"}],"items_purged_floors":[],"is_endless":false,"potions_floor_spawned":[1,7,13,16,22,24],"killed_by":"Book of Stabbing","ascension_level":17}}