{"host":"skr63qsdfgeey3it","time":1613381119,"event":{"mods":["BaseMod","Colored Map","Hubris","Minty Spire (QoL Compilation)","Monster B Gone","Reliquary","Replay The Spire","Spicy Shops","StSLib"],"gold_per_floor":[118,133,222,233,251,251,280,280,307,326,344,125,144,161,161,161,161],"floor_reached":16,"language":"ENG","playtime":690,"items_purged":[],"score":186,"play_id":"e48bcd42-aa25-4975-9fc0-ccac4784728d","local_time":"20210215032519","is_ascension_mode":true,"campfire_choices":[{"floor":6,"key":"REST"},{"floor":8,"key":"REST"},{"floor":15,"key":"REST"}],"circlet_count":0,"master_deck":["AscendersBane","Strike_B","Strike_B","Strike_B","Defend_B","Defend_B","Defend_B","Zap","Dualcast","Sunder+1","Beam Cell","Reinforced Body","Streamline","Stack","White Noise","ReplayTheSpireMod:Omega Cannon+1","Conserve Battery","Ball Lightning","Fusion","hubris:DoWhile"],"relics":["Cracked Core","Vajra","reliquary:Aerogel","hubris:BallOfYels","Bird Faced Urn","Guide Book"],"acts_visited":["Exordium"],"potions_floor_usage":[5,7,16],"damage_taken":[{"damage":7,"enemies":"Jaw Worm","floor":1,"turns":3},{"damage":0,"enemies":"Cultist","floor":2,"turns":3},{"damage":0,"enemies":"2 Louse","floor":4,"turns":2},{"damage":1,"enemies":"Large Slime","floor":5,"turns":3},{"damage":20,"enemies":"Lagavulin","floor":7,"turns":5},{"damage":8,"enemies":"Blue Slaver","floor":10,"turns":3},{"damage":8,"enemies":"3 Louse","floor":11,"turns":2},{"damage":9,"enemies":"Red Slaver","floor":13,"turns":2},{"damage":2,"enemies":"Exordium Thugs","floor":14,"turns":4},{"damage":32,"enemies":"The Guardian","floor":16,"turns":8}],"seed_played":"-5410248366568611887","potions_obtained":[{"floor":2,"key":"Block Potion"},{"floor":5,"key":"Doom Potion"},{"floor":7,"key":"Ancient Potion"},{"floor":13,"key":"Explosive Potion"}],"is_trial":false,"path_per_floor":["M","M","?","M","M","R","E","R","T","M","M","$","M","M","R","B"],"character_chosen":"DEFECT","items_purchased":["Bird Faced Urn","Guide Book"],"campfire_rested":3,"item_purchase_floors":[12,12],"current_hp_per_floor":[39,39,11,11,10,31,11,32,32,24,16,16,7,7,28,0,0],"gold":161,"neow_bonus":"REMOVE_TWO","is_daily":false,"chose_seed":false,"campfire_upgraded":0,"win_rate":0.0,"timestamp":1613381119,"path_taken":["M","M","?","M","M","R","E","R","T","M","M","$","M","M","R","BOSS"],"items_purchased_type":["Relic","Relic"],"build_version":"2020-12-22","purchased_purges":0,"victory":false,"max_hp_per_floor":[71,71,71,71,71,71,71,71,71,71,71,71,71,71,71,71,71],"card_choices":[{"not_picked":["Cold Snap","Fusion"],"picked":"Sunder","floor":1},{"not_picked":["Panic Button","Rebound"],"picked":"Beam Cell","floor":2},{"not_picked":["Streamline","Stack"],"picked":"Reinforced Body","floor":3},{"not_picked":["Coolheaded","Steam"],"picked":"Streamline","floor":3},{"not_picked":["Steam","Gash"],"picked":"Stack","floor":4},{"not_picked":["Capacitor","Redo"],"picked":"White Noise","floor":5},{"not_picked":["Barrage","Steam"],"picked":"ReplayTheSpireMod:Omega Cannon","floor":7},{"not_picked":["Sweeping Beam","Beam Cell"],"picked":"Conserve Battery","floor":10},{"not_picked":["Barrage","Doom and Gloom"],"picked":"Ball Lightning","floor":11},{"not_picked":["Go for the Eyes","Ball Lightning"],"picked":"Fusion","floor":13},{"not_picked":["Doom and Gloom","ReplayTheSpireMod:Reroute Power"],"picked":"hubris:DoWhile","floor":14}],"player_experience":971218,"relics_obtained":[{"floor":3,"key":"Vajra"},{"floor":7,"key":"reliquary:Aerogel"},{"floor":9,"key":"hubris:BallOfYels"}],"event_choices":[],"is_beta":false,"boss_relics":[],"items_purged_floors":[],"is_endless":false,"potions_floor_spawned":[2,5,7,13],"killed_by":"The Guardian","ascension_level":15}}