{"host":"sxnl403xm2xmiyj1","time":1613378095,"event":{"mods":["AchievementEnabler","BaseMod","Colored Map","Keyboard Shortcuts","Minty Spire (QoL Compilation)","Quick Restart","StSLib","SuperFastMode"],"gold_per_floor":[113,263,263,278,24,24,55,55,55,55,71,71,91,125,125,125,125],"floor_reached":16,"language":"KOR","playtime":208,"items_purged":["Doubt"],"score":266,"play_id":"162b95da-f240-481b-8f44-0d0a5d48ff8d","local_time":"20210215173455","is_ascension_mode":true,"campfire_choices":[{"data":"Zap","floor":6,"key":"SMITH"},{"data":"Hyperbeam","floor":8,"key":"SMITH"},{"data":"FTL","floor":10,"key":"SMITH"},{"data":"Streamline","floor":12,"key":"SMITH"},{"data":"Hologram","floor":15,"key":"SMITH"}],"circlet_count":0,"master_deck":["AscendersBane","Strike_B","Strike_B","Strike_B","Strike_B","Defend_B","Defend_B","Defend_B","Defend_B","Zap+1","Dualcast","Cold Snap","BootSequence","Hyperbeam+1","Swift Strike","FTL+1","Streamline+1","Hologram+1","Meteor Strike"],"relics":["Cracked Core","NeowsBlessing","Matryoshka","Akabeko","InkBottle","Darkstone Periapt","DataDisk"],"acts_visited":["Exordium"],"potions_floor_usage":[13,16],"damage_taken":[{"damage":0,"enemies":"2 Louse","floor":1,"turns":1},{"damage":0,"enemies":"Small Slimes","floor":4,"turns":1},{"damage":0,"enemies":"Lagavulin","floor":7,"turns":2},{"damage":0,"enemies":"Jaw Worm","floor":11,"turns":1},{"damage":0,"enemies":"Exordium Thugs","floor":13,"turns":2},{"damage":14,"enemies":"Gremlin Nob","floor":14,"turns":3},{"damage":44,"enemies":"Hexaghost","floor":16,"turns":9}],"seed_played":"9133020377294156629","potions_obtained":[{"floor":4,"key":"Weak Potion"},{"floor":7,"key":"SteroidPotion"}],"is_trial":false,"path_per_floor":["M","?","?","M","$","R","E","R","T","R","M","R","M","E","R","B"],"character_chosen":"DEFECT","items_purchased":["Hyperbeam","Swift Strike"],"campfire_rested":0,"item_purchase_floors":[5,5],"current_hp_per_floor":[64,64,59,59,59,59,59,59,59,59,59,59,59,45,45,1,1],"gold":125,"neow_bonus":"THREE_ENEMY_KILL","is_daily":false,"chose_seed":false,"campfire_upgraded":5,"win_rate":0.0,"timestamp":1613378095,"path_taken":["M","?","?","M","$","R","E","R","T","R","M","R","M","E","R","BOSS"],"items_purchased_type":["Card","Card"],"build_version":"2020-12-22","purchased_purges":1,"victory":false,"max_hp_per_floor":[71,71,71,71,71,71,71,71,71,71,71,71,71,71,71,71,71],"card_choices":[{"not_picked":["Chaos","Leap"],"picked":"Cold Snap","floor":1},{"not_picked":["Consume","Redo"],"picked":"BootSequence","floor":4},{"not_picked":["Rebound","Self Repair"],"picked":"FTL","floor":7},{"not_picked":["Compile Driver","Conserve Battery"],"picked":"Streamline","floor":11},{"not_picked":["Barrage","Turbo"],"picked":"Hologram","floor":13},{"not_picked":["Conserve Battery","Capacitor"],"picked":"Meteor Strike","floor":14}],"player_experience":219091,"relics_obtained":[{"floor":7,"key":"Akabeko"},{"floor":9,"key":"InkBottle"},{"floor":9,"key":"Darkstone Periapt"},{"floor":14,"key":"DataDisk"}],"event_choices":[{"damage_healed":0,"gold_gain":150,"player_choice":"AGREE","damage_taken":0,"max_hp_gain":0,"max_hp_loss":0,"event_name":"Liars Game","floor":2,"gold_loss":0,"cards_obtained":["Doubt"]},{"damage_healed":0,"gold_gain":0,"player_choice":"Success","damage_taken":5,"relics_obtained":["Matryoshka"],"max_hp_gain":0,"max_hp_loss":0,"event_name":"Scrap Ooze","floor":3,"gold_loss":0}],"is_beta":false,"boss_relics":[],"items_purged_floors":[5],"is_endless":false,"potions_floor_spawned":[4,7,11],"killed_by":"Hexaghost","ascension_level":20}}