{"host":"u0qetpmu4y58k1tf","time":1613386945,"event":{"mods":["100% Spire Juice","AchievementEnabler","Act Like it!","BaseMod","CapriCore","Colored Map","Colored Powertips","Hermit","Koishi","Marisa£¨Ùöéë¡¡Øª×âÞÞ£©","Minty Spire (QoL Compilation)","Quick Restart","Reliquary","Replay The Spire","StSLib","Td1madao Mod","The Bug Knight","The Cursed","The Dragon Tamer","The Gatherer","The Hierophant","The Immortal","The Jungle","The Runesmith","WarShipGirlsR/??á´Ò³R mod"],"gold_per_floor":[115,115,115,0,15,15,58,333,333,364,539,539,539,558,558,558,558],"floor_reached":16,"language":"KOR","playtime":349,"items_purged":["Defend_B"],"score":170,"play_id":"08e68ff2-2f13-45cf-8dca-45f808b16967","local_time":"20210215200225","is_ascension_mode":true,"campfire_choices":[{"data":"Zap","floor":6,"key":"SMITH"},{"floor":13,"key":"REST"},{"floor":15,"key":"DIG"}],"circlet_count":0,"master_deck":["Strike_B","Strike_B","Strike_B","Defend_B","Defend_B","Defend_B","Zap+1","Dualcast","Defragment","Creative AI+1","Heatsinks","FIFO Queue","Consume"],"relics":["Cracked Core","NeowsBlessing","Golden Idol","Juzu Bracelet","Meat on the Bone","reliquary:Sideboard"],"acts_visited":["Exordium"],"potions_floor_usage":[16],"damage_taken":[{"damage":0,"enemies":"2 Louse","floor":1,"turns":1},{"damage":0,"enemies":"Small Slimes","floor":5,"turns":1},{"damage":0,"enemies":"Lagavulin","floor":7,"turns":2},{"damage":48,"enemies":"3 Sentries","floor":10,"turns":6},{"damage":6,"enemies":"Cultist","floor":14,"turns":4},{"damage":33,"enemies":"The Guardian","floor":16,"turns":6}],"seed_played":"436466935545372063","potions_obtained":[{"floor":1,"key":"SteroidPotion"},{"floor":10,"key":"Weak Potion"}],"is_trial":false,"path_per_floor":["M","?","?","$","M","R","E","?","T","E","?","?","R","M","R_BF","B"],"character_chosen":"DEFECT","items_purchased":["Heatsinks"],"campfire_rested":1,"item_purchase_floors":[4],"current_hp_per_floor":[68,68,50,50,50,50,50,50,50,2,2,2,24,30,30,0,0],"gold":558,"neow_bonus":"THREE_ENEMY_KILL","is_daily":false,"chose_seed":false,"campfire_upgraded":1,"win_rate":0.0,"timestamp":1613386945,"path_taken":["M","?","?","$","M","R","E","?","T","E","?","?","R","M","R_BF","BOSS"],"items_purchased_type":["Card"],"build_version":"2020-12-22","purchased_purges":1,"victory":false,"max_hp_per_floor":[75,75,75,75,75,75,75,75,75,75,75,75,75,75,75,75,75],"card_choices":[{"not_picked":["Sunder","Go for the Eyes"],"picked":"Defragment","floor":1},{"not_picked":["Stack","Turbo"],"picked":"FIFO Queue","floor":5},{"not_picked":["Hologram","ReplayTheSpireMod:Repulse","Melter"],"picked":"SKIP","floor":7},{"not_picked":["Genetic Algorithm","Barrage"],"picked":"Consume","floor":10},{"not_picked":["Panic Button","Stack","Ball Lightning"],"picked":"SKIP","floor":14}],"player_experience":154547,"relics_obtained":[{"floor":7,"key":"Juzu Bracelet"},{"floor":10,"key":"Meat on the Bone"},{"floor":15,"key":"reliquary:Sideboard"}],"event_choices":[{"damage_healed":0,"gold_gain":0,"player_choice":"Take Damage","damage_taken":18,"relics_obtained":["Golden Idol"],"max_hp_gain":0,"max_hp_loss":0,"event_name":"Golden Idol","floor":3,"gold_loss":0},{"damage_healed":0,"gold_gain":275,"player_choice":"Desecrate","damage_taken":0,"max_hp_gain":0,"max_hp_loss":0,"event_name":"Golden Shrine","floor":8,"gold_loss":0,"cards_obtained":["Regret"]},{"damage_healed":0,"gold_gain":175,"player_choice":"AGREE","damage_taken":0,"max_hp_gain":0,"max_hp_loss":0,"event_name":"Liars Game","floor":11,"gold_loss":0,"cards_obtained":["Doubt"]},{"cards_removed":["Doubt","Regret"],"damage_healed":0,"gold_gain":0,"player_choice":"Removed Curses","damage_taken":0,"max_hp_gain":0,"max_hp_loss":0,"event_name":"Fountain of Cleansing","floor":12,"gold_loss":0}],"is_beta":false,"boss_relics":[],"items_purged_floors":[4],"is_endless":false,"potions_floor_spawned":[1,10],"killed_by":"The Guardian","ascension_level":6}}