{"host":"q8o6l8eqnoevndy4","time":1613373866,"event":{"mods":["2.2 Compatiblity","AchievementEnabler","Act Like it!","AlwaysNeverKeys","Bard","BaseMod","Bestiary","Better Altar","Better Match","Better Note","Better Sensory Stone","Better Skull","Better Third Choice","Better Vampires","Better-Laid Plans","Booster Modes","Colored Map","Colored Powertips","Custom Start","Disable Question Mark Monsters","Displayed Cursed Tome","Friendly Minions","GifTheSpireLib","Hermit","Highlight Path","Infinite Spire","Keyboard Shortcuts","Minty Spire (QoL Compilation)","Permanent Neow","Quick Restart","Random Character Button","Random Character Mod","Rare Cards Sparkle","Relic Filter","Relic Sorter","Relic Stats","Reliquary","Reorder Act Four","Spicy Shops","Spire Arcade","StSLib","The Blackbeard","The Gatherer","Transform Curses","Virulent Crown"],"gold_per_floor":[116,116,68,88,103,129,129,129,65,65,65,81,81,102,145,160,160,160,290,290,305,31,31,31,47,47,47,85,85,85,98,98,98,137,137,155,155,175,175,175,306,369,390,59,59,72,86,130,130,230,230,230,230,18,32,53,74,87,87,87,87],"floor_reached":62,"language":"ENG","playtime":2727,"items_purged":["Bouncing Flask","Armaments+1"],"score":861,"play_id":"4b7e0836-d8cf-4d20-b9e5-2042571a1750","local_time":"20210215012426","daily_mods":["SealedDeck","Green Cards","Lethality"],"is_ascension_mode":false,"campfire_choices":[{"data":"Setup","floor":7,"key":"SMITH"},{"data":"Entrench","floor":13,"key":"SMITH"},{"data":"infinitespire:OneForAll","floor":17,"key":"SMITH"},{"data":"Burst","floor":18,"key":"SMITH"},{"data":"Envenom","floor":27,"key":"SMITH"},{"data":"Bane","floor":29,"key":"SMITH"},{"data":"Apotheosis","floor":35,"key":"SMITH"},{"data":"Bouncing Flask","floor":37,"key":"SMITH"},{"data":"Bouncing Flask","floor":39,"key":"SMITH"},{"floor":40,"key":"REST"},{"data":"Exhume","floor":49,"key":"SMITH"},{"data":"Cloak And Dagger","floor":51,"key":"SMITH"},{"data":"Limit Break","floor":60,"key":"SMITH"}],"circlet_count":0,"master_deck":["Burst+1","Entrench+1","Cloak And Dagger","Outmaneuver","Outmaneuver","infinitespire:OneForAll+1","Setup+1","Bouncing Flask+1","Bouncing Flask+1","Riddle With Holes+1","Cloak And Dagger+1","Cloak And Dagger","Whirlwind","Footwork+1","Envenom+1","Dagger Spray+1","Bane+1","Headbutt","Cloak And Dagger+1","Insight","Escape Plan","Apotheosis+1","Blade Dance","Exhume+1","Demon Form","Bane+1","PiercingWail+1","Sadistic Nature","Limit Break+1"],"relics":["Burning Blood","Ancient Tea Set","Golden Idol","Happy Flower","reliquary:TuningFork","Bag of Preparation","reliquary:BoilingFlask","Black Star","Torii","Whetstone","FossilizedHelix","infinitespire:FocusingShard","Blood Vial","Blue Candle","infinitespire:PuzzleCube","Tiny House","Strawberry","reliquary:JackalopeAntler","Smiling Mask","Eternal Feather","Thread and Needle"],"acts_visited":["Exordium","TheCity","TheBeyond"],"potions_floor_usage":[34,34,34,61,61,61],"damage_taken":[{"damage":19,"enemies":"2 Louse","floor":1,"turns":2},{"damage":9,"enemies":"Jaw Worm","floor":4,"turns":3},{"damage":0,"enemies":"Small Slimes","floor":5,"turns":3},{"damage":2,"enemies":"3 Sentries","floor":6,"turns":4},{"damage":0,"enemies":"Looter","floor":12,"turns":1},{"damage":0,"enemies":"Red Slaver","floor":14,"turns":1},{"damage":3,"enemies":"Gremlin Nob","floor":15,"turns":3},{"damage":3,"enemies":"Large Slime","floor":16,"turns":2},{"damage":4,"enemies":"Slime Boss","floor":19,"turns":4},{"damage":29,"enemies":"Shell Parasite","floor":21,"turns":3},{"damage":0,"enemies":"3 Byrds","floor":25,"turns":2},{"damage":21,"enemies":"Book of Stabbing","floor":28,"turns":3},{"damage":0,"enemies":"Snecko","floor":31,"turns":3},{"damage":44,"enemies":"Gremlin Leader","floor":34,"turns":5},{"damage":10,"enemies":"Snake Plant","floor":36,"turns":2},{"damage":9,"enemies":"Shelled Parasite and Fungi","floor":38,"turns":2},{"damage":11,"enemies":"Collector","floor":41,"turns":6},{"damage":10,"enemies":"3 Darklings","floor":43,"turns":3},{"damage":0,"enemies":"3 Shapes","floor":46,"turns":4},{"damage":0,"enemies":"Jaw Worm Horde","floor":47,"turns":3},{"damage":16,"enemies":"Giant Head","floor":48,"turns":5},{"damage":9,"enemies":"Spire Growth","floor":55,"turns":3},{"damage":12,"enemies":"3 Darklings","floor":56,"turns":3},{"damage":0,"enemies":"Writhing Mass","floor":57,"turns":3},{"damage":25,"enemies":"Spire Growth","floor":58,"turns":3},{"damage":85,"enemies":"infinitespire:MassOfShapes","floor":61,"turns":4}],"seed_played":"-6865403533295666167","potions_obtained":[{"floor":1,"key":"LiquidBronze"},{"floor":5,"key":"SmokeBomb"},{"floor":6,"key":"BloodPotion"},{"floor":19,"key":"Explosive Potion"},{"floor":31,"key":"Fire Potion"},{"floor":34,"key":"FearPotion"},{"floor":36,"key":"ElixirPotion"},{"floor":38,"key":"FearPotion"},{"floor":41,"key":"Fruit Juice"},{"floor":42,"key":"FearPotion"},{"floor":46,"key":"BloodPotion"}],"is_trial":true,"path_per_floor":["M","?","$","M","M","E","R","?","?","T","T","M","R","M","E","M","R","R","B",null,"M","$","?","AVR","M","?","R","E","R","?","M","T","T","E","R","M","R","M","R","R","B",null,"M","$","?","M","M","E","R","?","R","T","T","$","M","M","M","M","R","R","B",null],"character_chosen":"IRONCLAD","items_purchased":["Cloak And Dagger","Bane","Headbutt","Demon Form","AttackPotion","Strawberry","Sadistic Nature","PowerPotion"],"campfire_rested":1,"item_purchase_floors":[3,22,22,44,44,44,54,54],"current_hp_per_floor":[67,67,67,64,70,74,74,54,54,54,54,60,60,66,69,80,80,80,80,80,73,73,73,73,79,79,79,64,64,64,78,78,78,58,58,56,56,55,55,79,75,85,82,89,89,94,95,85,85,85,85,85,85,85,85,83,98,81,96,100,47],"gold":87,"neow_bonus":"","is_daily":false,"chose_seed":false,"campfire_upgraded":12,"win_rate":0.0,"timestamp":1613373866,"path_taken":["M","?","$","M","M","E","R","?","?","T","T","M","R","?","E","M","R","R","BOSS","M","$","?","AVR","?","?","R","E","R","?","M","T","T","E","R","M","R","M","R","R","BOSS","M","$","?","?","M","E","R","?","R","T","T","?","M","M","M","M","R","R","BOSS"],"items_purchased_type":["Card","Card","Card","Card","Potion","Relic","Card","Potion"],"build_version":"2020-12-22","purchased_purges":2,"victory":true,"max_hp_per_floor":[80,80,80,80,80,80,80,80,80,80,80,80,80,80,80,80,80,80,80,80,80,80,80,80,80,80,80,80,80,80,80,80,80,80,80,80,80,80,80,80,80,85,86,93,93,94,95,95,95,95,95,95,95,95,96,98,98,100,100,100,105],"relic_stats":{"Happy Flower":[22],"Torii":2,"counters":[26,80],"Golden Idol":174,"Blue Candle":[0],"Eternal Feather":19,"Bag of Preparation":[44],"Whetstone":["Dagger Spray","Riddle With Holes"],"Smiling Mask":0,"Burning Blood":142,"Blood Vial":15,"Black Star":3,"obtain_stats":[{"Tiny House":42,"Happy Flower":9,"Torii":24,"Golden Idol":8,"reliquary:BoilingFlask":15,"Blue Candle":34,"Eternal Feather":52,"Thread and Needle":53,"infinitespire:FocusingShard":32,"Bag of Preparation":11,"Whetstone":28,"Ancient Tea Set":6,"Smiling Mask":48,"Burning Blood":0,"Blood Vial":33,"reliquary:JackalopeAntler":48,"Strawberry":44,"reliquary:TuningFork":10,"Black Star":20,"FossilizedHelix":28,"infinitespire:PuzzleCube":34},{"Tiny House":17,"Happy Flower":4,"Torii":10,"Golden Idol":4,"reliquary:BoilingFlask":7,"Blue Candle":14,"Eternal Feather":21,"Thread and Needle":21,"infinitespire:FocusingShard":13,"Bag of Preparation":4,"Whetstone":12,"Ancient Tea Set":4,"Smiling Mask":21,"Burning Blood":0,"Blood Vial":13,"reliquary:JackalopeAntler":21,"Strawberry":18,"reliquary:TuningFork":4,"Black Star":9,"FossilizedHelix":12,"infinitespire:PuzzleCube":14},{"Tiny House":49,"Happy Flower":12,"Torii":26,"Golden Idol":12,"reliquary:BoilingFlask":17,"Blue Candle":39,"Eternal Feather":64,"Thread and Needle":64,"infinitespire:FocusingShard":34,"Bag of Preparation":12,"Whetstone":31,"Ancient Tea Set":12,"Smiling Mask":64,"Burning Blood":0,"Blood Vial":34,"reliquary:JackalopeAntler":64,"Strawberry":52,"reliquary:TuningFork":12,"Black Star":23,"FossilizedHelix":31,"infinitespire:PuzzleCube":39}]},"card_choices":[{"not_picked":["Quick Slash","Evolve"],"picked":"Armaments","floor":1},{"not_picked":["Combust","Shockwave"],"picked":"Cloak And Dagger","floor":4},{"not_picked":["Dropkick","Glass Knife"],"picked":"Whirlwind","floor":5},{"not_picked":["Poisoned Stab","Shrug It Off","Rampage"],"picked":"SKIP","floor":6},{"not_picked":["Armaments","Heavy Blade"],"picked":"Bouncing Flask","floor":12},{"not_picked":["Flex","Cloak And Dagger"],"picked":"Footwork","floor":14},{"not_picked":["Burst","Fire Breathing","Whirlwind"],"picked":"SKIP","floor":15},{"not_picked":["Backflip","Deadly Poison","Flying Knee"],"picked":"SKIP","floor":16},{"not_picked":["Bullet Time","Impervious"],"picked":"Envenom","floor":19},{"not_picked":["Flex+1","Underhanded Strike+1"],"picked":"Dagger Spray","floor":21},{"not_picked":["Shrug It Off","Iron Wave"],"picked":"Cloak And Dagger+1","floor":25},{"not_picked":["Fiend Fire","Acrobatics"],"picked":"Escape Plan","floor":28},{"not_picked":["Magnetism","Panacea"],"picked":"Apotheosis","floor":30},{"not_picked":["Pommel Strike","Wild Strike+1","Rupture"],"picked":"SKIP","floor":31},{"not_picked":["Pummel","Dagger Throw"],"picked":"Blade Dance","floor":34},{"not_picked":["Infinite Blades","Setup","Blade Dance"],"picked":"SKIP","floor":36},{"not_picked":["Spot Weakness+1","Pommel Strike","Tactician"],"picked":"SKIP","floor":38},{"not_picked":["Brutality","Glass Knife"],"picked":"Exhume","floor":41},{"not_picked":["Cloak And Dagger+1","Armaments","Sword Boomerang"],"picked":"SKIP","floor":43},{"not_picked":["Uppercut+1","Cleave"],"picked":"Bane+1","floor":46},{"not_picked":["Poisoned Stab+1","Spot Weakness+1"],"picked":"PiercingWail+1","floor":47},{"not_picked":["Pummel","Heel Hook","Warcry"],"picked":"SKIP","floor":48},{"not_picked":["Armaments+1","Perfected Strike","Clothesline"],"picked":"SKIP","floor":55},{"not_picked":["Ghostly Armor","Intimidate","Perfected Strike+1"],"picked":"SKIP","floor":56},{"not_picked":["Evolve","Armaments","Hemokinesis+1"],"picked":"SKIP","floor":57},{"not_picked":["Whirlwind","Deadly Poison"],"picked":"Limit Break","floor":58}],"player_experience":1162879,"relics_obtained":[{"floor":6,"key":"Ancient Tea Set"},{"floor":10,"key":"reliquary:TuningFork"},{"floor":11,"key":"Bag of Preparation"},{"floor":15,"key":"reliquary:BoilingFlask"},{"floor":28,"key":"Whetstone"},{"floor":28,"key":"FossilizedHelix"},{"floor":32,"key":"infinitespire:FocusingShard"},{"floor":33,"key":"Blood Vial"},{"floor":34,"key":"Blue Candle"},{"floor":34,"key":"infinitespire:PuzzleCube"},{"floor":48,"key":"reliquary:JackalopeAntler"},{"floor":48,"key":"Smiling Mask"},{"floor":52,"key":"Eternal Feather"},{"floor":53,"key":"Thread and Needle"}],"event_choices":[{"damage_healed":0,"gold_gain":0,"player_choice":"Take Damage","damage_taken":20,"relics_obtained":["Golden Idol"],"max_hp_gain":0,"max_hp_loss":0,"event_name":"Golden Idol","floor":8,"gold_loss":0},{"damage_healed":0,"gold_gain":0,"player_choice":"Paid Gold","damage_taken":0,"relics_obtained":["Happy Flower"],"max_hp_gain":0,"max_hp_loss":0,"event_name":"WeMeetAgain","floor":9,"gold_loss":64},{"damage_healed":0,"gold_gain":0,"player_choice":"Ignored","damage_taken":0,"max_hp_gain":0,"max_hp_loss":0,"event_name":"betterNote:BetterNote","floor":23,"gold_loss":0,"cards_obtained":["hermit:GoldenBullet"]},{"damage_healed":0,"gold_gain":0,"player_choice":"Insight","damage_taken":0,"max_hp_gain":0,"max_hp_loss":0,"event_name":"betterThird:BetterWriting","floor":26,"gold_loss":0,"cards_obtained":["Insight"]},{"damage_healed":0,"gold_gain":2,"player_choice":"1","damage_taken":0,"max_hp_gain":0,"max_hp_loss":0,"event_name":"betterStone:BetterStone","floor":30,"gold_loss":0},{"damage_healed":0,"gold_gain":0,"player_choice":"Got Potions","damage_taken":0,"max_hp_gain":0,"max_hp_loss":0,"event_name":"Lab","floor":45,"gold_loss":0},{"damage_healed":0,"gold_gain":100,"player_choice":"Pray","damage_taken":0,"max_hp_gain":0,"max_hp_loss":0,"event_name":"Golden Shrine","floor":50,"gold_loss":0}],"is_beta":false,"boss_relics":[{"not_picked":["Runic Cube","Cursed Key"],"picked":"Black Star"},{"not_picked":["Calling Bell","SacredBark"],"picked":"Tiny House"}],"items_purged_floors":[22,22],"is_endless":false,"potions_floor_spawned":[1,5,6,19,31,34,36,38,41,46,56],"ascension_level":0}}