{"host":"bz6w3lfmpwgz81o3","time":1613411844,"event":{"mods":["BaseMod","Downfall","Hermit","Minty Spire (QoL Compilation)","StSLib"],"gold_per_floor":[117,135,152,4,23,34,69,69,69,69,69,69,69,96,96,193,193,212,212,224,235,252,252,287,287,287,287,614,614,614,359,359,457,457,468,479,493,506,525,556,556,583,609,664,681,301,301,69,69,69],"floor_reached":51,"language":"ENG","playtime":4313,"items_purged":["Strike_B","Strike_B+1","Dualcast"],"score":755,"play_id":"ae68434f-3c22-4fdb-9c41-6010526ef53f","local_time":"20210215185724","is_ascension_mode":false,"campfire_choices":[{"floor":8,"key":"REST"},{"floor":13,"key":"REST"},{"data":"Defragment","floor":15,"key":"SMITH"},{"data":"Consume","floor":23,"key":"SMITH"},{"data":"Electrodynamics","floor":27,"key":"SMITH"},{"floor":29,"key":"REST"},{"floor":32,"key":"REST"},{"floor":41,"key":"REST"},{"floor":47,"key":"REST"},{"floor":49,"key":"REST"}],"circlet_count":0,"master_deck":["Defend_B","Defend_B","Defend_B","Defend_B","Zap","Thunder Strike+1","Ball Lightning","Tempest","Consume+1","Electrodynamics+1","Defragment+1","Ball Lightning","Electrodynamics","Force Field+1","Hologram","Force Field","Double Energy","Biased Cognition","Static Discharge+1","Coolheaded+1","Hologram","Biased Cognition","Auto Shields"],"relics":["Cracked Core","Ice Cream","Whetstone","Bag of Marbles","Snecko Eye","Bottled Flame","Matryoshka","Old Coin","ClockworkSouvenir","sneckomod:SneckoTalon","sneckomod:BlankCard","hexamod:Sixitude","Ancient Tea Set","Bronze Scales","FossilizedHelix","Pear","Orrery"],"acts_visited":["Exordium","TheCity","TheBeyond"],"potions_floor_usage":[7,14,14,24,24,37,44,45,50,50],"damage_taken":[{"damage":6,"enemies":"Cultist","floor":1,"turns":3},{"damage":0,"enemies":"2 Louse","floor":2,"turns":2},{"damage":6,"enemies":"Jaw Worm","floor":3,"turns":2},{"damage":9,"enemies":"Blue Slaver","floor":5,"turns":3},{"damage":1,"enemies":"3 Louse","floor":6,"turns":2},{"damage":19,"enemies":"Lagavulin","floor":7,"turns":5},{"damage":9,"enemies":"3 Sentries","floor":14,"turns":2},{"damage":25,"enemies":"The Guardian","floor":16,"turns":7},{"damage":10,"enemies":"2 Thieves","floor":18,"turns":2},{"damage":0,"enemies":"3 Byrds","floor":20,"turns":1},{"damage":0,"enemies":"Snecko","floor":21,"turns":3},{"damage":0,"enemies":"Shelled Parasite and Fungi","floor":22,"turns":1},{"damage":12,"enemies":"Book of Stabbing","floor":24,"turns":3},{"damage":18,"enemies":"Gremlin Leader","floor":28,"turns":4},{"damage":49,"enemies":"Champ","floor":33,"turns":8},{"damage":9,"enemies":"3 Shapes","floor":35,"turns":2},{"damage":13,"enemies":"3 Darklings","floor":36,"turns":3},{"damage":10,"enemies":"Maw","floor":37,"turns":6},{"damage":6,"enemies":"Spire Growth","floor":38,"turns":4},{"damage":5,"enemies":"4 Shapes","floor":39,"turns":2},{"damage":5,"enemies":"Reptomancer","floor":40,"turns":3},{"damage":1,"enemies":"Giant Head","floor":42,"turns":5},{"damage":44,"enemies":"2 Orb Walkers","floor":44,"turns":3},{"damage":10,"enemies":"Jaw Worm Horde","floor":45,"turns":2},{"damage":7,"enemies":"Time Eater","floor":50,"turns":9}],"seed_played":"-5265514447215301910","potions_obtained":[{"floor":3,"key":"SpeedPotion"},{"floor":5,"key":"Energy Potion"},{"floor":6,"key":"EssenceOfSteel"},{"floor":7,"key":"AttackPotion"},{"floor":14,"key":"Ancient Potion"},{"floor":16,"key":"sneckomod:MuddlingPotion"},{"floor":21,"key":"Weak Potion"},{"floor":24,"key":"bronze:BurnAndBuffPotion"},{"floor":28,"key":"Block Potion"},{"floor":37,"key":"LiquidMemories"},{"floor":39,"key":"FairyPotion"},{"floor":44,"key":"Swift Potion"},{"floor":45,"key":"Weak Potion"}],"is_trial":false,"path_per_floor":["M","M","M","$","M","M","E","R","T","$","?","?","R","E","R","B",null,"M","?","M","M","M","R","E","?","T","R","E","R","?","$","R","B",null,"M","M","M","M","M","E","R","E","T","?","M","$","R","$","R","B",null],"character_chosen":"DEFECT","items_purchased":["Electrodynamics","ClockworkSouvenir","Pear","Orrery","Auto Shields"],"campfire_rested":7,"item_purchase_floors":[4,31,46,48,48],"current_hp_per_floor":[48,48,42,42,33,32,13,35,35,35,35,28,50,41,41,16,75,65,51,51,51,51,51,39,39,39,39,21,45,45,45,69,20,80,71,58,48,42,37,32,56,55,55,11,1,11,38,38,65,58],"gold":69,"neow_bonus":"THREE_RARE_CARDS","is_daily":false,"chose_seed":false,"campfire_upgraded":3,"win_rate":0.0,"timestamp":1613411844,"path_taken":["M","M","M","$","M","?","E","R","T","$","?","?","R","E","R","BOSS","M","?","M","M","M","R","E","?","T","R","E","R","?","$","R","BOSS","M","M","M","M","M","E","R","E","T","?","M","$","R","$","R","BOSS"],"items_purchased_type":["Card","Relic","Relic","Relic","Card"],"build_version":"2020-12-22","purchased_purges":3,"victory":true,"max_hp_per_floor":[75,75,75,75,75,75,75,75,75,75,75,75,75,75,75,75,75,75,80,80,80,80,80,80,80,80,80,80,80,80,80,80,80,80,80,80,80,80,80,80,80,80,80,80,80,90,90,90,90,90],"card_choices":[{"not_picked":["Amplify","Biased Cognition"],"picked":"Thunder Strike","floor":0},{"not_picked":["Hologram","Beam Cell"],"picked":"Ball Lightning","floor":1},{"not_picked":["Rip and Tear","Steam"],"picked":"Tempest","floor":2},{"not_picked":["Genetic Algorithm","Rebound"],"picked":"Consume","floor":3},{"not_picked":["Skim","Leap","Aggregate"],"picked":"SKIP","floor":5},{"not_picked":["Tempest","Cold Snap","Beam Cell"],"picked":"SKIP","floor":6},{"not_picked":["Machine Learning","Genetic Algorithm"],"picked":"Defragment","floor":7},{"not_picked":["Rip and Tear","Doom and Gloom"],"picked":"Ball Lightning","floor":14},{"not_picked":["Machine Learning","Echo Form"],"picked":"Electrodynamics","floor":16},{"not_picked":["Aggregate","Conserve Battery","Ball Lightning"],"picked":"SKIP","floor":18},{"not_picked":["Beam Cell","Cold Snap+1"],"picked":"Force Field+1","floor":20},{"not_picked":["Cold Snap","Steam","Loop"],"picked":"SKIP","floor":21},{"not_picked":["Rebound+1","Creative AI"],"picked":"Hologram","floor":22},{"not_picked":["Blizzard","Steam+1"],"picked":"Force Field","floor":24},{"not_picked":["Steam+1","Go for the Eyes+1"],"picked":"Double Energy","floor":28},{"not_picked":["Reboot","Electrodynamics"],"picked":"Biased Cognition","floor":33},{"not_picked":["Streamline","Go for the Eyes+1","Steam"],"picked":"SKIP","floor":35},{"not_picked":["Ball Lightning+1","Rebound+1","Steam Power+1"],"picked":"SKIP","floor":36},{"not_picked":["Multi-Cast","Fusion+1"],"picked":"Static Discharge+1","floor":37},{"not_picked":["Stack","Scrape+1","Steam"],"picked":"SKIP","floor":38},{"not_picked":["Ball Lightning","Sweeping Beam+1","BootSequence"],"picked":"SKIP","floor":39},{"not_picked":["Storm","BootSequence"],"picked":"Coolheaded+1","floor":40},{"not_picked":["Conserve Battery","Gash+1"],"picked":"Hologram","floor":42},{"not_picked":["Rebound","Steam+1","Stack+1"],"picked":"SKIP","floor":45},{"not_picked":["Go for the Eyes","Stack"],"picked":"Biased Cognition","floor":48}],"player_experience":49314,"relics_obtained":[{"floor":7,"key":"Ice Cream"},{"floor":9,"key":"Whetstone"},{"floor":14,"key":"Bag of Marbles"},{"floor":24,"key":"Bottled Flame"},{"floor":26,"key":"Matryoshka"},{"floor":28,"key":"Old Coin"},{"floor":40,"key":"sneckomod:BlankCard"},{"floor":42,"key":"hexamod:Sixitude"},{"floor":43,"key":"Ancient Tea Set"},{"floor":43,"key":"Bronze Scales"},{"floor":44,"key":"FossilizedHelix"}],"event_choices":[{"damage_healed":0,"gold_gain":0,"player_choice":"Fled","damage_taken":0,"max_hp_gain":0,"max_hp_loss":0,"event_name":"Scrap Ooze","floor":11,"gold_loss":0},{"cards_removed":["Strike_B"],"damage_healed":0,"gold_gain":0,"player_choice":"Card Removal","damage_taken":7,"max_hp_gain":0,"max_hp_loss":0,"event_name":"Golden Wing","floor":12,"gold_loss":0},{"damage_healed":0,"gold_gain":0,"player_choice":"Shed Blood","damage_taken":19,"max_hp_gain":5,"max_hp_loss":0,"event_name":"Forgotten Altar","floor":19,"gold_loss":0},{"cards_removed":["Strike_B"],"damage_healed":0,"gold_gain":0,"player_choice":"Elegance","damage_taken":0,"max_hp_gain":0,"max_hp_loss":0,"event_name":"Back to Basics","floor":25,"gold_loss":0},{"damage_healed":0,"gold_gain":0,"player_choice":"Ignored","damage_taken":0,"max_hp_gain":0,"max_hp_loss":0,"event_name":"The Mausoleum","floor":30,"gold_loss":0},{"damage_healed":0,"gold_gain":0,"player_choice":"Fight","damage_taken":0,"max_hp_gain":0,"max_hp_loss":0,"event_name":"Mysterious Sphere","floor":44,"gold_loss":0}],"is_beta":false,"boss_relics":[{"not_picked":["Runic Dome","Black Star"],"picked":"Snecko Eye"},{"not_picked":["Astrolabe","Runic Pyramid"],"picked":"sneckomod:SneckoTalon"}],"items_purged_floors":[4,31,46],"is_endless":false,"potions_floor_spawned":[3,5,6,7,14,16,21,24,28,36,37,39,44,45],"ascension_level":0}}